3534 5384
730 425 779 469 ux.
804 411 894 481 less
916 426 960 478 sc.
1458 410 1513 470 163

182 561 333 630 sanantis
352 566 386 626 et
404 559 628 641 consolantis,
646 580 794 648 quorum
814 558 1006 625 observatio
1030 556 1130 648 panis
1148 557 1192 623 sit
1214 558 1349 625 animae
1364 560 1396 625 et
1414 564 1516 647 potus

185 668 344 737 salutaris
363 671 468 752 (Deut.
486 669 569 754 8,3).

229 799 262 843 v.
279 781 322 841 22
341 801 357 836 c
382 771 473 839 Tulit
487 784 600 839 cartem
622 799 656 852 o,
677 793 736 837 seu
751 771 840 858 ferit
850 770 1043 860 proficisci,
1064 799 1079 831 α
1099 774 1233 861 Moyses
1245 770 1354 837 lsrael
1370 770 1411 837 de
1426 774 1517 839 Mari

187 885 314 967 Histro,
331 893 363 947 et
377 879 505 969 epressi
517 891 595 945 aum
612 877 649 942 io
667 878 837 944 ‹lesertum
851 878 920 944 Sur
943 904 957 936 »
975 878 1032 966 (ci.
1052 880 1133 945 Gen.
1162 884 1256 959 16,7;
1282 883 1377 959 20,1;
1395 885 1514 961 25,18;

190 995 220 1057 1.
235 994 321 1074 Reg.
346 992 443 1068 15,7;
461 986 573 1073 m),
589 983 684 1073 quod
698 983 791 1051 idem
805 988 905 1051 Num.
923 989 1002 1063 33,8
1022 990 1164 1051 vocatur
1183 982 1356 1050 desertum
1378 986 1514 1065 Etham,

185 1117 207 1161 a
230 1092 348 1162 Chald.
366 1092 538 1160 desertum
558 1107 638 1157 auru
658 1090 669 1180 l
688 1122 730 1147 =
755 1090 863 1157 Bered
879 1094 961 1155 Gen.
989 1090 1123 1178 mat),
1141 1112 1162 1157 a
1180 1092 1236 1157 Ps.
1252 1092 1327 1157 loo.
1345 1089 1518 1159 desertum

187 1190 300 1274 umba,
315 1198 408 1288 quod
421 1197 489 1264 loci
500 1219 628 1265 nomen
641 1198 854 1284 ignoramus.
870 1201 924 1263 Sc.
940 1195 1109 1263 eiusmodi
1121 1196 1255 1263 deserta
1268 1196 1413 1263 nomina
1429 1198 1518 1265 acci-

187 1307 330 1397 piebant
353 1327 375 1372 a
396 1304 500 1371 variis
522 1302 667 1371 urbibus
689 1304 744 1370 vel
766 1303 865 1386 loeis,
881 1325 969 1392 quae
989 1302 1163 1370 desertum
1182 1302 1270 1372 illud
1289 1303 1516 1390 attingebant.

188 1419 225 1480 ln
256 1418 406 1480 extrema
432 1432 537 1501 porro
565 1410 640 1477 eius
666 1409 793 1477 deserti
821 1409 1000 1477 meridiem
1032 1431 1148 1477 versus
1173 1415 1272 1499 parte
1298 1409 1402 1479 situm
1428 1410 1519 1478 vide-

189 1525 246 1586 tur
257 1518 363 1600 Elim,
387 1517 478 1585 ultra
497 1538 600 1606 quem
624 1516 739 1582 locum
763 1523 839 1601 16‚1
862 1514 1051 1604 incipiebat
1074 1515 1246 1583 desertum
1263 1517 1333 1583 Sin.
1352 1520 1417 1583 Sur
1438 1540 1519 1585 vero

114 1614 119 1622 ’
188 1624 336 1712 intelligi
357 1645 496 1691 murum
513 1646 534 1689 a
555 1621 789 1690 pharaonibus
804 1626 1013 1689 exstructum
1033 1622 1077 1688 ad
1096 1622 1262 1691 nomadas
1282 1624 1379 1691 Asiae
1400 1646 1519 1691 areen-

189 1732 265 1814 dos,
288 1731 486 1798 dicebamus
506 1729 551 1796 ad
571 1734 652 1798 Gen.
675 1735 766 1810 16,7.
793 1755 809 1789 «
829 1728 1170 1817 [immolaveruntque
1195 1728 1301 1795 tribus
1321 1728 1439 1797 (liebus
1456 1753 1521 1820 per

187 1837 422 1920 solitudinem,
447 1850 481 1902 et
503 1858 574 1902 noo
595 1835 813 1903 inveniebam
834 1856 964 1920 equum
987 1861 1018 1900 o.
1047 1838 1114 1901 lter
1131 1835 1286 1902 iecerunt
1307 1858 1348 1902 ea
1368 1836 1517 1919 ratione,

187 1966 257 2035 qua
274 1943 348 2010 fieri
364 1942 542 2010 consuevit
559 1943 595 2008 in
616 1941 766 2023 deserto,
786 1942 999 2031 quiescentes
1023 1945 1191 2030 quantum
1213 1942 1397 2009 hominum
1415 1964 1519 2032 peco-

189 2072 335 2140 rumque
363 2049 451 2117 vires
474 2048 712 2137 requirebant,
741 2070 852 2137 neque
880 2048 1088 2114 invenerunt
1113 2047 1180 2115 nisi
1208 2048 1350 2115 fortasse
1380 2048 1520 2135 exiguos

189 2157 322 2247 aliquos
335 2156 463 2239 fontes,
484 2157 544 2245 qui
564 2160 616 2221 tot
633 2155 822 2222 viatoribus
838 2154 1034 2221 reficiendis
1053 2176 1277 2245 nequaquam
1296 2161 1405 2222 essent
1425 2158 1536 2222 satis.-

191 2268 340 2332 Fcrtasse
354 2260 487 2351 aliquid
500 2283 610 2352 aquae
620 2282 735 2328 secum
750 2262 914 2329 tulerant.
931 2264 1007 2328 Tres
1019 2258 1092 2327 dies
1106 2266 1432 2342 commemorantur,
1450 2284 1520 2329 non

191 2375 229 2436 ut
246 2375 442 2458 temporum
459 2369 645 2451 rationem,
664 2365 724 2434 sed
743 2372 782 2432 ut
805 2367 876 2434 sitis
895 2366 1175 2454 magnitudinem
1192 2366 1408 2436 edoceamur.
1427 2392 1460 2437 v.
1478 2375 1520 2437 23

193 2504 209 2537 c
236 2478 281 2543 Et
297 2486 460 2542 venerem!
474 2473 513 2540 in
531 2478 649 2555 Mora,
671 2496 733 2539 orec
745 2486 905 2563 poterant
926 2474 1037 2540 bibere
1052 2496 1161 2562 cqrccc
1181 2472 1222 2540 de
1241 2477 1340 2541 Mam
1348 2528 1358 2559 ,
1376 2498 1413 2541 rc
1428 2475 1523 2566 quod

190 2595 298 2650 essem
318 2601 478 2665 ornarem·
501 2579 591 2647 recede
612 2583 655 2670 [et
674 2603 865 2670 ecnqrzcum
880 2579 965 2666 loco]
986 2602 1109 2646 laomen
1125 2579 1288 2671 imposuit
1309 2608 1347 2662 a,
1370 2604 1442 2648 ncn
1461 2606 1522 2651 ne-

191 2689 335 2758 cessario
353 2694 480 2776 Moyses
501 2687 560 2754 sed
583 2686 724 2777 aliquis,
749 2708 855 2776 quare
871 2686 986 2776 potuit
1005 2686 1075 2754 iam
1094 2694 1195 2754 antea
1214 2686 1290 2753 locc
1310 2710 1434 2754 nomen
1450 2712 1519 2755 esse

189 2801 295 2876 llara;
314 2822 330 2856 «
344 2801 479 2876 [vocans
493 2792 607 2882 illum]
622 2796 738 2879 Mara,
756 2792 793 2880 [i.
808 2817 837 2860 e.
855 2792 1139 2881 occultandorum]
1155 2821 1186 2861 o.
1206 2794 1340 2861 Itineris
1350 2795 1519 2861 Hebraeo-

189 2924 267 2969 rum
285 2900 447 2969 staticnes
462 2901 578 2990 plures
598 2899 735 2967 definiri
756 2899 811 2965 vix
831 2904 980 2990 possunt.
996 2899 1179 2967 Nominum
1197 2899 1418 2989 antiquorum
1440 2923 1517 2967 cum

189 3007 365 3076 hodiernis
378 3006 585 3097 quibusdam
600 3005 798 3074 nominibus
812 3006 1055 3075 consonantiae
1070 3004 1261 3095 deceptioni
1275 3011 1406 3096 patent.
1425 3006 1517 3084 Quod

189 3115 301 3183 tonus
314 3113 456 3204 quidam
472 3118 594 3183 tenues
612 3113 714 3179 hodie
730 3115 890 3179 emittant
907 3135 1030 3202 aquas,
1052 3112 1122 3179 imo
1137 3112 1319 3179 videantur
1334 3134 1403 3181 esse
1417 3136 1517 3202 pror-

189 3244 247 3289 sus
269 3220 442 3302 exsiccati,
466 3242 536 3286 non
561 3219 665 3290 elficit
689 3241 748 3286 ecs
768 3221 885 3306 tloysis
911 3242 995 3287 aevo
1019 3218 1117 3309 aquis
1141 3241 1213 3285 non
1237 3218 1440 3287 abundasse.
1462 3222 1520 3287 Vel

189 3349 282 3395 nunc
297 3328 391 3394 varia
406 3326 443 3393 in
460 3325 667 3415 quibusdam
688 3330 739 3392 est
759 3324 859 3416 copia
879 3346 1048 3415 aquarum
1067 3326 1171 3393 variis
1189 3326 1273 3393 anni
1292 3327 1515 3416 temporibus.

189 3438 312 3521 Estque
335 3432 416 3501 satis
439 3430 636 3521 probabile,
657 3435 765 3503 totam
783 3430 881 3499 illam
904 3432 994 3499 inter
1013 3432 1304 3515 Chanaanitiden,
1324 3439 1518 3524 Aegyptum

190 3546 225 3605 et
241 3538 433 3606 Sinaitiden
453 3538 630 3625 regionem
645 3537 835 3627 antiquitus
852 3536 955 3605 luisse
977 3538 1090 3606 minus
1107 3539 1240 3607 aridam
1259 3538 1441 3629 minusque
1456 3546 1519 3608 ste-

191 3646 318 3713 rilem:
347 3645 499 3712 sedium
525 3643 650 3712 deserti
670 3666 795 3713 arenae
815 3644 931 3712 omnia
955 3646 1108 3735 opplent.
1133 3650 1231 3713 Notat
1254 3648 1358 3713 Eberc
1382 3669 1416 3736 p.
1441 3654 1516 3730 120,

190 3750 358 3818 Beduinas
372 3751 583 3818 consuevisse
600 3751 742 3819 arbores
753 3743 790 3820 in
806 3751 947 3820 casibus
964 3750 1118 3819 excidere
1135 3753 1347 3841 procurandi
1361 3754 1518 3821 carbonis

189 3857 318 3943 gralia;
336 3880 406 3947 qua
425 3858 557 3923 ratione
571 3856 660 3923 aliae
681 3857 852 3946 quaedam
870 3857 1029 3944 regiones
1043 3857 1219 3947 quondam
1238 3858 1463 3947 fertilissimae
1481 3862 1518 3927 in

190 3963 322 4031 deserta
339 3969 420 4029 sunt
434 3968 595 4031 mutatae.
608 3969 714 4030 Porro
725 3965 825 4030 Mara
841 3968 874 4030 et
887 3963 982 4031 Elim
996 3968 1150 4031 auctores
1163 3964 1267 4033 variis
1281 3966 1364 4032 locis
1376 3966 1518 4032 demon-

190 4075 314 4151 strant,
330 4075 434 4160 prout
446 4070 578 4150 varium
591 4069 823 4138 Hebraeorum
835 4077 1037 4171 transmare
1056 4070 1122 4138 iter
1135 4070 1396 4162 descripserunt.
1417 4072 1519 4139 Nobis

190 4177 311 4242 ceteris
322 4176 433 4264 magis
445 4175 575 4243 arridet
588 4176 755 4243 sententia
769 4176 909 4266 Hitziq,
924 4183 1012 4246 tlara
1027 4177 1120 4245 idem
1134 4194 1204 4245 esse
1217 4185 1320 4268 atque
1338 4179 1411 4245 ‘Ain
1424 4184 1451 4246 N
1453 4180 1520 4247 aba

189 4282 245 4348 vel
265 4281 340 4348 'Ain
355 4283 387 4349 el
402 4282 600 4372 Gharqade,
616 4284 711 4372 qucd
725 4283 835 4351 tribus
848 4283 941 4351 horis
958 4283 1094 4351 distata
1109 4289 1194 4352 Suez
1209 4284 1390 4353 meridiem
1405 4309 1521 4355 versus

191 4388 362 4478 habetque
380 4390 509 4456 sontem
534 4389 866 4457 abundantissimum
890 4412 1000 4479 aquae
1020 4391 1140 4460 salsae.
1165 4392 1216 4458 Ab
1239 4392 1392 4460 hocloco
1412 4394 1520 4462 horae

190 4494 313 4561 itinere
327 4494 505 4561 meridiem
531 4516 647 4562 versus
667 4495 762 4563 abest
781 4496 855 4563 ‘Ain
873 4502 963 4564 llusa
987 4498 1085 4587 (Fons
1103 4498 1251 4587 Moysis),
1273 4500 1360 4566 casis
1383 4500 1517 4583 fertilis,

193 4599 254 4667 ubi
274 4601 391 4690 plures
413 4608 491 4667 sunt
513 4602 620 4669 lcntes
639 4625 748 4692 aquae
773 4626 895 4693 parum
915 4605 1153 4673 tantummodo
1177 4606 1256 4673 salis
1278 4606 1445 4673 habentis.
1469 4608 1516 4673 Cf.

193 4710 297 4775 Ebers
310 4730 347 4798 p.
365 4713 408 4774 68
419 4730 494 4797 sqq.
511 4708 656 4776 Omnino
669 4708 873 4777 crediderim
895 4712 968 4777 ‘hin
980 4716 1070 4777 llusa
1086 4712 1287 4781 alterutrum
1303 4736 1371 4781 esse
1391 4713 1518 4793 locum,

194 4818 254 4881 aut
272 4818 397 4881 llaram
408 4819 468 4883 aut
482 4814 582 4883 Elim.
596 4818 642 4883 Ne
656 4838 737 4883 vero
753 4837 832 4882 cum
849 4814 957 4881 Calm.
979 4822 1103 4884 tlaram
1118 4820 1359 4886 constituamus
1378 4848 1392 4879 o
1408 4819 1521 4886 medic
