3534 5384
226 401 285 458 {at
717 412 756 456 ex
778 411 914 457 incurro
936 412 968 455 ru
990 411 1081 455 sium.

146 547 157 563 '
225 555 277 615 tor
297 552 330 615 et
350 547 522 633 refugium
543 546 652 612 factus
671 550 721 612 est
741 546 827 612 mihi
841 547 879 612 in
894 544 1052 612 salutem.
1077 544 1254 611 Fortitudo
1278 542 1398 634 populi
1415 545 1557 612 hebraei

225 660 274 722 est
289 655 403 736 labve,
420 652 502 742 quia
523 644 602 741 ipso
615 652 841 741 potissimum,
857 652 1035 741 multoque
1055 650 1166 738 magis
1183 672 1285 741 quam
1306 650 1439 717 viribus
1457 658 1558 718 natu-

226 761 370 840 ralibus,
389 758 596 825 roborantur
618 782 625 826 :
642 758 701 825 sed
716 758 753 824 in
770 758 918 825 transitu
935 750 1032 825 llaris
1051 757 1159 824 Rubri
1175 759 1240 825 fuit
1256 758 1357 825 lahve
1376 763 1449 825 tota
1467 758 1559 848 ipso-

226 888 303 934 rum
319 864 498 945 fortitudo,
511 886 590 931 cum
600 864 667 954 ipsi
677 864 809 931 viribus
817 864 1035 932 naturalibus
1047 862 1289 931 nihilomnino
1303 863 1347 931 ad
1358 866 1555 955 portentum

222 972 442 1040 contulerint.
460 970 545 1049 Quia
563 993 645 1060 vero
666 971 731 1038 hae
751 971 884 1037 ratione
904 972 1008 1039 lahve
1028 974 1078 1038 est
1094 970 1275 1050 fortitudo,
1299 969 1374 1037 ideo
1394 971 1488 1037 idem
1509 976 1558 1039 est

223 1079 298 1146 tores
309 1100 370 1145 seu
385 1078 556 1144 canticum
567 1076 716 1167 (Heba),
737 1078 831 1166 quod
845 1077 1009 1145 scribitur
1021 1099 1084 1168 per
1101 1076 1344 1165 synecdochen
1357 1098 1420 1166 pro
1436 1077 1558 1145 cantici

222 1185 375 1252 themate
389 1206 448 1250 seu
469 1184 623 1252 materia.
647 1188 716 1251 Vox
734 1184 907 1251 cauticum
926 1184 1009 1251 huie
1028 1184 1185 1252 membro
1204 1182 1412 1251 adscribitur
1430 1183 1558 1250 intuitu

224 1292 314 1358 vocis
329 1303 504 1357 cantemus
519 1312 551 1357 v.
573 1298 608 1372 13
626 1312 681 1357 res
696 1290 732 1355 in
748 1297 862 1358 mente
874 1297 997 1381 poetae
1016 1289 1159 1358 omnino
1177 1290 1377 1381 principalis
1394 1295 1442 1357 est
1462 1288 1559 1355 forti-

224 1397 323 1479 tudo,
346 1419 451 1487 quam
472 1419 575 1464 unam
596 1396 738 1487 respicit
760 1420 907 1487 sequens
930 1397 1079 1464 incisum
1100 1419 1108 1465 :
1135 1426 1150 1458 a
1171 1408 1203 1461 et
1224 1397 1341 1485 scotres
1360 1410 1410 1462 est
1424 1395 1510 1462 milri
1522 1395 1560 1461 iu

224 1503 370 1570 ‚sulutem
380 1530 411 1586 a,
421 1526 479 1570 seu
492 1531 508 1565 u
520 1503 697 1571 salvator»
708 1502 845 1592 (Meu).
861 1504 1024 1593 copulam
1034 1503 1261 1593 interpretare
1273 1516 1306 1569 et
1322 1502 1373 1571 ita
1387 1500 1534 1592 (oilla.)
1549 1524 1557 1568 :

227 1632 304 1677 oum
332 1612 375 1677 sit
402 1610 567 1677 fortitudo
595 1632 690 1692 mea,
716 1610 824 1677 faetus
848 1613 899 1675 est
926 1610 1088 1677 salvator.
1120 1613 1192 1676 Non
1222 1611 1448 1700 interpretare
1477 1632 1559 1676 rrum

229 1716 307 1805 (syl
330 1717 354 1805 .)
372 1739 380 1785 :
397 1715 568 1806 siquidem
582 1738 652 1783 non
666 1716 744 1783 ideo
759 1716 863 1783 labve
879 1722 929 1782 est
945 1715 1108 1783 tortitudo
1128 1736 1215 1795 mea,
1234 1716 1316 1805 quia
1328 1737 1382 1782 me
1397 1716 1556 1798 salvavit3

227 1822 287 1890 sed
313 1825 386 1890 vice
411 1845 522 1906 versa,
545 1822 629 1912 quia
655 1828 704 1889 est
728 1821 895 1889 fortitudo
923 1844 1015 1905 mea,
1031 1822 1108 1889 ideo
1128 1822 1237 1889 lactus
1258 1830 1307 1889 est
1332 1844 1427 1890 meus
1449 1823 1560 1889 salva-

228 1936 293 1996 tor.
308 1958 325 1991 «
337 1931 401 1997 Iste
415 1933 502 1996 Deus
513 1952 610 1996 meros
623 1958 639 1991 »
654 1935 704 1995 est
719 1928 810 1995 solus
827 1928 998 2019 (Boufr.);
1016 1951 1086 1995 non
1100 1928 1148 1994 dii
1159 1930 1405 2019 Aegyptiorum
1417 1927 1557 2019 (S;plo.);

230 2064 246 2098 ‹<
261 2048 293 2103 et
306 2036 506 2126 plorificubo
523 2059 602 2101 eum
631 2064 659 2102 a.
685 2035 836 2102 Verbum
857 2050 907 2100 nn:
923 2037 1029 2101 semel
1052 2036 1137 2104 Hab.
1155 2042 1212 2113 25
1237 2034 1481 2122 coniugatione
1500 2034 1560 2101 kal

227 2142 355 2230 legitur
368 2139 622 2229 significatione
639 2140 840 2224 habitandi,
856 2142 1101 2232 permanendi;
1120 2147 1155 2209 et
1179 2142 1244 2208 hoc
1266 2164 1336 2208 uno
1355 2142 1428 2209 looc
1443 2141 1560 2208 coniu-

227 2248 367 2335 gatione
389 2248 517 2338 hiphil,
534 2246 596 2314 ubi
616 2250 711 2315 LXX
728 2248 810 2337 Syr.
828 2254 966 2316 vertunt
986 2249 1037 2315 uti
1058 2248 1156 2339 Vulq.
1175 2252 1200 2315 Ε
1217 2252 1337 2315 contra
1358 2247 1480 2316 Chald.
1499 2270 1511 2315 :
1529 2260 1562 2315 rt

228 2354 415 2445 oedificabo
437 2353 470 2420 oi
490 2354 743 2432 sanctuarium,
761 2376 841 2421 eum
863 2356 1023 2423 habitare
1049 2355 1185 2422 faciam.
1207 2359 1301 2422 Hunc
1323 2376 1460 2421 sensum
1478 2354 1514 2420 h.
1536 2354 1559 2421 l.

233 2482 303 2528 esse
321 2460 575 2545 dimittendum,
595 2465 628 2527 et
642 2460 895 2550 parallelismus
906 2460 1005 2528 docet
1019 2482 1097 2528 cum
1113 2460 1268 2550 sequenti
1281 2462 1400 2543 inciso,
1415 2466 1448 2527 et
1466 2460 1561 2529 stilus

228 2566 355 2635 cantici
376 2565 561 2634 concinnus
581 2571 615 2634 et
637 2566 769 2654 vigoris
792 2567 930 2657 plenae,
952 2567 997 2634 ab
1017 2566 1186 2634 eiusmodi
1204 2568 1357 2656 quaesito
1375 2588 1478 2633 sensu
1501 2567 1561 2633 ab·

229 2675 382 2741 horrens.
406 2699 423 2735 u
442 2676 531 2740 Deus
546 2673 663 2764 putris
680 2673 765 2759 urei,
781 2685 815 2738 et
836 2672 994 2739 enoltobo
1011 2696 1089 2740 eum
1110 2700 1140 2741 n.
1164 2672 1291 2741 Dicitur
1306 2696 1377 2741 non
1396 2676 1482 2740 Deus
1500 2696 1562 2763 pa·

227 2787 337 2862 trum,
359 2779 419 2849 sed
436 2780 569 2869 putris,
590 2785 677 2847 Deus
698 2782 824 2863 avitus,
841 2779 894 2846 uti
915 2786 986 2865 3,6,
1011 2785 1048 2847 ut
1065 2802 1140 2847 eam
1162 2780 1415 2871 expressionem
1438 2778 1511 2845 Dilt
1551 2832 1557 2845 .

227 2892 363 2956 censeat
377 2888 470 2954 velut
486 2910 526 2954 ex
541 2887 649 2977 ipsius
663 2888 780 2975 Moysis
792 2908 850 2953 ore
865 2909 1000 2955 sonare.
1019 2891 1105 2956 Deus
1120 2887 1231 2955 avitus
1246 2888 1393 2955 fideliter
1407 2891 1560 2954 retentus

228 3017 268 3061 eo
290 2996 365 3083 ipso
384 2994 584 3080 agnoscitur
596 2998 682 3061 Deus
698 3015 814 3076 verus,
832 3016 910 3061 eum
926 3016 1035 3081 genus
1050 2994 1239 3061 humanum
1260 2994 1419 3083 primitus
1440 3014 1560 3059 verum

228 3106 333 3167 Deum
354 3101 488 3167 novisse
508 3105 737 3190 supponatur.
757 3099 991 3169 lsraelitarum
1010 3122 1092 3168 vero
1120 3101 1189 3184 avi,
1213 3100 1330 3191 paucis
1354 3101 1391 3166 in
1413 3104 1562 3188 Mesopo-

228 3205 332 3272 tamia
357 3208 522 3295 exceptis,
539 3208 631 3273 huuc
650 3212 756 3274 Deum
776 3208 925 3274 coluere.
948 3211 1105 3274 Ceterum
1123 3207 1234 3275 avitus
1252 3206 1310 3273 hio
1330 3206 1456 3273 dicitur
1471 3210 1559 3273 Deus

228 3312 412 3401 imprimis,
434 3312 526 3401 quod
545 3312 705 3380 Abrahae
722 3314 1023 3402 posteriorumque
1040 3313 1318 3403 patriarcharum
1336 3312 1440 3380 fuerit
1456 3317 1558 3394 Deus,

229 3417 357 3508 quibus
375 3418 484 3486 factae
497 3423 579 3485 sunt
597 3419 853 3507 promissiones.

272 3530 299 3591 Α
313 3525 521 3611 generaliori
536 3523 580 3592 ad
592 3526 890 3615 particulariorem
902 3526 1154 3616 expressionem
1169 3525 1392 3616 progreditur
1406 3532 1511 3592 vates.
1524 3530 1561 3591 ln

229 3631 336 3698 exodo
345 3630 791 3721 aegyptiacafortitudinem
801 3638 834 3699 et
843 3630 991 3699 satutem
1001 3656 1036 3700 se
1046 3633 1208 3723 praebuit
1217 3633 1319 3700 lahve
1326 3654 1490 3723 pequam
1498 3653 1561 3721 pro

227 3739 444 3827 populosuo;
462 3738 543 3805 hinc
557 3762 589 3805 v.
608 3746 650 3805 3:
669 3766 686 3799 α
702 3739 869 3806 Dominus
886 3740 1010 3829 [quast]
1025 3738 1263 3829 oitpuqnotm
1278 3768 1307 3821 n,
1325 3741 1402 3829 Syr.
1421 3737 1518 3807 teror
1530 3749 1561 3804 et

229 3844 381 3929 bellator,
402 3844 521 3913 Clrold.
539 3845 705 3935 irrupister
720 3868 886 3936 superans
901 3846 999 3931 bello,
1018 3847 1143 3913 robore
1159 3852 1192 3913 et
1208 3852 1281 3913 arte
1298 3846 1343 3913 ad
1359 3844 1560 3913 bellandum

228 3952 421 4019 instructus.
435 3957 482 4018 Eo
495 3974 591 4020 secus
600 3952 700 4020 titulo
713 3954 870 4020 homines
880 3953 987 4020 fortes
1002 3953 1237 4039 insigniuntur
1251 3957 1314 4019 loa.
1333 3959 1428 4035 17,1;
1444 3956 1557 4038 Dlleg.

232 4064 327 4141 17,8;
349 4064 436 4125 Deus
458 4062 508 4126 Ps.
533 4065 575 4125 23
605 4063 689 4148 (Db),
709 4066 730 4127 8
754 4059 880 4126 dicitur
905 4048 1022 4125 anubin
1037 4075 1116 4127 unt.
1141 4086 1157 4120 a
1189 4059 1410 4149 Ontnr'potens
1436 4080 1561 4125 nomen

230 4163 304 4230 eius
322 4193 338 4226 »
360 4188 368 4233 t
385 4187 454 4231 non
466 4169 541 4232 erat
552 4165 609 4232 bic
622 4166 777 4233 versione
790 4166 1075 4257 supprimendum
1095 4166 1148 4249 id,
1162 4164 1255 4256 quod
1271 4165 1412 4233 omnino
1429 4164 1561 4255 praeci-

230 4293 338 4360 puum
355 4276 416 4353 est,
434 4293 562 4339 nomen
582 4273 641 4338 Dei
653 4274 832 4363 proprium
856 4296 864 4341 :
886 4272 989 4339 lotoe
1005 4286 1052 4339 est
1073 4295 1196 4339 nomeu
1220 4274 1302 4340 ertu.
1321 4272 1416 4350 Quod
1435 4293 1563 4339 nomeu

230 4377 406 4459 inseritur,
424 4400 495 4444 non
516 4401 610 4445 mere
634 4402 702 4468 quo
722 4379 940 4465 intelligatur
964 4379 1052 4446 alius
1075 4400 1179 4446 nemo
1204 4386 1340 4468 praeter
1361 4379 1488 4446 lahven
1503 4378 1560 4444 hic

230 4483 398 4551 celebrari
416 4484 578 4575 (oillei),
595 4486 655 4552 sed
672 4488 754 4576 quia
767 4486 883 4553 herois
900 4508 1024 4553 nrrnren
1041 4486 1154 4553 herois
1166 4485 1270 4552 simul
1286 4490 1334 4551 est
1348 4490 1474 4552 tessera
1489 4485 1561 4551 bel-

229 4590 312 4671 lioa,
330 4612 435 4680 quam
454 4591 644 4659 inclamans
658 4593 793 4681 proruit
807 4593 852 4659 ad
868 4598 1058 4675 certamen,
1076 4593 1148 4683 ipse
1164 4598 1197 4659 et
1213 4593 1359 4681 populus
1374 4592 1458 4659 eius

274 4696 481 4765 Describitur
495 4700 741 4787 Aegyptiorum
759 4699 884 4766 clades.
903 4723 934 4767 v.
953 4706 972 4769 l
990 4727 1006 4763 u
1030 4702 1157 4767 Correus
1173 4698 1366 4768 Pharaonis
1382 4711 1412 4765 et
1435 4699 1564 4767 euerri-

231 4818 305 4871 turu
318 4806 392 4873 eius
404 4804 551 4895 proiecit
566 4806 605 4872 in
621 4827 715 4873 mare
738 4834 769 4873 n.
790 4807 859 4887 Hie,
877 4807 938 4873 ubi
953 4830 985 4874 v.
1005 4815 1020 4874 1
1046 4806 1140 4874 dicta
1165 4806 1325 4874 nonnihil
1345 4806 1559 4883 evolvuntur,
