<?xml version="1.0" encoding="UTF-8"?>
<!DOCTYPE html PUBLIC "-//W3C//DTD XHTML 1.0 Transitional//EN"
    "http://www.w3.org/TR/xhtml1/DTD/xhtml1-transitional.dtd">
<html xmlns="http://www.w3.org/1999/xhtml" xml:lang="en" lang="en">
 <head>
  <title>
</title>
<meta http-equiv="Content-Type" content="text/html;charset=utf-8" />
  <meta name='ocr-system' content='tesseract 3.04.00' />
  <meta name='ocr-capabilities' content='ocr_page ocr_carea ocr_par ocr_line ocrx_word'/>
</head>
<body>
  <div class='ocr_page' id='page_1' title='image "./commentariusine00hummgoog/commentariusine00hummgoog_0515.png"; bbox 0 0 3534 5384; ppageno 0'>
   <div class='ocr_carea' id='block_1_1' title="bbox 690 389 944 459">
    <p class='ocr_par' dir='ltr' id='par_1_1' title="bbox 690 389 944 459">
     <span class='ocr_line' id='line_1_1' title="bbox 690 389 944 459; baseline -0.004 -13"><span class='ocrx_word' id='word_1_1' title='bbox 690 404 758 447; x_wconf 81' lang='lat' dir='ltr'><strong>rev.</strong></span> <span class='ocrx_word' id='word_1_2' title='bbox 782 389 853 459; x_wconf 76' lang='lat' dir='ltr'><strong>20‚l</strong></span> <span class='ocrx_word' id='word_1_3' title='bbox 877 402 944 454; x_wconf 86' lang='lat' dir='ltr'><strong>seo.</strong></span> 
     </span>
    </p>
   </div>
   <div class='ocr_carea' id='block_1_2' title="bbox 520 628 1110 692">
    <p class='ocr_par' dir='ltr' id='par_1_2' title="bbox 520 628 1110 692">
     <span class='ocr_line' id='line_1_2' title="bbox 520 628 1110 692; baseline -0.003 -12"><span class='ocrx_word' id='word_1_4' title='bbox 520 643 546 680; x_wconf 88' lang='lat' dir='ltr'><strong>a.</strong></span> <span class='ocrx_word' id='word_1_5' title='bbox 568 630 687 681; x_wconf 78' lang='lat' dir='ltr'>Decreta</span> <span class='ocrx_word' id='word_1_6' title='bbox 705 631 820 692; x_wconf 85' lang='lat' dir='ltr'><strong>praevia</strong></span> <span class='ocrx_word' id='word_1_7' title='bbox 838 629 894 679; x_wconf 90' lang='lat' dir='ltr'><strong>duo</strong></span> <span class='ocrx_word' id='word_1_8' title='bbox 914 629 981 680; x_wconf 86' lang='lat' dir='ltr'><strong>Lev.</strong></span> <span class='ocrx_word' id='word_1_9' title='bbox 1004 628 1110 690; x_wconf 74' lang='lat' dir='ltr'><strong>tat-6.</strong></span> 
     </span>
    </p>
   </div>
   <div class='ocr_carea' id='block_1_3' title="bbox 409 767 1235 830">
    <p class='ocr_par' dir='ltr' id='par_1_3' title="bbox 409 767 1235 830">
     <span class='ocr_line' id='line_1_3' title="bbox 409 767 1235 830; baseline 0 -13"><span class='ocrx_word' id='word_1_10' title='bbox 409 787 432 817; x_wconf 89' lang='grc' dir='ltr'><strong>α.</strong></span> <span class='ocrx_word' id='word_1_11' title='bbox 450 770 547 816; x_wconf 78' lang='lat' dir='ltr'><strong>Poenae</strong></span> <span class='ocrx_word' id='word_1_12' title='bbox 562 769 703 816; x_wconf 89' lang='lat' dir='ltr'><strong>coeuntium</strong></span> <span class='ocrx_word' id='word_1_13' title='bbox 719 783 776 814; x_wconf 86' lang='lat' dir='ltr'><strong>cum</strong></span> <span class='ocrx_word' id='word_1_14' title='bbox 789 769 934 816; x_wconf 84' lang='lat' dir='ltr'><strong>mulieribus</strong></span> <span class='ocrx_word' id='word_1_15' title='bbox 948 769 1054 816; x_wconf 72' lang='lat' dir='ltr'><strong>ethnicis</strong></span> <span class='ocrx_word' id='word_1_16' title='bbox 1069 767 1128 816; x_wconf 77' lang='lat' dir='ltr'><strong>Iov.</strong></span> <span class='ocrx_word' id='word_1_17' title='bbox 1145 771 1235 830; x_wconf 59' lang='lat' dir='ltr'><strong>tal-5.</strong></span> 
     </span>
    </p>
   </div>
   <div class='ocr_carea' id='block_1_4' title="bbox 153 935 1485 3668">
    <p class='ocr_par' dir='ltr' id='par_1_4' title="bbox 153 935 1485 3668">
     <span class='ocr_line' id='line_1_4' title="bbox 197 935 1481 1027; baseline -0.001 -22"><span class='ocrx_word' id='word_1_18' title='bbox 197 961 229 1006; x_wconf 88' lang='lat' dir='ltr'><strong>v.</strong></span> <span class='ocrx_word' id='word_1_19' title='bbox 255 945 272 1004; x_wconf 91' lang='lat'>1</span> <span class='ocrx_word' id='word_1_20' title='bbox 299 969 314 998; x_wconf 86' lang='lat'>«</span> <span class='ocrx_word' id='word_1_21' title='bbox 336 942 550 1027; x_wconf 80' lang='lat' dir='ltr'><strong>Locatasqne</strong></span> <span class='ocrx_word' id='word_1_22' title='bbox 569 951 619 1003; x_wconf 82' lang='lat' dir='ltr'><strong>ert</strong></span> <span class='ocrx_word' id='word_1_23' title='bbox 632 936 798 1003; x_wconf 81' lang='lat' dir='ltr'><strong>Dominus</strong></span> <span class='ocrx_word' id='word_1_24' title='bbox 821 935 870 1003; x_wconf 92' lang='lat' dir='ltr'><strong>ad</strong></span> <span class='ocrx_word' id='word_1_25' title='bbox 890 939 1032 1026; x_wconf 74' lang='lat' dir='ltr'><strong>Meysen</strong></span> <span class='ocrx_word' id='word_1_26' title='bbox 1055 937 1172 1004; x_wconf 82' lang='lat' dir='ltr'><strong>dicens</strong></span> <span class='ocrx_word' id='word_1_27' title='bbox 1192 965 1207 998; x_wconf 88' lang='lat'>»</span> <span class='ocrx_word' id='word_1_28' title='bbox 1227 959 1234 1006; x_wconf 92' lang='lat'>:</span> <span class='ocrx_word' id='word_1_29' title='bbox 1257 959 1289 1006; x_wconf 90' lang='lat' dir='ltr'><strong>v.</strong></span> <span class='ocrx_word' id='word_1_30' title='bbox 1309 943 1329 1004; x_wconf 76' lang='lat'><strong>2</strong></span> <span class='ocrx_word' id='word_1_31' title='bbox 1352 966 1367 998; x_wconf 74' lang='lat' dir='ltr'><strong>a</strong></span> <span class='ocrx_word' id='word_1_32' title='bbox 1388 941 1481 1006; x_wconf 84' lang='lat' dir='ltr'><strong>Haec</strong></span> 
     </span>
     <span class='ocr_line' id='line_1_5' title="bbox 153 1042 1481 1135; baseline 0 -25"><span class='ocrx_word' id='word_1_33' title='bbox 153 1044 300 1135; x_wconf 79' lang='lat' dir='ltr'><strong>loqrreris</strong></span> <span class='ocrx_word' id='word_1_34' title='bbox 311 1043 398 1133; x_wconf 83' lang='lat' dir='ltr'><strong>filiis</strong></span> <span class='ocrx_word' id='word_1_35' title='bbox 411 1042 519 1110; x_wconf 74' lang='lat' dir='ltr'><strong>lsrael</strong></span> <span class='ocrx_word' id='word_1_36' title='bbox 531 1064 544 1108; x_wconf 93' lang='lat'><strong>.·</strong></span> <span class='ocrx_word' id='word_1_37' title='bbox 561 1042 726 1110; x_wconf 81' lang='lat' dir='ltr'><strong>Hemoda</strong></span> <span class='ocrx_word' id='word_1_38' title='bbox 741 1043 825 1132; x_wconf 76' lang='lat' dir='ltr'><strong>(iliis</strong></span> <span class='ocrx_word' id='word_1_39' title='bbox 842 1043 950 1109; x_wconf 85' lang='lat' dir='ltr'><strong>lsrael</strong></span> <span class='ocrx_word' id='word_1_40' title='bbox 966 1055 999 1109; x_wconf 90' lang='lat' dir='ltr'><strong>et</strong></span> <span class='ocrx_word' id='word_1_41' title='bbox 1016 1042 1057 1110; x_wconf 89' lang='lat' dir='ltr'><strong>de</strong></span> <span class='ocrx_word' id='word_1_42' title='bbox 1074 1043 1230 1128; x_wconf 84' lang='lat' dir='ltr'><strong>advenis,</strong></span> <span class='ocrx_word' id='word_1_43' title='bbox 1248 1045 1310 1134; x_wconf 82' lang='lat' dir='ltr'><strong>qai</strong></span> <span class='ocrx_word' id='word_1_44' title='bbox 1326 1043 1481 1112; x_wconf 77' lang='lat' dir='ltr'><em>habitam</em></span> 
     </span>
     <span class='ocr_line' id='line_1_6' title="bbox 153 1148 1482 1242; baseline 0 -23"><span class='ocrx_word' id='word_1_45' title='bbox 153 1152 189 1219; x_wconf 88' lang='lat' dir='ltr'><strong>in</strong></span> <span class='ocrx_word' id='word_1_46' title='bbox 203 1151 311 1218; x_wconf 87' lang='lat' dir='ltr'><strong>lsrael</strong></span> <span class='ocrx_word' id='word_1_47' title='bbox 325 1178 360 1233; x_wconf 87' lang='lat'><strong>»‚</strong></span> <span class='ocrx_word' id='word_1_48' title='bbox 383 1150 443 1242; x_wconf 93' lang='lat' dir='ltr'><strong>qui</strong></span> <span class='ocrx_word' id='word_1_49' title='bbox 459 1150 612 1218; x_wconf 85' lang='lat' dir='ltr'><strong>advenae</strong></span> <span class='ocrx_word' id='word_1_50' title='bbox 629 1154 708 1233; x_wconf 83' lang='lat'>17‚8</span> <span class='ocrx_word' id='word_1_51' title='bbox 722 1171 797 1239; x_wconf 86' lang='lat' dir='ltr'><strong>sqq.</strong></span> <span class='ocrx_word' id='word_1_52' title='bbox 819 1149 911 1216; x_wconf 89' lang='lat' dir='ltr'><strong>intra</strong></span> <span class='ocrx_word' id='word_1_53' title='bbox 929 1148 1014 1217; x_wconf 90' lang='lat' dir='ltr'><strong>fines</strong></span> <span class='ocrx_word' id='word_1_54' title='bbox 1031 1150 1164 1217; x_wconf 81' lang='lat' dir='ltr'><strong>Israelis</strong></span> <span class='ocrx_word' id='word_1_55' title='bbox 1179 1150 1224 1217; x_wconf 87' lang='lat' dir='ltr'><strong>ab</strong></span> <span class='ocrx_word' id='word_1_56' title='bbox 1237 1151 1434 1219; x_wconf 88' lang='lat' dir='ltr'><strong>idololatria</strong></span> <span class='ocrx_word' id='word_1_57' title='bbox 1449 1159 1482 1220; x_wconf 88' lang='lat' dir='ltr'><strong>et</strong></span> 
     </span>
     <span class='ocr_line' id='line_1_7' title="bbox 156 1256 1481 1346; baseline 0 -20"><span class='ocrx_word' id='word_1_58' title='bbox 156 1257 367 1326; x_wconf 87' lang='lat' dir='ltr'><strong>comedendo</strong></span> <span class='ocrx_word' id='word_1_59' title='bbox 385 1257 553 1342; x_wconf 88' lang='lat' dir='ltr'><strong>sanguine</strong></span> <span class='ocrx_word' id='word_1_60' title='bbox 576 1256 882 1341; x_wconf 76' lang='lat' dir='ltr'><strong>interdicebantur,</strong></span> <span class='ocrx_word' id='word_1_61' title='bbox 904 1284 919 1318; x_wconf 78' lang='grc' dir='ltr'>α</span> <span class='ocrx_word' id='word_1_62' title='bbox 938 1256 1056 1346; x_wconf 79' lang='lat' dir='ltr'><strong>siquis</strong></span> <span class='ocrx_word' id='word_1_63' title='bbox 1069 1256 1202 1324; x_wconf 78' lang='lat' dir='ltr'><strong>dederit</strong></span> <span class='ocrx_word' id='word_1_64' title='bbox 1216 1256 1257 1324; x_wconf 89' lang='lat' dir='ltr'><strong>de</strong></span> <span class='ocrx_word' id='word_1_65' title='bbox 1278 1259 1407 1324; x_wconf 70' lang='lat' dir='ltr'><strong>seiteina</strong></span> <span class='ocrx_word' id='word_1_66' title='bbox 1421 1282 1481 1326; x_wconf 84' lang='lat' dir='ltr'><strong>sao</strong></span> 
     </span>
     <span class='ocr_line' id='line_1_8' title="bbox 157 1362 1483 1456; baseline 0.001 -25"><span class='ocrx_word' id='word_1_67' title='bbox 157 1364 280 1453; x_wconf 85' lang='lat' dir='ltr'><strong>[idolo]</strong></span> <span class='ocrx_word' id='word_1_68' title='bbox 304 1363 438 1431; x_wconf 73' lang='lat' dir='ltr'><strong>Molaria</strong></span> <span class='ocrx_word' id='word_1_69' title='bbox 463 1392 501 1447; x_wconf 87' lang='lat'><strong>»‚</strong></span> <span class='ocrx_word' id='word_1_70' title='bbox 522 1369 679 1430; x_wconf 87' lang='lat' dir='ltr'><strong>-verte</strong></span> <span class='ocrx_word' id='word_1_71' title='bbox 703 1362 754 1429; x_wconf 90' lang='lat' dir='ltr'><strong>uti</strong></span> <span class='ocrx_word' id='word_1_72' title='bbox 779 1368 877 1446; x_wconf 57' lang='lat'><strong>1831</strong></span> <span class='ocrx_word' id='word_1_73' title='bbox 901 1362 1041 1429; x_wconf 82' lang='lat' dir='ltr'><strong>mulieri</strong></span> <span class='ocrx_word' id='word_1_74' title='bbox 1066 1362 1286 1431; x_wconf 82' lang='lat' dir='ltr'><strong>adventitiae.</strong></span> <span class='ocrx_word' id='word_1_75' title='bbox 1309 1370 1356 1432; x_wconf 88' lang='lat' dir='ltr'><strong>lta</strong></span> <span class='ocrx_word' id='word_1_76' title='bbox 1377 1367 1457 1456; x_wconf 73' lang='lat' dir='ltr'><strong>Syr.</strong></span> <span class='ocrx_word' id='word_1_77' title='bbox 1469 1387 1483 1450; x_wconf 86' lang='lat'><strong>,·</strong></span> 
     </span>
     <span class='ocr_line' id='line_1_9' title="bbox 154 1468 1483 1560; baseline 0.002 -22"><span class='ocrx_word' id='word_1_78' title='bbox 154 1474 246 1539; x_wconf 81' lang='lat' dir='ltr'><strong>LXX</strong></span> <span class='ocrx_word' id='word_1_79' title='bbox 258 1479 381 1560; x_wconf 76' lang='grc' dir='ltr'>ἄρχοντι</span> <span class='ocrx_word' id='word_1_80' title='bbox 391 1492 460 1538; x_wconf 92' lang='lat' dir='ltr'><strong>non</strong></span> <span class='ocrx_word' id='word_1_81' title='bbox 469 1468 899 1556; x_wconf 86' lang='lat' dir='ltr'><strong>sanecogitabantidolum</strong></span> <span class='ocrx_word' id='word_1_82' title='bbox 907 1469 1036 1536; x_wconf 89' lang='lat' dir='ltr'><strong>llolooh</strong></span> <span class='ocrx_word' id='word_1_83' title='bbox 1046 1491 1053 1550; x_wconf 88' lang='lat'><em>;</em></span> <span class='ocrx_word' id='word_1_84' title='bbox 1065 1492 1085 1536; x_wconf 90' lang='lat' dir='ltr'><strong>e</strong></span> <span class='ocrx_word' id='word_1_85' title='bbox 1096 1475 1215 1536; x_wconf 88' lang='lat' dir='ltr'><strong>contra</strong></span> <span class='ocrx_word' id='word_1_86' title='bbox 1225 1473 1281 1538; x_wconf 80' lang='lat' dir='ltr'><strong>rs.</strong></span> <span class='ocrx_word' id='word_1_87' title='bbox 1293 1472 1367 1539; x_wconf 91' lang='lat' dir='ltr'><strong>Ion.</strong></span> <span class='ocrx_word' id='word_1_88' title='bbox 1385 1495 1483 1540; x_wconf 85' lang='lat' dir='ltr'><strong>voces</strong></span> 
     </span>
     <span class='ocr_line' id='line_1_10' title="bbox 156 1564 1483 1668; baseline -0.001 -22"><span class='ocrx_word' id='word_1_89' title='bbox 156 1577 259 1646; x_wconf 91' lang='lat' dir='ltr'><strong>etiam</strong></span> <span class='ocrx_word' id='word_1_90' title='bbox 288 1578 407 1645; x_wconf 89' lang='lat' dir='ltr'><strong>inserit</strong></span> <span class='ocrx_word' id='word_1_91' title='bbox 427 1605 443 1639; x_wconf 89' lang='grc'>«</span> <span class='ocrx_word' id='word_1_92' title='bbox 465 1564 672 1643; x_wconf 88' lang='lat' dir='ltr'><strong>comburens</strong></span> <span class='ocrx_word' id='word_1_93' title='bbox 688 1574 764 1662; x_wconf 83' lang='lat' dir='ltr'><strong>igni</strong></span> <span class='ocrx_word' id='word_1_94' title='bbox 791 1603 821 1642; x_wconf 67' lang='lat' dir='ltr'><strong>a.</strong></span> <span class='ocrx_word' id='word_1_95' title='bbox 849 1576 960 1662; x_wconf 84' lang='lat' dir='ltr'><strong>Igitur</strong></span> <span class='ocrx_word' id='word_1_96' title='bbox 980 1576 1135 1642; x_wconf 86' lang='lat' dir='ltr'><strong>advenae</strong></span> <span class='ocrx_word' id='word_1_97' title='bbox 1159 1598 1297 1666; x_wconf 90' lang='lat' dir='ltr'><strong>quoque</strong></span> <span class='ocrx_word' id='word_1_98' title='bbox 1319 1579 1483 1668; x_wconf 89' lang='lat' dir='ltr'><strong>prohibe-</strong></span> 
     </span>
     <span class='ocr_line' id='line_1_11' title="bbox 157 1680 1483 1774; baseline 0 -22"><span class='ocrx_word' id='word_1_99' title='bbox 157 1685 287 1752; x_wconf 85' lang='lat' dir='ltr'><strong>bantur</strong></span> <span class='ocrx_word' id='word_1_100' title='bbox 302 1705 419 1751; x_wconf 89' lang='lat' dir='ltr'><strong>secum</strong></span> <span class='ocrx_word' id='word_1_101' title='bbox 438 1682 611 1752; x_wconf 77' lang='lat' dir='ltr'><strong>adducere</strong></span> <span class='ocrx_word' id='word_1_102' title='bbox 631 1682 686 1748; x_wconf 88' lang='lat' dir='ltr'><strong>vel</strong></span> <span class='ocrx_word' id='word_1_103' title='bbox 706 1680 772 1748; x_wconf 89' lang='lat' dir='ltr'><strong>sibi</strong></span> <span class='ocrx_word' id='word_1_104' title='bbox 787 1701 954 1748; x_wconf 80' lang='lat' dir='ltr'><strong>arcessere</strong></span> <span class='ocrx_word' id='word_1_105' title='bbox 976 1682 1135 1749; x_wconf 89' lang='lat' dir='ltr'><strong>mulieres</strong></span> <span class='ocrx_word' id='word_1_106' title='bbox 1154 1681 1301 1764; x_wconf 78' lang='lat' dir='ltr'><strong>alienus,</strong></span> <span class='ocrx_word' id='word_1_107' title='bbox 1319 1685 1399 1774; x_wconf 90' lang='lat' dir='ltr'><strong>quia</strong></span> <span class='ocrx_word' id='word_1_108' title='bbox 1418 1685 1483 1752; x_wconf 90' lang='lat' dir='ltr'><strong>hae</strong></span> 
     </span>
     <span class='ocr_line' id='line_1_12' title="bbox 156 1787 1483 1881; baseline -0.001 -24"><span class='ocrx_word' id='word_1_109' title='bbox 156 1812 294 1881; x_wconf 90' lang='lat' dir='ltr'><strong>quoque</strong></span> <span class='ocrx_word' id='word_1_110' title='bbox 302 1788 456 1879; x_wconf 89' lang='lat' dir='ltr'><strong>periculo</strong></span> <span class='ocrx_word' id='word_1_111' title='bbox 470 1789 613 1856; x_wconf 87' lang='lat' dir='ltr'><strong>luissent</strong></span> <span class='ocrx_word' id='word_1_112' title='bbox 625 1787 786 1856; x_wconf 87' lang='lat' dir='ltr'><strong>israelitis</strong></span> <span class='ocrx_word' id='word_1_113' title='bbox 799 1825 844 1836; x_wconf 95' lang='lat'><em>-</em></span> <span class='ocrx_word' id='word_1_114' title='bbox 861 1813 877 1846; x_wconf 78' lang='lat' dir='ltr'><strong>r</strong></span> <span class='ocrx_word' id='word_1_115' title='bbox 891 1800 999 1854; x_wconf 83' lang='lat' dir='ltr'><strong>morte</strong></span> <span class='ocrx_word' id='word_1_116' title='bbox 1019 1787 1199 1871; x_wconf 69' lang='lat' dir='ltr'><strong>recedatur,</strong></span> <span class='ocrx_word' id='word_1_117' title='bbox 1209 1789 1360 1879; x_wconf 73' lang='lat' dir='ltr'><strong>populere</strong></span> <span class='ocrx_word' id='word_1_118' title='bbox 1374 1802 1483 1857; x_wconf 87' lang='lat' dir='ltr'><strong>terrae</strong></span> 
     </span>
     <span class='ocr_line' id='line_1_13' title="bbox 157 1893 1484 1987; baseline 0.001 -25"><span class='ocrx_word' id='word_1_119' title='bbox 157 1896 328 1987; x_wconf 81' lang='lat' dir='ltr'><strong>lapidabit</strong></span> <span class='ocrx_word' id='word_1_120' title='bbox 352 1918 428 1963; x_wconf 80' lang='lat' dir='ltr'><strong>eant</strong></span> <span class='ocrx_word' id='word_1_121' title='bbox 452 1924 482 1962; x_wconf 72' lang='lat' dir='ltr'><strong>a.</strong></span> <span class='ocrx_word' id='word_1_122' title='bbox 505 1895 681 1963; x_wconf 85' lang='lat' dir='ltr'><strong>Rationem</strong></span> <span class='ocrx_word' id='word_1_123' title='bbox 703 1893 775 1961; x_wconf 88' lang='lat' dir='ltr'><strong>eius</strong></span> <span class='ocrx_word' id='word_1_124' title='bbox 795 1893 984 1960; x_wconf 86' lang='lat' dir='ltr'><strong>severitatis</strong></span> <span class='ocrx_word' id='word_1_125' title='bbox 998 1893 1121 1983; x_wconf 83' lang='lat' dir='ltr'><strong>pandit</strong></span> <span class='ocrx_word' id='word_1_126' title='bbox 1137 1918 1168 1962; x_wconf 92' lang='lat' dir='ltr'><strong>v.</strong></span> <span class='ocrx_word' id='word_1_127' title='bbox 1186 1901 1205 1962; x_wconf 83' lang='lat'><strong>3</strong></span> <span class='ocrx_word' id='word_1_128' title='bbox 1227 1917 1235 1964; x_wconf 77' lang='grc' dir='ltr'><strong><em>ε</em></strong></span> <span class='ocrx_word' id='word_1_129' title='bbox 1257 1925 1272 1956; x_wconf 91' lang='lat'>«</span> <span class='ocrx_word' id='word_1_130' title='bbox 1290 1898 1335 1962; x_wconf 83' lang='lat' dir='ltr'><strong>Et</strong></span> <span class='ocrx_word' id='word_1_131' title='bbox 1348 1919 1408 1986; x_wconf 75' lang='lat' dir='ltr'><strong>eqo</strong></span> <span class='ocrx_word' id='word_1_132' title='bbox 1417 1920 1484 1987; x_wconf 87' lang='lat' dir='ltr'><strong>pe-</strong></span> 
     </span>
     <span class='ocr_line' id='line_1_14' title="bbox 156 1999 1485 2092; baseline 0.001 -24"><span class='ocrx_word' id='word_1_133' title='bbox 156 2025 239 2070; x_wconf 88' lang='lat' dir='ltr'><strong>nam</strong></span> <span class='ocrx_word' id='word_1_134' title='bbox 258 2002 389 2092; x_wconf 85' lang='lat' dir='ltr'><strong>sac-iem</strong></span> <span class='ocrx_word' id='word_1_135' title='bbox 407 2023 519 2069; x_wconf 75' lang='lat' dir='ltr'><strong>eneam</strong></span> <span class='ocrx_word' id='word_1_136' title='bbox 537 2013 656 2067; x_wconf 87' lang='lat' dir='ltr'><strong>centra</strong></span> <span class='ocrx_word' id='word_1_137' title='bbox 679 1999 796 2086; x_wconf 85' lang='lat' dir='ltr'><strong>illum,</strong></span> <span class='ocrx_word' id='word_1_138' title='bbox 822 1999 1064 2090; x_wconf 79' lang='lat' dir='ltr'><strong>srrccidarnqae</strong></span> <span class='ocrx_word' id='word_1_139' title='bbox 1088 2022 1165 2068; x_wconf 86' lang='lat' dir='ltr'><strong>eam</strong></span> <span class='ocrx_word' id='word_1_140' title='bbox 1181 2001 1222 2067; x_wconf 91' lang='lat' dir='ltr'><strong>de</strong></span> <span class='ocrx_word' id='word_1_141' title='bbox 1237 2001 1347 2068; x_wconf 82' lang='lat' dir='ltr'><strong>medie</strong></span> <span class='ocrx_word' id='word_1_142' title='bbox 1356 2003 1485 2092; x_wconf 76' lang='lat' dir='ltr'><strong>pepedi</strong></span> 
     </span>
     <span class='ocr_line' id='line_1_15' title="bbox 158 2105 1484 2199; baseline 0.001 -24"><span class='ocrx_word' id='word_1_143' title='bbox 158 2110 215 2176; x_wconf 82' lang='lat' dir='ltr'><strong>sai</strong></span> <span class='ocrx_word' id='word_1_144' title='bbox 229 2138 244 2167; x_wconf 72' lang='lat' dir='ltr'><strong>e</strong></span> <span class='ocrx_word' id='word_1_145' title='bbox 255 2163 264 2194; x_wconf 90' lang='lat'>,</span> <span class='ocrx_word' id='word_1_146' title='bbox 277 2109 366 2177; x_wconf 92' lang='lat' dir='ltr'><strong>illud</strong></span> <span class='ocrx_word' id='word_1_147' title='bbox 384 2131 447 2199; x_wconf 90' lang='lat' dir='ltr'><strong>per</strong></span> <span class='ocrx_word' id='word_1_148' title='bbox 464 2108 648 2198; x_wconf 85' lang='lat' dir='ltr'><strong>populares</strong></span> <span class='ocrx_word' id='word_1_149' title='bbox 661 2105 867 2196; x_wconf 90' lang='lat' dir='ltr'><strong>supplicium</strong></span> <span class='ocrx_word' id='word_1_150' title='bbox 883 2106 1086 2193; x_wconf 80' lang='lat' dir='ltr'><strong>infligendo,</strong></span> <span class='ocrx_word' id='word_1_151' title='bbox 1106 2134 1122 2169; x_wconf 80' lang='lat' dir='ltr'><strong>e</strong></span> <span class='ocrx_word' id='word_1_152' title='bbox 1137 2129 1175 2173; x_wconf 94' lang='lat' dir='ltr'><strong>eo</strong></span> <span class='ocrx_word' id='word_1_153' title='bbox 1186 2107 1280 2198; x_wconf 86' lang='lat' dir='ltr'><strong>qaod</strong></span> <span class='ocrx_word' id='word_1_154' title='bbox 1295 2107 1427 2176; x_wconf 83' lang='lat' dir='ltr'><strong>dederit</strong></span> <span class='ocrx_word' id='word_1_155' title='bbox 1442 2109 1484 2176; x_wconf 88' lang='lat' dir='ltr'><strong>de</strong></span> 
     </span>
     <span class='ocr_line' id='line_1_16' title="bbox 156 2212 1483 2301; baseline 0 -17"><span class='ocrx_word' id='word_1_156' title='bbox 156 2215 285 2284; x_wconf 79' lang='lat' dir='ltr'><strong>sentina</strong></span> <span class='ocrx_word' id='word_1_157' title='bbox 303 2238 364 2283; x_wconf 84' lang='lat' dir='ltr'><strong>sae</strong></span> <span class='ocrx_word' id='word_1_158' title='bbox 380 2213 515 2282; x_wconf 79' lang='lat' dir='ltr'><strong>Moloct</strong></span> <span class='ocrx_word' id='word_1_159' title='bbox 540 2242 575 2297; x_wconf 83' lang='grc'><strong>»,</strong></span> <span class='ocrx_word' id='word_1_160' title='bbox 597 2212 735 2280; x_wconf 89' lang='lat' dir='ltr'><strong>mulieri</strong></span> <span class='ocrx_word' id='word_1_161' title='bbox 751 2213 984 2301; x_wconf 81' lang='lat' dir='ltr'><strong>alienigenae,</strong></span> <span class='ocrx_word' id='word_1_162' title='bbox 1001 2241 1016 2274; x_wconf 74' lang='grc' dir='ltr'>α</span> <span class='ocrx_word' id='word_1_163' title='bbox 1033 2225 1065 2280; x_wconf 90' lang='lat' dir='ltr'><strong>et</strong></span> <span class='ocrx_word' id='word_1_164' title='bbox 1079 2213 1367 2282; x_wconf 79' lang='lat' dir='ltr'><strong>contaminaverit</strong></span> <span class='ocrx_word' id='word_1_165' title='bbox 1384 2239 1483 2284; x_wconf 81' lang='lat' dir='ltr'><strong>sanc-</strong></span> 
     </span>
     <span class='ocr_line' id='line_1_17' title="bbox 155 2319 1484 2412; baseline 0.001 -23"><span class='ocrx_word' id='word_1_166' title='bbox 155 2321 307 2390; x_wconf 83' lang='lat' dir='ltr'><strong>tuarinm</strong></span> <span class='ocrx_word' id='word_1_167' title='bbox 321 2343 448 2403; x_wconf 86' lang='lat' dir='ltr'><strong>meam,</strong></span> <span class='ocrx_word' id='word_1_168' title='bbox 461 2343 502 2388; x_wconf 82' lang='lat' dir='ltr'><strong>aa</strong></span> <span class='ocrx_word' id='word_1_169' title='bbox 508 2319 675 2410; x_wconf 75' lang='lat' dir='ltr'><strong>polluerit</strong></span> <span class='ocrx_word' id='word_1_170' title='bbox 688 2341 814 2386; x_wconf 88' lang='lat' dir='ltr'><strong>nomen</strong></span> <span class='ocrx_word' id='word_1_171' title='bbox 825 2331 982 2386; x_wconf 80' lang='lat' dir='ltr'><strong>ranetam</strong></span> <span class='ocrx_word' id='word_1_172' title='bbox 997 2342 1107 2386; x_wconf 77' lang='lat' dir='ltr'><strong>ineam</strong></span> <span class='ocrx_word' id='word_1_173' title='bbox 1122 2347 1152 2388; x_wconf 93' lang='lat'><strong>».</strong></span> <span class='ocrx_word' id='word_1_174' title='bbox 1166 2321 1366 2411; x_wconf 88' lang='lat' dir='ltr'><strong>Superstitio</strong></span> <span class='ocrx_word' id='word_1_175' title='bbox 1379 2345 1484 2412; x_wconf 88' lang='lat' dir='ltr'><strong>quae-</strong></span> 
     </span>
     <span class='ocr_line' id='line_1_18' title="bbox 157 2426 1480 2518; baseline -0.001 -22"><span class='ocrx_word' id='word_1_176' title='bbox 157 2429 207 2496; x_wconf 91' lang='lat' dir='ltr'><strong>vis</strong></span> <span class='ocrx_word' id='word_1_177' title='bbox 226 2429 319 2496; x_wconf 86' lang='lat' dir='ltr'><strong>intra</strong></span> <span class='ocrx_word' id='word_1_178' title='bbox 341 2427 428 2496; x_wconf 87' lang='lat' dir='ltr'><strong>fines</strong></span> <span class='ocrx_word' id='word_1_179' title='bbox 446 2426 567 2518; x_wconf 90' lang='lat' dir='ltr'><strong>populi</strong></span> <span class='ocrx_word' id='word_1_180' title='bbox 584 2427 685 2494; x_wconf 89' lang='lat' dir='ltr'><strong>electi</strong></span> <span class='ocrx_word' id='word_1_181' title='bbox 702 2426 849 2493; x_wconf 87' lang='lat' dir='ltr'><strong>admissa</strong></span> <span class='ocrx_word' id='word_1_182' title='bbox 866 2426 904 2492; x_wconf 92' lang='lat' dir='ltr'><strong>in</strong></span> <span class='ocrx_word' id='word_1_183' title='bbox 919 2427 1032 2516; x_wconf 87' lang='lat' dir='ltr'><strong>ipsum</strong></span> <span class='ocrx_word' id='word_1_184' title='bbox 1050 2428 1282 2494; x_wconf 87' lang='lat' dir='ltr'><strong>sanctuarium</strong></span> <span class='ocrx_word' id='word_1_185' title='bbox 1298 2428 1480 2497; x_wconf 87' lang='lat' dir='ltr'><strong>redundat.</strong></span> 
     </span>
     <span class='ocr_line' id='line_1_19' title="bbox 156 2531 1484 2626; baseline 0 -24"><span class='ocrx_word' id='word_1_186' title='bbox 156 2559 189 2603; x_wconf 91' lang='lat' dir='ltr'><strong>v.</strong></span> <span class='ocrx_word' id='word_1_187' title='bbox 210 2544 229 2604; x_wconf 82' lang='lat' dir='ltr'><strong>t</strong></span> <span class='ocrx_word' id='word_1_188' title='bbox 247 2563 263 2597; x_wconf 89' lang='lat'>«</span> <span class='ocrx_word' id='word_1_189' title='bbox 285 2534 415 2617; x_wconf 78' lang='lat' dir='ltr'><strong>Quodsi</strong></span> <span class='ocrx_word' id='word_1_190' title='bbox 435 2533 616 2623; x_wconf 76' lang='lat' dir='ltr'><strong>neplipens</strong></span> <span class='ocrx_word' id='word_1_191' title='bbox 632 2531 784 2623; x_wconf 79' lang='lat' dir='ltr'><strong>popular</strong></span> <span class='ocrx_word' id='word_1_192' title='bbox 799 2545 908 2600; x_wconf 89' lang='lat' dir='ltr'><strong>terrae</strong></span> <span class='ocrx_word' id='word_1_193' title='bbox 931 2534 976 2618; x_wconf 78' lang='lat' dir='ltr'><strong>[et</strong></span> <span class='ocrx_word' id='word_1_194' title='bbox 992 2533 1092 2623; x_wconf 79' lang='lat' dir='ltr'><strong>quasi</strong></span> <span class='ocrx_word' id='word_1_195' title='bbox 1105 2533 1359 2624; x_wconf 68' lang='lat' dir='ltr'><strong>parvipendens</strong></span> <span class='ocrx_word' id='word_1_196' title='bbox 1379 2535 1484 2626; x_wconf 86' lang='lat' dir='ltr'><strong>impe-</strong></span> 
     </span>
     <span class='ocr_line' id='line_1_20' title="bbox 154 2637 1480 2730; baseline -0.005 -22"><span class='ocrx_word' id='word_1_197' title='bbox 154 2644 243 2709; x_wconf 84' lang='lat' dir='ltr'><strong>rium</strong></span> <span class='ocrx_word' id='word_1_198' title='bbox 258 2645 402 2730; x_wconf 83' lang='lat' dir='ltr'><strong>rnenm]‚</strong></span> <span class='ocrx_word' id='word_1_199' title='bbox 424 2639 593 2708; x_wconf 84' lang='lat' dir='ltr'><strong>dimiserit</strong></span> <span class='ocrx_word' id='word_1_200' title='bbox 616 2639 804 2724; x_wconf 75' lang='lat' dir='ltr'><strong>hominem,</strong></span> <span class='ocrx_word' id='word_1_201' title='bbox 822 2639 883 2729; x_wconf 85' lang='lat' dir='ltr'><strong>qai</strong></span> <span class='ocrx_word' id='word_1_202' title='bbox 899 2637 994 2706; x_wconf 90' lang='lat' dir='ltr'><strong>dedit</strong></span> <span class='ocrx_word' id='word_1_203' title='bbox 1013 2638 1055 2706; x_wconf 89' lang='lat' dir='ltr'><strong>de</strong></span> <span class='ocrx_word' id='word_1_204' title='bbox 1070 2640 1198 2706; x_wconf 76' lang='lat' dir='ltr'><strong>sentiae</strong></span> <span class='ocrx_word' id='word_1_205' title='bbox 1213 2664 1273 2707; x_wconf 84' lang='lat' dir='ltr'><strong>sao</strong></span> <span class='ocrx_word' id='word_1_206' title='bbox 1293 2641 1429 2708; x_wconf 78' lang='lat' dir='ltr'><strong>Medocia</strong></span> <span class='ocrx_word' id='word_1_207' title='bbox 1446 2671 1480 2724; x_wconf 65' lang='lat' dir='ltr'><strong>a,</strong></span> 
     </span>
     <span class='ocr_line' id='line_1_21' title="bbox 157 2744 1484 2836; baseline -0.001 -20"><span class='ocrx_word' id='word_1_208' title='bbox 157 2748 295 2816; x_wconf 88' lang='lat' dir='ltr'><strong>mulieri</strong></span> <span class='ocrx_word' id='word_1_209' title='bbox 313 2749 545 2836; x_wconf 86' lang='lat' dir='ltr'><strong>alienigenae,</strong></span> <span class='ocrx_word' id='word_1_210' title='bbox 571 2776 587 2808; x_wconf 87' lang='lat'>«</span> <span class='ocrx_word' id='word_1_211' title='bbox 610 2769 672 2812; x_wconf 88' lang='lat' dir='ltr'><strong>nec</strong></span> <span class='ocrx_word' id='word_1_212' title='bbox 687 2745 833 2812; x_wconf 77' lang='lat' dir='ltr'><strong>eotrrerit</strong></span> <span class='ocrx_word' id='word_1_213' title='bbox 848 2767 926 2811; x_wconf 83' lang='lat' dir='ltr'><strong>eam</strong></span> <span class='ocrx_word' id='word_1_214' title='bbox 939 2744 1120 2812; x_wconf 74' lang='lat' dir='ltr'><strong>occidere»</strong></span> <span class='ocrx_word' id='word_1_215' title='bbox 1140 2767 1149 2812; x_wconf 75' lang='grc' dir='ltr'>ε</span> <span class='ocrx_word' id='word_1_216' title='bbox 1166 2768 1197 2813; x_wconf 88' lang='lat' dir='ltr'><strong>v.</strong></span> <span class='ocrx_word' id='word_1_217' title='bbox 1214 2754 1234 2814; x_wconf 88' lang='lat'>5</span> <span class='ocrx_word' id='word_1_218' title='bbox 1258 2776 1272 2808; x_wconf 71' lang='lat' dir='ltr'><strong>a</strong></span> <span class='ocrx_word' id='word_1_219' title='bbox 1281 2770 1413 2836; x_wconf 80' lang='lat' dir='ltr'><strong>ponam</strong></span> <span class='ocrx_word' id='word_1_220' title='bbox 1424 2750 1484 2836; x_wconf 83' lang='lat' dir='ltr'><strong>sa-</strong></span> 
     </span>
     <span class='ocr_line' id='line_1_22' title="bbox 157 2851 1485 2944; baseline -0.009 -21"><span class='ocrx_word' id='word_1_221' title='bbox 157 2856 242 2923; x_wconf 80' lang='lat' dir='ltr'><strong>cient</strong></span> <span class='ocrx_word' id='word_1_222' title='bbox 265 2877 376 2922; x_wconf 87' lang='lat' dir='ltr'><strong>meam</strong></span> <span class='ocrx_word' id='word_1_223' title='bbox 403 2876 504 2944; x_wconf 87' lang='lat' dir='ltr'><strong>super</strong></span> <span class='ocrx_word' id='word_1_224' title='bbox 523 2851 694 2919; x_wconf 73' lang='lat' dir='ltr'><strong>hominem</strong></span> <span class='ocrx_word' id='word_1_225' title='bbox 718 2851 818 2917; x_wconf 77' lang='lat' dir='ltr'><strong>illane</strong></span> <span class='ocrx_word' id='word_1_226' title='bbox 837 2864 869 2917; x_wconf 91' lang='lat' dir='ltr'><strong>et</strong></span> <span class='ocrx_word' id='word_1_227' title='bbox 892 2873 991 2940; x_wconf 67' lang='grc' dir='ltr'><em>ευμεν</em></span> <span class='ocrx_word' id='word_1_228' title='bbox 1011 2851 1250 2941; x_wconf 76' lang='lat' dir='ltr'><strong>aequationem</strong></span> <span class='ocrx_word' id='word_1_229' title='bbox 1269 2853 1343 2919; x_wconf 79' lang='lat' dir='ltr'><strong>eius</strong></span> <span class='ocrx_word' id='word_1_230' title='bbox 1365 2881 1398 2934; x_wconf 81' lang='lat'><strong>»‚</strong></span> <span class='ocrx_word' id='word_1_231' title='bbox 1425 2854 1485 2944; x_wconf 83' lang='lat' dir='ltr'><strong>qui</strong></span> 
     </span>
     <span class='ocr_line' id='line_1_23' title="bbox 157 2957 1483 3048; baseline -0.001 -19"><span class='ocrx_word' id='word_1_232' title='bbox 157 2984 238 3030; x_wconf 86' lang='lat' dir='ltr'><strong>sane</strong></span> <span class='ocrx_word' id='word_1_233' title='bbox 251 2962 371 3029; x_wconf 88' lang='lat' dir='ltr'><strong>ceteris</strong></span> <span class='ocrx_word' id='word_1_234' title='bbox 385 2961 496 3027; x_wconf 88' lang='lat' dir='ltr'><strong>acrius</strong></span> <span class='ocrx_word' id='word_1_235' title='bbox 510 2958 671 3026; x_wconf 90' lang='lat' dir='ltr'><strong>censendi</strong></span> <span class='ocrx_word' id='word_1_236' title='bbox 689 2963 767 3024; x_wconf 89' lang='lat' dir='ltr'><strong>sunt</strong></span> <span class='ocrx_word' id='word_1_237' title='bbox 782 2959 854 3023; x_wconf 91' lang='lat' dir='ltr'><strong>eius</strong></span> <span class='ocrx_word' id='word_1_238' title='bbox 867 2957 1036 3048; x_wconf 89' lang='lat' dir='ltr'><strong>supplicio</strong></span> <span class='ocrx_word' id='word_1_239' title='bbox 1050 2958 1234 3042; x_wconf 89' lang='lat' dir='ltr'><strong>obstitisse,</strong></span> <span class='ocrx_word' id='word_1_240' title='bbox 1257 2986 1273 3020; x_wconf 76' lang='grc' dir='ltr'>α</span> <span class='ocrx_word' id='word_1_241' title='bbox 1289 2959 1483 3028; x_wconf 81' lang='lat' dir='ltr'><strong>strccidam-</strong></span> 
     </span>
     <span class='ocr_line' id='line_1_24' title="bbox 158 3063 1484 3158; baseline 0.001 -25"><span class='ocrx_word' id='word_1_242' title='bbox 158 3091 223 3158; x_wconf 82' lang='lat' dir='ltr'><strong>que</strong></span> <span class='ocrx_word' id='word_1_243' title='bbox 234 3079 266 3134; x_wconf 88' lang='lat' dir='ltr'><strong>et</strong></span> <span class='ocrx_word' id='word_1_244' title='bbox 280 3068 392 3157; x_wconf 73' lang='lat' dir='ltr'><strong>ipsam</strong></span> <span class='ocrx_word' id='word_1_245' title='bbox 406 3077 439 3132; x_wconf 87' lang='lat' dir='ltr'><strong>et</strong></span> <span class='ocrx_word' id='word_1_246' title='bbox 450 3087 582 3147; x_wconf 80' lang='lat' dir='ltr'><strong>omnes,</strong></span> <span class='ocrx_word' id='word_1_247' title='bbox 603 3064 667 3154; x_wconf 80' lang='lat' dir='ltr'><strong>qai</strong></span> <span class='ocrx_word' id='word_1_248' title='bbox 683 3076 925 3131; x_wconf 79' lang='lat' dir='ltr'><strong>consenserent</strong></span> <span class='ocrx_word' id='word_1_249' title='bbox 948 3065 996 3146; x_wconf 86' lang='lat' dir='ltr'><strong>ei,</strong></span> <span class='ocrx_word' id='word_1_250' title='bbox 1021 3077 1059 3131; x_wconf 86' lang='lat' dir='ltr'><strong>at</strong></span> <span class='ocrx_word' id='word_1_251' title='bbox 1070 3063 1302 3153; x_wconf 78' lang='lat' dir='ltr'><strong>fornicaretur</strong></span> <span class='ocrx_word' id='word_1_252' title='bbox 1317 3087 1394 3132; x_wconf 77' lang='lat' dir='ltr'><strong>crem</strong></span> <span class='ocrx_word' id='word_1_253' title='bbox 1411 3070 1484 3134; x_wconf 87' lang='lat' dir='ltr'><strong>Mo-</strong></span> 
     </span>
     <span class='ocr_line' id='line_1_25' title="bbox 160 3170 1484 3262; baseline 0.001 -22"><span class='ocrx_word' id='word_1_254' title='bbox 160 3173 236 3240; x_wconf 79' lang='lat' dir='ltr'><strong>lect</strong></span> <span class='ocrx_word' id='word_1_255' title='bbox 261 3200 299 3256; x_wconf 86' lang='lat'><strong>»,</strong></span> <span class='ocrx_word' id='word_1_256' title='bbox 325 3174 349 3240; x_wconf 90' lang='lat' dir='ltr'><strong>i.</strong></span> <span class='ocrx_word' id='word_1_257' title='bbox 374 3193 403 3240; x_wconf 91' lang='lat' dir='ltr'><strong>e.</strong></span> <span class='ocrx_word' id='word_1_258' title='bbox 428 3194 506 3239; x_wconf 92' lang='lat' dir='ltr'><strong>oum</strong></span> <span class='ocrx_word' id='word_1_259' title='bbox 531 3171 744 3258; x_wconf 87' lang='lat' dir='ltr'><strong>alienigena,</strong></span> <span class='ocrx_word' id='word_1_260' title='bbox 770 3198 786 3231; x_wconf 74' lang='grc' dir='ltr'><strong>κ</strong></span> <span class='ocrx_word' id='word_1_261' title='bbox 811 3170 853 3238; x_wconf 88' lang='lat' dir='ltr'><strong>de</strong></span> <span class='ocrx_word' id='word_1_262' title='bbox 878 3170 991 3238; x_wconf 80' lang='lat' dir='ltr'><strong>aredio</strong></span> <span class='ocrx_word' id='word_1_263' title='bbox 1013 3171 1140 3262; x_wconf 86' lang='lat' dir='ltr'><strong>papali</strong></span> <span class='ocrx_word' id='word_1_264' title='bbox 1167 3172 1222 3238; x_wconf 84' lang='lat' dir='ltr'><strong>sai</strong></span> <span class='ocrx_word' id='word_1_265' title='bbox 1245 3197 1275 3240; x_wconf 76' lang='lat' dir='ltr'><strong>a.</strong></span> <span class='ocrx_word' id='word_1_266' title='bbox 1304 3175 1484 3241; x_wconf 87' lang='lat' dir='ltr'><strong>Nervosius</strong></span> 
     </span>
     <span class='ocr_line' id='line_1_26' title="bbox 160 3277 1483 3370; baseline 0 -23"><span class='ocrx_word' id='word_1_267' title='bbox 160 3283 262 3348; x_wconf 84' lang='lat' dir='ltr'><strong>Hebr.</strong></span> <span class='ocrx_word' id='word_1_268' title='bbox 278 3301 291 3345; x_wconf 94' lang='lat'><strong>.·</strong></span> <span class='ocrx_word' id='word_1_269' title='bbox 306 3279 369 3370; x_wconf 87' lang='lat' dir='ltr'><strong>qai</strong></span> <span class='ocrx_word' id='word_1_270' title='bbox 380 3278 546 3366; x_wconf 79' lang='lat' dir='ltr'><strong>fornicati</strong></span> <span class='ocrx_word' id='word_1_271' title='bbox 559 3290 640 3344; x_wconf 78' lang='lat' dir='ltr'><strong>sant</strong></span> <span class='ocrx_word' id='word_1_272' title='bbox 654 3300 733 3344; x_wconf 84' lang='lat' dir='ltr'><strong>eum</strong></span> <span class='ocrx_word' id='word_1_273' title='bbox 748 3277 819 3368; x_wconf 64' lang='lat' dir='ltr'><strong>epiro</strong></span> <span class='ocrx_word' id='word_1_274' title='bbox 836 3277 873 3343; x_wconf 85' lang='lat' dir='ltr'><strong>in</strong></span> <span class='ocrx_word' id='word_1_275' title='bbox 882 3277 1092 3366; x_wconf 82' lang='lat' dir='ltr'><strong>fornicando</strong></span> <span class='ocrx_word' id='word_1_276' title='bbox 1108 3300 1185 3344; x_wconf 84' lang='lat' dir='ltr'><strong>cam</strong></span> <span class='ocrx_word' id='word_1_277' title='bbox 1198 3279 1403 3369; x_wconf 75' lang='lat' dir='ltr'><strong>alienipena.</strong></span> <span class='ocrx_word' id='word_1_278' title='bbox 1422 3279 1483 3358; x_wconf 83' lang='lat' dir='ltr'><strong>Qui</strong></span> 
     </span>
     <span class='ocr_line' id='line_1_27' title="bbox 165 3382 1484 3476; baseline 0 -22"><span class='ocrx_word' id='word_1_279' title='bbox 165 3386 258 3454; x_wconf 88' lang='lat' dir='ltr'><strong>enim</strong></span> <span class='ocrx_word' id='word_1_280' title='bbox 272 3385 413 3454; x_wconf 88' lang='lat' dir='ltr'><strong>alterius</strong></span> <span class='ocrx_word' id='word_1_281' title='bbox 423 3389 602 3475; x_wconf 89' lang='lat' dir='ltr'><strong>peccatum</strong></span> <span class='ocrx_word' id='word_1_282' title='bbox 617 3384 757 3452; x_wconf 86' lang='lat' dir='ltr'><strong>adiuvat</strong></span> <span class='ocrx_word' id='word_1_283' title='bbox 767 3383 822 3450; x_wconf 91' lang='lat' dir='ltr'><strong>vel</strong></span> <span class='ocrx_word' id='word_1_284' title='bbox 837 3382 1005 3463; x_wconf 81' lang='lat' dir='ltr'><strong>defendit,</strong></span> <span class='ocrx_word' id='word_1_285' title='bbox 1023 3385 1096 3452; x_wconf 89' lang='lat' dir='ltr'><strong>eius</strong></span> <span class='ocrx_word' id='word_1_286' title='bbox 1113 3386 1245 3475; x_wconf 85' lang='lat' dir='ltr'><strong>peceati</strong></span> <span class='ocrx_word' id='word_1_287' title='bbox 1256 3385 1330 3474; x_wconf 91' lang='lat' dir='ltr'><strong>ipse</strong></span> <span class='ocrx_word' id='word_1_288' title='bbox 1346 3408 1484 3476; x_wconf 90' lang='lat' dir='ltr'><strong>quoquc</strong></span> 
     </span>
     <span class='ocr_line' id='line_1_28' title="bbox 159 3491 1484 3582; baseline 0 -20"><span class='ocrx_word' id='word_1_289' title='bbox 159 3517 236 3562; x_wconf 89' lang='lat' dir='ltr'><strong>reus</strong></span> <span class='ocrx_word' id='word_1_290' title='bbox 251 3493 300 3560; x_wconf 87' lang='lat' dir='ltr'><strong>fit.</strong></span> <span class='ocrx_word' id='word_1_291' title='bbox 323 3497 390 3560; x_wconf 86' lang='lat' dir='ltr'><strong>Hae</strong></span> <span class='ocrx_word' id='word_1_292' title='bbox 414 3513 518 3582; x_wconf 91' lang='lat' dir='ltr'><strong>porro</strong></span> <span class='ocrx_word' id='word_1_293' title='bbox 542 3492 655 3560; x_wconf 87' lang='lat' dir='ltr'><strong>minae</strong></span> <span class='ocrx_word' id='word_1_294' title='bbox 671 3491 855 3559; x_wconf 87' lang='lat' dir='ltr'><strong>includunt</strong></span> <span class='ocrx_word' id='word_1_295' title='bbox 867 3491 1018 3559; x_wconf 89' lang='lat' dir='ltr'><strong>lautores</strong></span> <span class='ocrx_word' id='word_1_296' title='bbox 1033 3493 1136 3558; x_wconf 89' lang='lat' dir='ltr'><strong>etiam</strong></span> <span class='ocrx_word' id='word_1_297' title='bbox 1154 3491 1247 3576; x_wconf 90' lang='lat' dir='ltr'><strong>illos,</strong></span> <span class='ocrx_word' id='word_1_298' title='bbox 1265 3493 1325 3581; x_wconf 92' lang='lat' dir='ltr'><strong>qui</strong></span> <span class='ocrx_word' id='word_1_299' title='bbox 1345 3493 1484 3580; x_wconf 85' lang='lat' dir='ltr'><strong>cognati</strong></span> 
     </span>
     <span class='ocr_line' id='line_1_29' title="bbox 168 3605 378 3668; baseline 0 0"><span class='ocrx_word' id='word_1_300' title='bbox 168 3623 237 3668; x_wconf 91' lang='lat' dir='ltr'><strong>non</strong></span> <span class='ocrx_word' id='word_1_301' title='bbox 254 3605 378 3668; x_wconf 88' lang='lat' dir='ltr'><strong>essent.</strong></span> 
     </span>
    </p>
   </div>
   <div class='ocr_carea' id='block_1_5' title="bbox 522 3727 1120 3804">
    <p class='ocr_par' dir='ltr' id='par_1_5' title="bbox 522 3727 1120 3804">
     <span class='ocr_line' id='line_1_30' title="bbox 522 3727 1120 3804; baseline 0.003 -16"><span class='ocrx_word' id='word_1_302' title='bbox 522 3744 544 3804; x_wconf 88' lang='grc' dir='ltr'><strong>β.</strong></span> <span class='ocrx_word' id='word_1_303' title='bbox 561 3742 659 3788; x_wconf 84' lang='lat' dir='ltr'><strong>Poenae</strong></span> <span class='ocrx_word' id='word_1_304' title='bbox 674 3742 855 3788; x_wconf 87' lang='lat' dir='ltr'><strong>consulentium</strong></span> <span class='ocrx_word' id='word_1_305' title='bbox 871 3753 957 3800; x_wconf 83' lang='lat' dir='ltr'><strong>magos</strong></span> <span class='ocrx_word' id='word_1_306' title='bbox 973 3727 1035 3788; x_wconf 75' lang='lat' dir='ltr'><strong>L&#39;ev.</strong></span> <span class='ocrx_word' id='word_1_307' title='bbox 1056 3743 1120 3800; x_wconf 81' lang='grc'>20,6.</span> 
     </span>
    </p>
   </div>
   <div class='ocr_carea' id='block_1_6' title="bbox 157 3917 1487 4544">
    <p class='ocr_par' dir='ltr' id='par_1_6' title="bbox 157 3917 1487 4544">
     <span class='ocr_line' id='line_1_31' title="bbox 203 3917 1486 4010; baseline -0.001 -22"><span class='ocrx_word' id='word_1_308' title='bbox 203 3945 237 3988; x_wconf 89' lang='lat' dir='ltr'><strong>v.</strong></span> <span class='ocrx_word' id='word_1_309' title='bbox 254 3928 274 3987; x_wconf 84' lang='lat'><strong>6</strong></span> <span class='ocrx_word' id='word_1_310' title='bbox 292 3949 308 3982; x_wconf 90' lang='lat'>«</span> <span class='ocrx_word' id='word_1_311' title='bbox 326 3920 469 4004; x_wconf 87' lang='lat' dir='ltr'><strong>Anima,</strong></span> <span class='ocrx_word' id='word_1_312' title='bbox 489 3943 578 4009; x_wconf 78' lang='lat' dir='ltr'><strong>qaae</strong></span> <span class='ocrx_word' id='word_1_313' title='bbox 597 3918 820 3987; x_wconf 83' lang='lat' dir='ltr'><strong>declinaverit</strong></span> <span class='ocrx_word' id='word_1_314' title='bbox 834 3917 883 3985; x_wconf 92' lang='lat' dir='ltr'><strong>ad</strong></span> <span class='ocrx_word' id='word_1_315' title='bbox 896 3941 1015 4008; x_wconf 75' lang='lat' dir='ltr'><strong>acopos</strong></span> <span class='ocrx_word' id='word_1_316' title='bbox 1030 3931 1063 3984; x_wconf 90' lang='lat' dir='ltr'><strong>et</strong></span> <span class='ocrx_word' id='word_1_317' title='bbox 1076 3917 1204 3986; x_wconf 77' lang='lat' dir='ltr'><strong>ariolos</strong></span> <span class='ocrx_word' id='word_1_318' title='bbox 1221 3946 1237 3982; x_wconf 76' lang='lat' dir='ltr'><strong>a</strong></span> <span class='ocrx_word' id='word_1_319' title='bbox 1256 3918 1398 4010; x_wconf 68' lang='lat' dir='ltr'><strong>(latr),</strong></span> <span class='ocrx_word' id='word_1_320' title='bbox 1420 3950 1435 3982; x_wconf 88' lang='lat'>«</span> <span class='ocrx_word' id='word_1_321' title='bbox 1453 3932 1486 3986; x_wconf 89' lang='lat' dir='ltr'><strong>et</strong></span> 
     </span>
     <span class='ocr_line' id='line_1_32' title="bbox 157 4024 1486 4116; baseline -0.002 -21"><span class='ocrx_word' id='word_1_322' title='bbox 157 4027 336 4116; x_wconf 76' lang='lat' dir='ltr'><strong>fornicata</strong></span> <span class='ocrx_word' id='word_1_323' title='bbox 345 4026 458 4116; x_wconf 84' lang='lat' dir='ltr'><strong>suerit</strong></span> <span class='ocrx_word' id='word_1_324' title='bbox 478 4048 554 4094; x_wconf 83' lang='lat' dir='ltr'><strong>cnm</strong></span> <span class='ocrx_word' id='word_1_325' title='bbox 572 4026 635 4109; x_wconf 82' lang='lat' dir='ltr'><strong>eir,</strong></span> <span class='ocrx_word' id='word_1_326' title='bbox 650 4048 778 4116; x_wconf 85' lang='lat' dir='ltr'><strong>ponam</strong></span> <span class='ocrx_word' id='word_1_327' title='bbox 799 4024 927 4114; x_wconf 78' lang='lat' dir='ltr'><strong>[aciem</strong></span> <span class='ocrx_word' id='word_1_328' title='bbox 951 4046 1062 4092; x_wconf 86' lang='lat' dir='ltr'><strong>meam</strong></span> <span class='ocrx_word' id='word_1_329' title='bbox 1082 4039 1201 4092; x_wconf 88' lang='lat' dir='ltr'><strong>contra</strong></span> <span class='ocrx_word' id='word_1_330' title='bbox 1220 4047 1311 4106; x_wconf 81' lang='lat' dir='ltr'><strong>eant,</strong></span> <span class='ocrx_word' id='word_1_331' title='bbox 1330 4038 1362 4092; x_wconf 91' lang='lat' dir='ltr'><strong>et</strong></span> <span class='ocrx_word' id='word_1_332' title='bbox 1381 4025 1486 4094; x_wconf 86' lang='lat' dir='ltr'><strong>inter·</strong></span> 
     </span>
     <span class='ocr_line' id='line_1_33' title="bbox 157 4130 1487 4224; baseline -0.002 -22"><span class='ocrx_word' id='word_1_333' title='bbox 157 4134 276 4224; x_wconf 78' lang='lat' dir='ltr'><strong>ficiam</strong></span> <span class='ocrx_word' id='word_1_334' title='bbox 292 4132 390 4200; x_wconf 85' lang='lat' dir='ltr'><strong>illam</strong></span> <span class='ocrx_word' id='word_1_335' title='bbox 405 4132 445 4202; x_wconf 91' lang='lat' dir='ltr'><strong>de</strong></span> <span class='ocrx_word' id='word_1_336' title='bbox 459 4132 572 4200; x_wconf 87' lang='lat' dir='ltr'><strong>medio</strong></span> <span class='ocrx_word' id='word_1_337' title='bbox 582 4132 705 4223; x_wconf 85' lang='lat' dir='ltr'><strong>papali</strong></span> <span class='ocrx_word' id='word_1_338' title='bbox 718 4132 773 4198; x_wconf 85' lang='lat' dir='ltr'><strong>sai</strong></span> <span class='ocrx_word' id='word_1_339' title='bbox 788 4159 817 4200; x_wconf 88' lang='lat'><strong>».</strong></span> <span class='ocrx_word' id='word_1_340' title='bbox 840 4159 856 4194; x_wconf 75' lang='grc' dir='ltr'><strong>ι(</strong></span> <span class='ocrx_word' id='word_1_341' title='bbox 872 4135 928 4198; x_wconf 79' lang='lat' dir='ltr'><strong>ast</strong></span> <span class='ocrx_word' id='word_1_342' title='bbox 940 4131 1029 4198; x_wconf 88' lang='lat' dir='ltr'><strong>enim</strong></span> <span class='ocrx_word' id='word_1_343' title='bbox 1044 4130 1211 4222; x_wconf 84' lang='lat' dir='ltr'><strong>implicite</strong></span> <span class='ocrx_word' id='word_1_344' title='bbox 1226 4130 1395 4221; x_wconf 88' lang='lat' dir='ltr'><strong>quaedam</strong></span> <span class='ocrx_word' id='word_1_345' title='bbox 1408 4132 1487 4200; x_wconf 90' lang='lat' dir='ltr'><strong>ido-</strong></span> 
     </span>
     <span class='ocr_line' id='line_1_34' title="bbox 160 4236 1487 4330; baseline -0.001 -23"><span class='ocrx_word' id='word_1_346' title='bbox 160 4240 296 4308; x_wconf 87' lang='lat' dir='ltr'><strong>lolatria</strong></span> <span class='ocrx_word' id='word_1_347' title='bbox 324 4246 426 4330; x_wconf 87' lang='lat' dir='ltr'><strong>atque</strong></span> <span class='ocrx_word' id='word_1_348' title='bbox 456 4240 541 4306; x_wconf 87' lang='lat' dir='ltr'><strong>adeo</strong></span> <span class='ocrx_word' id='word_1_349' title='bbox 575 4245 609 4306; x_wconf 90' lang='lat' dir='ltr'><strong>et</strong></span> <span class='ocrx_word' id='word_1_350' title='bbox 640 4237 825 4329; x_wconf 89' lang='lat' dir='ltr'><strong>spiritualis</strong></span> <span class='ocrx_word' id='word_1_351' title='bbox 855 4236 1052 4318; x_wconf 83' lang='lat' dir='ltr'><strong>fornicatio,</strong></span> <span class='ocrx_word' id='word_1_352' title='bbox 1083 4238 1295 4305; x_wconf 88' lang='lat' dir='ltr'><strong>adaemone</strong></span> <span class='ocrx_word' id='word_1_353' title='bbox 1320 4261 1487 4329; x_wconf 90' lang='lat' dir='ltr'><strong>responsa</strong></span> 
     </span>
     <span class='ocr_line' id='line_1_35' title="bbox 161 4344 1487 4438; baseline -0.004 -23"><span class='ocrx_word' id='word_1_354' title='bbox 161 4368 327 4438; x_wconf 89' lang='lat' dir='ltr'><strong>quaerere</strong></span> <span class='ocrx_word' id='word_1_355' title='bbox 346 4346 530 4415; x_wconf 85' lang='lat' dir='ltr'><strong>defuturis</strong></span> <span class='ocrx_word' id='word_1_356' title='bbox 547 4346 602 4413; x_wconf 89' lang='lat' dir='ltr'><strong>vel</strong></span> <span class='ocrx_word' id='word_1_357' title='bbox 617 4345 801 4412; x_wconf 89' lang='lat' dir='ltr'><strong>internis...</strong></span> <span class='ocrx_word' id='word_1_358' title='bbox 819 4345 880 4424; x_wconf 85' lang='lat' dir='ltr'><strong>Qui</strong></span> <span class='ocrx_word' id='word_1_359' title='bbox 896 4344 938 4411; x_wconf 91' lang='lat' dir='ltr'><strong>de</strong></span> <span class='ocrx_word' id='word_1_360' title='bbox 953 4345 994 4411; x_wconf 92' lang='lat' dir='ltr'><strong>iis</strong></span> <span class='ocrx_word' id='word_1_361' title='bbox 1013 4344 1216 4413; x_wconf 86' lang='lat' dir='ltr'><strong>daemonem</strong></span> <span class='ocrx_word' id='word_1_362' title='bbox 1237 4346 1435 4430; x_wconf 89' lang='lat' dir='ltr'><strong>consulunt,</strong></span> <span class='ocrx_word' id='word_1_363' title='bbox 1456 4346 1487 4412; x_wconf 89' lang='lat' dir='ltr'><strong>ei</strong></span> 
     </span>
     <span class='ocr_line' id='line_1_36' title="bbox 158 4451 1031 4544; baseline -0.003 -22"><span class='ocrx_word' id='word_1_364' title='bbox 158 4452 334 4522; x_wconf 88' lang='lat' dir='ltr'><strong>scientiam</strong></span> <span class='ocrx_word' id='word_1_365' title='bbox 348 4457 416 4520; x_wconf 84' lang='lat' dir='ltr'><strong>Deo</strong></span> <span class='ocrx_word' id='word_1_366' title='bbox 428 4454 607 4544; x_wconf 84' lang='lat' dir='ltr'><strong>propriam</strong></span> <span class='ocrx_word' id='word_1_367' title='bbox 625 4451 819 4520; x_wconf 89' lang='lat' dir='ltr'><strong>attribuunt</strong></span> <span class='ocrx_word' id='word_1_368' title='bbox 837 4479 854 4515; x_wconf 74' lang='lat' dir='ltr'><strong>a</strong></span> <span class='ocrx_word' id='word_1_369' title='bbox 868 4451 1031 4540; x_wconf 70' lang='lat' dir='ltr'><strong>(densa).</strong></span> 
     </span>
    </p>
   </div>
   <div class='ocr_carea' id='block_1_7' title="bbox 560 4915 1101 4960">
    <p class='ocr_par' dir='ltr' id='par_1_7' title="bbox 560 4915 1101 4960">
     <span class='ocr_line' id='line_1_37' title="bbox 560 4915 1101 4960; baseline 0 0"><span class='ocrx_word' id='word_1_370' title='bbox 560 4923 733 4960; x_wconf 73' lang='lat' dir='ltr'><strong>transnatare.</strong></span> <span class='ocrx_word' id='word_1_371' title='bbox 752 4935 784 4947; x_wconf 90' lang='lat'>-</span> <span class='ocrx_word' id='word_1_372' title='bbox 801 4922 827 4960; x_wconf 82' lang='lat' dir='ltr'><strong>nt</strong></span> <span class='ocrx_word' id='word_1_373' title='bbox 844 4923 884 4958; x_wconf 82' lang='lat' dir='ltr'><strong>ex.</strong></span> <span class='ocrx_word' id='word_1_374' title='bbox 904 4923 934 4958; x_wconf 81' lang='lat' dir='ltr'><strong>ar</strong></span> <span class='ocrx_word' id='word_1_375' title='bbox 951 4923 1005 4960; x_wconf 79' lang='lat' dir='ltr'><strong>rev.</strong></span> <span class='ocrx_word' id='word_1_376' title='bbox 1023 4935 1055 4947; x_wconf 93' lang='lat'><strong>·-</strong></span> <span class='ocrx_word' id='word_1_377' title='bbox 1071 4915 1101 4960; x_wconf 82' lang='lat'><strong>32</strong></span> 
     </span>
    </p>
   </div>
   <div class='ocr_carea' id='block_1_8' title="bbox 0 0 1785 5380">
    <p class='ocr_par' dir='ltr' id='par_1_8' title="bbox 0 0 1785 5380">
     <span class='ocr_line' id='line_1_38' title="bbox 0 0 1785 5380; baseline 0 0"><span class='ocrx_word' id='word_1_378' title='bbox 0 0 1785 5380; x_wconf 95' lang='lat' dir='ltr'><strong> </strong></span> 
     </span>
    </p>
   </div>
  </div>
 </body>
</html>
