3534 5384
720 385 786 427 nar.
811 369 873 440 5,i.
898 385 960 436 soe.
1449 371 1507 430 385

173 518 226 584 eei
240 517 327 584 decos
339 517 458 608 qiullos
473 518 709 584 columbarum
722 517 883 601 Domino,
903 539 1010 584 einum
1019 538 1085 606 pro
1095 530 1237 608 peccato
1257 531 1288 584 et
1305 519 1452 586 alterum
1468 520 1504 586 in

172 624 409 692 holocaustum
433 651 462 690 ».
487 624 613 690 Eadem
633 624 882 712 purificationis
901 623 1030 690 oblatio
1053 629 1130 703 iis
1149 625 1359 715 pauperibus
1379 625 1502 694 indici-

173 740 240 814 tur,
256 731 304 798 ita
321 736 437 797 tamen
457 736 493 797 ut
508 731 722 797 offerendum
737 731 906 798 scribatur
924 757 940 792 u
961 730 1119 797 nnumin
1137 730 1376 826 holocaustum
1396 739 1431 800 et
1450 732 1501 800 al-

174 844 287 905 terum
306 860 370 928 pro
384 844 525 927 peccato
539 864 570 904 n.
592 836 762 904 Audacius
776 859 817 904 ex
835 838 908 903 solo
922 837 1108 904 verborum
1130 836 1249 904 ordine
1273 836 1377 905 infert
1394 841 1500 928 Areq,

171 944 208 1010 in
233 943 470 1033 purificatione
501 943 722 1033 praecessisse
754 943 993 1010 holocaustum
1021 943 1226 1010 sacrificium
1253 966 1318 1034 pro
1341 955 1499 1034 peccato,
1593 949 1596 956 “

172 1054 289 1116 nostro
306 1071 388 1116 vero
409 1050 482 1127 loco
506 1049 724 1117 subsecutum
743 1072 827 1117 esse.
852 1072 885 1115 v.
908 1057 928 1117 8
947 1079 962 1110 «
981 1049 1150 1139 Dabitque
1167 1073 1222 1116 eos
1241 1050 1425 1136 sacerdoti,
1444 1053 1506 1142 qui

168 1156 326 1246 primum
342 1158 491 1246 offerens
510 1185 526 1217 u
544 1154 657 1235 illum,
674 1155 737 1246 qui
750 1169 799 1223 est
815 1183 832 1218 «
840 1179 906 1247 pro
914 1169 1073 1246 peccato,
1091 1158 1294 1246 retorquebit
1310 1170 1413 1246 capiet
1430 1155 1503 1224 eius

173 1262 397 1352 adpennulas
413 1291 443 1347 u,
456 1302 501 1314 -
512 1265 614 1330 Hebr.
633 1284 646 1328 .·
660 1262 896 1352 auelleteuput
909 1263 983 1329 eius
995 1285 1013 1330 e
1027 1263 1167 1352 reqione
1182 1261 1336 1346 ceruicis,
1355 1265 1397 1330 ci.
1415 1286 1503 1353 quac

176 1369 376 1437 dicebamus
395 1369 440 1437 ad
463 1375 542 1454 1,111
565 1392 640 1459 sqq.
662 1369 810 1438 -rita
831 1381 869 1436 ut
887 1369 987 1456 [collo
1008 1369 1161 1455 baereat,
1185 1369 1227 1458 ct]
1249 1393 1320 1436 non
1339 1371 1503 1460 [penitus]

175 1479 403 1565 abmunpatur
423 1503 452 1542 ».
475 1498 507 1543 v.
527 1482 547 1542 9
572 1505 588 1537 u
608 1478 655 1542 Et
671 1487 828 1567 asperqet
843 1475 883 1542 de
900 1476 1068 1566 sanquine
1083 1477 1155 1542 eius
1171 1477 1340 1565 parietem
1361 1477 1506 1563 altaris;

178 1582 354 1673 quidquid
373 1594 490 1650 cutem
513 1581 686 1672 reliquum
707 1582 835 1670 fuerit,
854 1583 965 1670 saciet
982 1581 1149 1649 distillare
1170 1581 1219 1648 ad
1237 1582 1504 1672 [teredomentum

174 1689 269 1770 eius,
287 1689 465 1780 [quiatpro
476 1702 620 1778 peccato
636 1701 684 1756 est
701 1711 735 1772 »3
755 1689 810 1755 vel
827 1687 889 1755 boc
902 1701 952 1755 cst
968 1688 1198 1777 (sacrificinm)
1209 1703 1444 1779 propomam,
1459 1691 1502 1758 ei.

177 1801 267 1878 tubi.
285 1801 340 1863 ib.
353 1819 385 1862 v.
403 1803 443 1863 10
459 1823 474 1856 a
491 1796 647 1862 Alterum
659 1819 736 1863 cero
749 1795 900 1863 adolebit
913 1795 1211 1876 r'nleolocaustum,
1228 1808 1266 1862 ut
1276 1795 1355 1885 sieri
1369 1797 1453 1864 solet
1468 1825 1502 1880 »‚

175 1903 245 1970 ritu
260 1908 338 1984 i‚15
352 1924 429 1992 sqq.
446 1901 634 1992 descripto;
654 1931 670 1963 ε
688 1902 889 1992 roqabitque
897 1925 963 1992 pro
986 1925 1024 1968 eo
1048 1899 1205 1970 sacerdos
1220 1903 1276 1990 [et]
1289 1924 1353 1990 pro
1363 1916 1504 1992 peceato

174 2011 265 2089 eius,
280 2020 315 2075 et
328 2007 520 2074 dimittetur
534 2009 567 2075 ei
581 2036 611 2076 n.

219 2138 252 2182 v.
279 2120 318 2180 11
345 2144 361 2176 (ι
385 2115 486 2196 Quod
503 2114 533 2180 si
553 2137 624 2182 non
645 2114 793 2204 quiverit
810 2137 934 2182 manus
956 2115 1028 2182 eius
1044 2115 1129 2181 duos
1145 2117 1431 2206 offerreturtares
1444 2129 1505 2182 aut

177 2220 263 2288 diros
292 2219 413 2312 pullos
446 2220 699 2304 columborum,
724 2223 846 2313 offeret
867 2243 931 2311 pro
950 2234 1095 2312 peccato
1123 2243 1193 2305 seco·
1213 2221 1348 2289 similae
1366 2234 1506 2312 partem

174 2326 257 2417 ephi
272 2325 442 2394 decimam
469 2355 485 2389 u
504 2348 568 2418 pro
582 2341 740 2418 peccato.
762 2356 778 2391 u
808 2331 888 2396 Non
908 2329 1020 2395 mittet
1038 2327 1075 2395 in
1094 2347 1170 2395 eam
1195 2325 1323 2414 oleant,
1349 2351 1410 2395 nee
1431 2329 1506 2395 titu-

175 2436 221 2499 ris
236 2432 376 2522 aliquid
393 2434 559 2524 imponet,
582 2435 665 2521 qnia
687 2457 751 2524 pro
769 2447 914 2525 peccato
936 2447 984 2502 est
1003 2464 1033 2500 ».
1055 2439 1143 2502 Haec
1167 2433 1334 2525 siquidem
1357 2458 1378 2503 a
1401 2434 1505 2502 sacri-

172 2540 259 2607 ficiis
284 2563 347 2630 pro
375 2547 515 2630 peccato
539 2541 819 2623 excludebantur,
846 2543 890 2610 ci.
919 2547 1017 2609 Num.
1041 2547 1131 2624 5,15.
1154 2563 1187 2609 v.
1211 2547 1252 2608 12
1274 2569 1290 2604 u
1318 2541 1506 2632 Tradetque

175 2669 250 2712 earn
264 2645 454 2728 sacerdoti,
475 2647 537 2737 qui
552 2647 701 2737 plenum
719 2672 761 2715 ea
778 2672 819 2715 ea
832 2647 1010 2739 puqillum
1028 2647 1208 2728 bactriani,
1226 2641 1388 2715 cremabit
1406 2671 1506 2738 srqier

175 2752 285 2820 altare
299 2753 336 2820 in
348 2756 598 2820 neom'mentum
609 2754 694 2841 cius,
713 2754 789 2844 [qui
801 2751 973 2840 obtulerit]
991 2781 1021 2837 n,
1039 2754 1062 2820 i.
1080 2777 1110 2821 e.
1130 2767 1307 2843 tamquam
1327 2775 1502 2838 oscaram,

175 2859 219 2926 ci.
240 2866 312 2942 22,
336 2882 436 2950 super
455 2860 702 2927 combustiones
724 2859 864 2926 Domini
878 2881 891 2925 .·
903 2860 966 2926 boc
986 2871 1032 2926 est
1042 2882 1110 2950 pro
1127 2872 1288 2950 peceato,·
1302 2881 1334 2928 v.
1355 2867 1394 2927 13
1418 2889 1433 2921 a
1452 2883 1506 2926 ro-

174 2987 263 3053 qans
278 2987 346 3056 pro
373 2965 432 3032 illo
461 2969 504 3054 [et
520 2966 675 3056 cupiens]
702 2995 717 3025 »
738 2989 804 3056 pro
822 2976 966 3055 peceato
986 2965 1075 3052 eius,
1098 2964 1193 3055 quod
1214 2966 1371 3056 peccauit
1389 2978 1508 3034 contra

179 3094 338 3138 unmnee
357 3071 444 3138 istis.
463 3071 676 3162 «Reliquam
692 3082 917 3160 aeropartem
937 3071 1008 3160 ipse
1030 3071 1163 3139 babebit
1181 3071 1218 3138 in
1235 3094 1425 3156 munere»,
1447 3095 1504 3140 seu

177 3191 356 3268 tonoquam
371 3178 558 3262 rnz'ncltam,
576 3179 619 3246 cf.
640 3184 673 3262 2,
689 3186 720 3244 3.

536 3425 558 3471 γ.
573 3408 624 3457 Ixx
635 3411 666 3458 dc
677 3410 797 3458 sacrificio
811 3424 856 3470 pro
865 3411 955 3459 delicto
967 3410 1024 3458 [ετ.
1038 3411 1148 3470 uit-op.

219 3587 297 3674 igi,
314 3588 363 3655 uti
382 3586 687 3677 praecedentibus,
704 3589 748 3655 de
766 3587 945 3676 sacrificiis
963 3589 1194 3677 expressiones
1208 3587 1360 3678 produnt
1376 3590 1504 3657 utrobi-

176 3715 242 3782 que
256 3695 395 3760 oaedem
412 3717 420 3764 :
437 3723 453 3757 «
467 3695 583 3761 anima
593 3717 682 3784 quae
692 3694 882 3783 peccaverit
895 3723 909 3754 1
928 3695 1033 3782 t5‚15.
1048 3702 1104 3774 173
1116 3694 1200 3784 63),
1216 3721 1232 3756 «
1249 3717 1310 3785 per
1319 3717 1471 3764 errorem
1485 3727 1500 3758 »

178 3799 299 3887 (uia),
319 3800 534 3890 «feceritque
548 3807 732 3868 unumetc.
753 3829 768 3859 a
787 3801 939 3891 (5,1r)‚«
957 3801 1109 3890 portabit
1124 3800 1342 3891 iniquitatem
1359 3830 1374 3862 »
1391 3803 1500 3891 (5,ii;

175 3903 219 3971 cf.
248 3906 333 3993 5,1),
358 3923 451 3971 1111111
473 3907 579 3998 (5,15.
606 3912 664 3989 18;
691 3907 779 3996 6,6);
805 3907 944 3974 tandem
964 3929 1041 3973 cum
1065 3914 1156 3990 5,16.
1185 3914 1243 3988 18;
1267 3915 1323 3988 o,i
1348 3908 1502 3975 conferas

176 4016 267 4093 into.
286 4017 340 4078 26.
360 4019 413 4080 31.
432 4021 490 4096 35;
505 4020 573 4096 5,6.
593 4021 645 4082 10.
665 4020 716 4081 ia.
733 4013 980 4081 immolationis
994 4013 1095 4095 ritus,
1108 4013 1167 4104 qui
1182 4035 1293 4102 neque
1308 4020 1364 4084 ss
1378 4013 1503 4080 descri-

176 4115 334 4198 bebatur,
352 4117 387 4184 b.
405 4120 427 4187 l.
446 4126 541 4187 tanto
557 4119 670 4187 minus
683 4119 901 4200 describitur,
919 4119 1012 4210 quod
1028 4120 1214 4187 secundum
1229 4127 1287 4202 ⁷‚7
1300 4120 1405 4186 fuerit
1419 4120 1503 4190 ada-

176 4221 318 4290 mussim
340 4224 432 4292 idem
455 4231 559 4316 atque
581 4227 666 4293 ritus
679 4225 835 4293 sacrificii
855 4249 919 4316 pro
943 4231 1092 4316 peccato.
1111 4226 1201 4293 lllud
1223 4226 1287 4292 hae
1305 4225 1399 4312 leges
1425 4250 1502 4317 pro-

175 4328 291 4420 prium
303 4329 451 4414 habent,
466 4332 619 4400 additam
632 4339 711 4416 5,16
725 4339 758 4400 et
773 4340 829 4417 c,5
840 4331 1106 4418 restitutionem,
1119 4331 1206 4399 illud
1216 4331 1311 4416 item,
1326 4333 1500 4400 victimam

174 4457 247 4502 non
267 4435 469 4526 simpliciter
487 4439 674 4528 praescribi
691 4439 849 4522 arietem,
870 4439 930 4506 sed
950 4439 1031 4506 addi
1050 4455 1149 4528 qni:
1170 4445 1261 4520 5,15.
1280 4445 1336 4521 183
1355 4447 1424 4524 aa.

211 4611 322 4662 Nomen
332 4616 390 4694 W
403 4613 519 4664 omnino
538 4618 620 4664 sonat
641 4615 867 4675 aestimationem,
887 4616 1005 4678 pretium
1025 4611 1067 4682 (ci.
1087 4612 1149 4674 17,3
1169 4609 1258 4680 sqq),
1277 4617 1305 4664 et
1325 4613 1365 4662 ita
1384 4611 1504 4662 reddunt

176 4703 333 4761 versiones,
349 4699 400 4752 sed
411 4698 543 4751 suffixum
557 4708 578 4783 q
592 4703 753 4754 constanter
766 4703 908 4766 ignorant.
924 4703 1041 4754 Videtur
1052 4701 1121 4752 illud
1137 4713 1236 4764 reapse
1253 4713 1319 4758 cum
1332 4701 1445 4756 nomine
1464 4701 1504 4750 ita

177 4789 331 4851 coaluisse,
349 4794 381 4840 ut
398 4788 524 4840 nativam
543 4788 778 4855 significationem
798 4793 909 4854 penitus
928 4791 1053 4842 amiserit
1073 4803 1079 4838 :
1101 4788 1135 4840 ci.
1152 4790 1272 4843 similem
1292 4789 1502 4856 expressionem

595 4899 768 4934 ructuatione.
785 4911 817 4922 -
832 4898 859 4935 111
874 4898 915 4933 nx.
934 4897 965 4934 er
983 4897 1038 4934 inv.
1055 4910 1087 4922 ·-
1104 4889 1133 4933 25
