3534 5384
287 379 349 440 sto
687 393 832 440 rovouru
854 395 1011 440 sacrosan
1031 395 1222 441 rrsmrurro.

285 527 368 596 deas
396 540 511 595 autem
529 527 697 620 papatus,
732 527 827 617 qaod
854 551 988 596 maram
1012 531 1147 618 faceret
1175 527 1401 597 descendenti
1431 529 1473 596 de
1501 545 1620 598 arante

284 638 432 725 Moyses,
451 647 679 726 congregatus
698 633 860 702 adversus
879 639 997 702 Aaron
1020 664 1036 697 a
1051 673 1098 685 -
1114 641 1205 704 certe
1224 663 1241 696 a
1262 640 1382 703 eontra
1408 634 1620 705 voluntatem

286 747 397 809 Aaron
416 770 432 804 »
447 741 562 831 (Tost.)
578 793 586 824 ,
603 741 683 809 lieet
701 729 868 832 brutique
882 742 970 808 verti
984 742 1089 810 etiam
1100 741 1204 833 possit
1216 741 1265 809 od
1278 744 1398 832 (Mar.)
1414 781 1459 792 -
1470 769 1487 804 «
1501 743 1620 812 dieit:

286 849 414 938 Serpa,
435 849 496 937 sac
512 846 610 915 aodt's
630 846 729 930 deos,
751 847 812 938 qai
833 870 895 915 aas
907 846 1124 939 praecedant
1142 877 1172 915 ».
1194 848 1260 916 Sed
1284 851 1373 939 quo‘l
1395 877 1412 908 «
1439 853 1477 916 ln
1492 856 1621 918 terram

286 955 490 1045 promissam
512 981 545 1038 o,
562 953 676 1044 inquit
693 957 786 1022 [aas.
810 959 891 1038 :at,
906 957 935 1022 si
947 955 1017 1022 iam
1035 976 1104 1023 non
1117 951 1197 1022 salis
1210 953 1364 1023 fidebant
1379 955 1494 1040 lahve,
1506 976 1620 1047 neque

288 1066 400 1128 terrae
415 1061 601 1151 promissae
615 1060 784 1129 desiderio
797 1061 1020 1129 tenebantur.
1037 1090 1054 1123 «
1071 1066 1317 1151 inaegyptum
1336 1089 1370 1144 »,
1386 1062 1501 1152 inquit
1517 1061 1621 1129 Yltoo·

290 1167 396 1234 daret.
405 1187 420 1251 ,·
435 1173 467 1234 et
485 1171 582 1234 notat
601 1169 715 1249 Prae,
732 1167 879 1235 vitulum
891 1189 1035 1236 aureum
1052 1167 1153 1235 fuisse
1169 1195 1186 1229 «
1204 1168 1444 1256 aegyptiacam
1457 1170 1622 1260 supersti-

288 1273 416 1340 tionem
438 1298 468 1340 o.
497 1277 623 1341 Tamen
647 1279 773 1360 Moyses
796 1279 914 1364 postea
939 1275 1070 1364 populo
1098 1295 1211 1364 neque
1238 1276 1468 1342 renuntiatam
1493 1281 1621 1342 terram

289 1379 494 1470 promissam
511 1401 622 1470 neque
634 1381 776 1468 petitam
792 1384 987 1471 Aegyptum
1001 1379 1163 1448 obiectat.
1182 1385 1276 1466 Ergo
1290 1379 1475 1448 dicendum
1491 1383 1619 1464 verius,

288 1485 456 1576 populum
474 1484 575 1553 illum
590 1506 708 1554 morae
722 1490 929 1576 pertaesum,
943 1487 1035 1577 quod
1052 1487 1211 1554 columna
1225 1509 1297 1554 non
1307 1494 1519 1571 moveretur,
1537 1487 1622 1555 illud

288 1591 492 1682 postulasse,
509 1599 579 1659 ute
596 1593 723 1659 montis
742 1592 837 1660 Sinai
854 1593 988 1660 deserto
1004 1594 1042 1660 in
1060 1593 1228 1660 lertiliora
1241 1592 1382 1660 tandem
1400 1593 1477 1662 loea
1497 1593 1622 1661 eduee-

291 1703 397 1766 retur.
414 1699 490 1765 Veri
514 1702 628 1766 autem
643 1699 859 1766 simillimum
878 1702 943 1783 est,
961 1721 1018 1767 eos
1035 1721 1114 1766 mox
1132 1699 1295 1766 abdicata
1311 1700 1405 1767 omni
1417 1705 1529 1768 terrae
1544 1723 1624 1790 pro·

292 1803 412 1872 missae
427 1825 487 1893 spe
504 1806 540 1872 in
558 1809 752 1895 Aegyptum
766 1827 956 1874 arcessuros
969 1806 1085 1874 fuisse.

334 1915 387 1978 An
404 1932 509 2001 porro
527 1911 615 1978 illud
635 1910 680 1979 ab
699 1917 833 1980 barone
851 1917 1006 2003 petentes
1020 1936 1042 1980 a
1054 1911 1300 1980 monotheismo
1316 1914 1387 1980 iam
1407 1913 1625 1981 deiecerant?

292 2021 424 2106 Negant
450 2019 550 2102 Tora,
580 2017 671 2098 Gai,
695 2021 785 2085 illan.
812 2019 957 2109 aliique,
985 2024 1191 2100 statuentes,
1214 2019 1456 2086 lieetverbum
1483 2041 1627 2110 praera-

291 2123 377 2191 daat
392 2124 436 2192 sit
450 2144 593 2191 numero
605 2123 745 2214 plurali,
757 2125 925 2215 populum
937 2131 1055 2193 tamen
1068 2126 1210 2194 unicum
1226 2124 1328 2193 deum
1342 2132 1460 2217 petere
1474 2148 1482 2195 :
1500 2125 1625 2192 etenim

292 2251 417 2296 nomen
430 2229 563 2297 formae
578 2229 736 2320 pluraliS,
756 2231 896 2298 unicam
915 2237 1030 2299 tamen
1049 2254 1122 2300 rem
1139 2231 1194 2299 vel
1212 2255 1393 2321 personam
1413 2233 1623 2322 exprimens,

294 2334 500 2425 quandoque
520 2334 691 2402 adnexum
711 2337 840 2405 habere
858 2337 1003 2405 verbum
1026 2339 1132 2406 etiam
1151 2360 1297 2406 numero
1318 2338 1459 2429 plurali.
1475 2342 1627 2428 Respon-

295 2440 369 2507 deri
390 2445 514 2530 potest,
537 2441 657 2530 populi
683 2441 788 2508 verba
811 2465 930 2531 reapse
956 2465 1027 2512 esse
1050 2443 1215 2532 ambigua
1235 2450 1268 2512 et
1284 2469 1305 2512 a
1319 2445 1464 2512 diversis
1477 2444 1625 2535 potuisse

295 2545 428 2613 diverso
447 2569 547 2614 sensu
568 2547 737 2638 usurpari.
759 2548 824 2615 Sed
846 2548 1017 2617 efficacior
1035 2557 1170 2641 praesto
1181 2558 1231 2618 est
1243 2553 1433 2640 responsio,
1448 2573 1529 2618 voce
1544 2549 1623 2618 deos

293 2651 371 2720 illos
388 2674 459 2721 non
477 2652 677 2743 expressisse
696 2660 755 2722 aut
777 2677 909 2722 numen
932 2679 1042 2724 unum
1060 2663 1119 2724 aut
1139 2657 1282 2725 numina
1297 2657 1418 2748 plura,
1436 2657 1495 2726 sed
1509 2663 1568 2724 aut
1581 2657 1627 2724 si-

295 2759 484 2826 mulacrum
499 2782 607 2827 unum
623 2766 681 2828 aut
693 2761 875 2829 simulacra
890 2762 1008 2851 plura,
1025 2764 1154 2854 quippe
1166 2764 1232 2831 hoo
1250 2765 1353 2831 etiam
1368 2786 1468 2831 sensu
1487 2769 1627 2852 aooepto

296 2889 358 2932 vox
377 2887 502 2958 anceps
527 2871 652 2938 manet.
675 2872 714 2935 Et
731 2868 936 2936 crediderim
960 2869 1122 2959 equidem
1137 2869 1348 2937 desiderasse
1373 2878 1426 2938 sat
1448 2871 1629 2938 multossi-

297 2972 450 3040 mulaera
469 2975 588 3064 plura,
609 2975 751 3042 minime
763 2974 964 3042 definientes
975 2975 1069 3064 apud
1082 2999 1117 3042 se
1126 2997 1172 3042 an
1185 2976 1247 3044 illa
1261 2975 1430 3045 deberent
1444 2998 1514 3044 esse
1528 2974 1630 3042 unius

297 3100 341 3143 an
357 3078 506 3167 plurium
520 3080 680 3162 deorum;
699 3080 908 3148 desiderasse
924 3082 1009 3149 alios
1020 3082 1209 3149 simulacra
1227 3083 1314 3151 item
1320 3084 1439 3172 plura,
1456 3081 1515 3148 sed
1529 3081 1630 3150 unius

306 3185 387 3250 atili
404 3186 476 3264 Doi;
499 3185 634 3253 diversa
653 3187 780 3277 quippe
794 3186 903 3254 virtus
917 3188 1060 3255 divorsis
1076 3189 1179 3255 etiam
1195 3189 1348 3257 eiusdem
1368 3187 1521 3255 numinis
1531 3189 1634 3255 simu-

298 3288 400 3356 lacris
413 3291 640 3358 tribuebatur.
660 3297 755 3359 Certe
774 3301 909 3362 nonest
927 3294 1015 3361 ratio
1036 3293 1236 3362 adstruendi
1257 3296 1452 3362 universum
1465 3293 1631 3385 populum

296 3395 355 3483 (of.
378 3402 393 3461 1
421 3401 496 3463 Cor.
523 3397 614 3486 1051)
637 3397 673 3465 in
697 3397 930 3466 idololatriam
951 3423 1022 3467 esse
1048 3401 1264 3491 prolapsum,
1280 3401 1340 3468 sed
1360 3409 1434 3468 erat
1448 3407 1630 3490 peceatum

299 3501 469 3590 imprimis
491 3504 759 3594 separationis,
778 3505 872 3595 quod
897 3513 965 3573 Deo
986 3507 1158 3594 imagines
1177 3509 1292 3575 stricte
1308 3506 1519 3596 prohibente
1533 3512 1634 3595 puta·

298 3606 426 3692 verint,
443 3608 480 3674 in
492 3608 645 3696 imagine
666 3611 782 3701 aliqua
799 3612 918 3679 divina
937 3615 1047 3680 inesse
1061 3635 1162 3702 posse
1180 3613 1315 3700 virtutis
1332 3613 1522 3704 quidquam
1537 3613 1581 3678 ad
1598 3634 1633 3678 se

300 3713 475 3780 ducendos
490 3720 523 3782 et
537 3717 779 3805 protegendos
799 3745 814 3778 «
836 3720 950 3808 Moysi
964 3719 1073 3802 raim,
1096 3718 1176 3785 ltalc
1191 3719 1285 3802 viro,
1304 3720 1366 3809 qul
1381 3741 1442 3785 nos
1456 3718 1578 3786 adurit
1593 3716 1634 3783 de

301 3832 392 3889 terra
411 3823 580 3912 Aegypti,
604 3823 802 3913 ignoramus
828 3825 917 3913 quid
935 3825 1100 3892 acciderit
1120 3853 1135 3884 ι)
1159 3825 1216 3913 (ol.
1239 3831 1310 3893 Aet.
1330 3827 1437 3913 Lib).
1458 3830 1635 3892 Portento-

302 3949 380 3994 rum
401 3928 439 3995 in
460 3929 567 3996 exodo
586 3931 755 3998 saelorum
773 3932 844 3996 iam
866 3953 936 3998 non
950 3933 1182 4000 meminerunt
1203 3932 1325 4021 (aaa),
1344 3939 1403 3999 aut
1417 3955 1460 4000 ea
1478 3931 1634 4018 magicae

302 4034 437 4102 auidam
453 4036 606 4103 eiusdem
620 4038 737 4124 Moysis
751 4037 868 4105 virtuti
885 4038 1005 4105 allecta
1023 4038 1200 4116 tribuunt,
1219 4039 1404 4128 specialem
1427 4039 1486 4105 Dei
1499 4039 1535 4104 in
1549 4043 1637 4124 llos·-

303 4161 364 4206 sen
381 4140 636 4229 providentiam
650 4143 825 4229 ignorant.

347 4247 504 4313 Infirmas
524 4247 605 4314 fidei
631 4249 683 4314 vir
705 4253 818 4315 Aaron
838 4250 1074 4338 incertusque,
1101 4273 1206 4339 quam
1227 4256 1360 4339 partem
1388 4251 1485 4340 plebs
1508 4250 1641 4339 potissi-

301 4371 395 4416 mum
409 4359 618 4442 sequeretur,
636 4355 748 4421 fucata
763 4354 946 4446 prudentia
965 4356 1080 4422 omnia
1104 4355 1270 4424 confudit.
1288 4381 1321 4424 v.
1338 4365 1365 4423 2·
1377 4387 1393 4416 «
1411 4355 1576 4447 Dixitque
1591 4355 1641 4422 ad

305 4479 359 4522 aas
371 4459 488 4525 Aaron
507 4489 542 4543 a,
561 4461 689 4528 invitus
703 4467 805 4551 atque
824 4467 955 4529 terrore
967 4464 1144 4551 perculsus
1159 4464 1277 4552 (Tost.)
1298 4487 1305 4532 :
1324 4491 1340 4524 a
1361 4461 1479 4530 Tollite
1500 4463 1639 4528 laamas

306 4585 428 4630 aureas
438 4565 479 4632 tle
492 4589 637 4633 ttrorttta
648 4568 869 4657 filiorumque
884 4581 916 4634 et
927 4568 1083 4656 filiarum
1099 4583 1290 4636 termarum
1304 4570 1457 4653 ornabar,
1469 4581 1503 4634 et
1514 4568 1639 4656 offerte

306 4667 354 4735 ad
370 4693 422 4736 me
441 4701 471 4740 n.
489 4673 527 4739 ld
544 4675 654 4739 virum
669 4673 747 4741 fiete
761 4674 961 4762 postulasse,
973 4682 1087 4742 censet
1102 4679 1194 4765 naq.
1209 4696 1222 4740 .·
1234 4705 1250 4738 «
1262 4676 1419 4744 Difficilia
1436 4674 1639 4764 praeripere

306 4777 426 4861 voluit,
442 4786 480 4846 ul
495 4779 558 4846 hoe
572 4780 674 4846 modo
688 4802 744 4847 eos
757 4781 801 4848 ab
816 4781 875 4847 illa
888 4781 1079 4848 intentione
1094 4789 1310 4849 revocaret».
1323 4785 1372 4851 ef.
1385 4784 1501 4848 llattb.
1519 4786 1635 4861 27,17.
