3534 5384
742 330 810 373 rev.
833 314 905 385 943
928 330 990 383 soc.
1474 319 1530 378 521

198 486 276 532 cum
301 467 403 532 Hebe.
422 465 517 531 Sam.
547 461 666 529 Chald.
693 501 738 512 -
763 489 779 523 u
805 484 862 529 eas
887 464 1005 530 Aaron
1033 491 1048 525 n
1075 503 1119 514 -
1141 467 1237 533 Sam.
1260 468 1351 532 LXX
1370 471 1404 532 et
1425 467 1533 557 aliqui

199 571 333 639 codices
357 571 501 638 hebraei
526 582 560 636 et
578 568 649 659 filii
673 573 759 649 eius,
786 570 837 636 uti
865 574 921 638 Ex.
945 577 1043 654 aaut
1071 609 1115 622 -
1137 599 1152 632 (ι
1169 595 1191 637 a
1208 593 1345 662 vespere
1361 596 1467 663 usque
1487 574 1535 640 ad

199 700 300 746 mane
319 699 434 744 coram
452 675 614 759 Domino,
634 674 731 742 cultu
749 674 910 766 [rituque]
929 690 1097 767 perpetuo
1117 677 1154 743 in
1168 679 1451 766 qenerationibus
1465 705 1534 746 oes-
1610 763 1612 766 ι

202 785 263 851 tris
284 812 315 850 n.
336 807 368 849 v.
387 789 407 850 tr
424 813 440 845 κ
457 786 568 874 Super
585 781 830 849 candelabrum
845 781 1107 851 mundissimum
1124 810 1160 866 n,
1179 783 1203 850 i.
1223 807 1254 852 e.
1273 808 1313 853 ex
1334 807 1420 854 auro
1435 809 1535 854 mun-

201 891 340 958 dissimo
356 890 426 978 (Ex.
446 888 577 978 isat),
597 916 613 951 u
624 899 802 978 ponentur
814 911 947 980 semper
966 890 1003 956 in
1019 903 1200 982 conspectu
1212 891 1355 959 Domini
1369 919 1400 958 n.

244 1019 278 1064 v.
295 1004 316 1065 5
333 1024 349 1059 u
370 995 525 1086 Accipies
540 1017 676 1085 quoque
687 995 857 1081 similam,
872 1008 905 1062 et
925 1017 1046 1084 coques
1059 1019 1101 1063 en
1116 1018 1156 1063 ea
1170 995 1353 1064 duodecim
1363 1021 1476 1088 panes
1493 1028 1530 1082 s,

94 1189 97 1195 Δ
200 1104 378 1194 placentas
396 1101 454 1193 (cf.
469 1109 526 1184 id
542 1107 576 1169 et
594 1106 651 1169 Ex.
668 1102 779 1191 293),
800 1130 816 1164 u
834 1102 896 1192 qui
906 1103 1039 1193 sinquii
1056 1102 1228 1170 habebunt
1242 1102 1328 1170 ditos
1341 1103 1497 1173 decimas
1514 1133 1529 1166 »

202 1210 259 1299 (of.
276 1214 334 1278 Ex.
353 1208 483 1297 29,t0).
503 1231 536 1275 v.
556 1215 576 1276 6
593 1237 608 1270 «
633 1211 784 1291 Qccorum
801 1231 899 1275 senos
919 1208 1120 1277 altrinsecus
1133 1231 1235 1300 super
1253 1233 1405 1278 mensam
1413 1213 1531 1302 puris-

200 1317 321 1384 simam
351 1343 388 1396 o,
414 1317 438 1382 i.
467 1338 498 1383 e.
524 1336 609 1382 auro
629 1315 813 1404 purissimo
836 1316 910 1403 (iix.
939 1316 1054 1404 init)
1080 1315 1298 1402 deauratam,
1321 1316 1528 1386 adieetivum

202 1422 330 1513 quippe
349 1422 400 1489 uti
412 1443 517 1512 supra
528 1444 562 1489 v,
579 1428 599 1489 tr
614 1420 792 1512 accipitur,
814 1449 830 1482 α
854 1443 970 1488 coram
989 1422 1135 1488 Domino
1150 1434 1281 1490 statues
1299 1451 1328 1491 o.
1344 1429 1385 1490 At
1400 1428 1502 1492 Hebr
1520 1448 1532 1490 .·

201 1541 234 1595 et
245 1551 355 1620 portes
374 1550 430 1595 cos
445 1527 622 1594 ordinibus
640 1526 786 1614 duobus,
807 1549 904 1594 senos
925 1528 962 1594 in
979 1528 1110 1595 utrovis
1127 1528 1266 1614 ordr'ne,·
1284 1529 1436 1620 itemque
1450 1554 1485 1598 ·v.
1509 1541 1529 1596 'i

201 1635 339 1703 iubetur
355 1636 435 1703 thus
448 1634 581 1725 imponi
596 1632 770 1700 ordinibus
784 1633 903 1723 (aaa).
922 1639 1073 1702 Fortasse
1093 1637 1167 1702 seni
1183 1657 1291 1725 panes
1305 1636 1454 1704 invicem
1470 1660 1531 1702 su-

200 1741 493 1832 perponebantur,
516 1743 548 1806 et
559 1741 639 1808 thus
652 1762 811 1831 supremo
828 1745 963 1808 tantum
979 1740 1152 1831 utrimque
1167 1740 1255 1831 pani
1268 1742 1528 1832 imponebatur.

200 1852 303 1914 Porro
328 1846 510 1914 duodecim
532 1868 641 1938 panes
661 1845 805 1914 totidem
830 1846 942 1914 tribus
967 1848 1276 1938 repraesentabant
1297 1849 1434 1937 (Iunii.
1458 1860 1532 1915 v.7

203 1982 219 2016 a
240 1957 287 2021 Et
297 1976 403 2044 pones
417 1975 521 2042 super
534 1976 590 2020 eos
611 1951 689 2020 tirus
706 1951 962 2021 lircidissimum
970 2007 979 2038 ,
996 1966 1036 2022 ut
1051 1953 1097 2020 sit
1104 1955 1213 2046 ponis
1229 1954 1266 2020 in
1280 1956 1526 2022 monimentum

202 2059 386 2126 oblationis
403 2059 544 2126 Domini
572 2087 601 2127 r.
623 2062 725 2127 Hebe.
744 2082 757 2125 .·
780 2060 894 2126 eterit
913 2061 949 2127 in
966 2059 1080 2128 cibum
1097 2059 1145 2128 ad
1158 2061 1425 2144 monimentum,
1439 2085 1531 2129 com-

202 2166 311 2233 bustio
325 2165 445 2248 Iatoe;
465 2167 591 2257 quibus
614 2165 724 2233 verbis
747 2166 803 2255 (ci.
828 2173 886 2247 aa
910 2167 976 2256 sq.)
1001 2167 1068 2234 illis
1089 2167 1240 2258 panibus
1259 2167 1424 2236 tribuitur
1445 2169 1532 2236 ratio

200 2273 378 2355 sacrificii;
399 2263 470 2340 uon
494 2295 576 2340 vero
598 2273 867 2340 recensebantur
887 2277 963 2340 Lev.
986 2280 1006 2340 2
1025 2277 1059 2340 et
1082 2280 1238 2356 art-18,
1261 2274 1355 2364 quod
1376 2275 1451 2342 loca
1467 2276 1530 2341 ilia

202 2383 307 2466 agant
325 2380 369 2446 de
383 2379 558 2447 sacrificiis
576 2379 809 2470 privatorum,
827 2401 934 2470 panes
954 2402 1035 2447 vero
1056 2380 1200 2448 nomine
1222 2381 1343 2471 populi
1358 2403 1532 2472 propone-

201 2490 332 2552 rentur.
350 2491 514 2577 Tempore
535 2485 671 2576 Iosepbi
688 2486 751 2576 (ili.
771 2492 824 2553 10.
845 2487 878 2576 7)
894 2487 1074 2555 incensum
1093 2487 1230 2555 duabus
1245 2488 1403 2556 lancibus
1420 2491 1530 2556 aureis

201 2592 350 2682 panibus
367 2593 622 2683 imponebatur,
640 2615 709 2682 quo
726 2614 863 2660 rursum
884 2593 1093 2680 suggeritur,
1111 2617 1212 2661 senos
1230 2617 1337 2684 panes
1355 2595 1457 2663 fuisse
1476 2597 1531 2661 in-

201 2698 312 2766 vicem
335 2697 523 2790 impositos.
548 2704 590 2766 At
611 2699 729 2787 Moysis
752 2698 822 2766 iam
844 2721 928 2765 aevo
947 2721 1004 2766 eas
1021 2700 1138 2766 lances
1158 2721 1227 2767 esse
1248 2700 1421 2768 adhibitas
1440 2705 1531 2768 testi-

201 2805 357 2873 monium
383 2827 452 2872 non
469 2805 586 2871 efficit.
613 2827 645 2870 r.
667 2811 688 2872 8
716 2832 733 2867 ι(
759 2808 826 2871 Per
849 2804 992 2894 sinqula
1014 2805 1156 2872 sabbata
1175 2808 1403 2873 mutabuntur
1417 2829 1529 2874 coram

200 2911 347 2977 Domino
364 2910 532 3000 [suscepte]
549 2934 570 2977 a
581 2910 664 3000 filiis
681 2909 936 3000 lsraelfoedere
953 2911 1159 3000 sempiterno
1179 2939 1214 2994 »,
1235 2934 1269 2978 v.
1292 2919 1311 2978 9
1331 2939 1346 2974 u
1364 2925 1531 3002 eruntque

201 3018 318 3082 Aaron
333 3027 366 3081 et
376 3015 531 3104 filiorum
550 3015 639 3095 eius,
657 3028 695 3083 ut
709 3015 890 3084 comedam
902 3039 956 3084 eos
967 3017 1005 3084 in
1027 3016 1100 3084 loco
1115 3029 1234 3084 sancto
1248 3039 1262 3082 .·
1277 3018 1359 3107 quia
1373 3030 1527 3085 «sarnetum

202 3133 399 3188 sanctorum
418 3135 467 3188 est
488 3149 504 3183 n
523 3123 557 3189 ei
570 3152 586 3185 n
607 3122 648 3189 de
660 3123 842 3212 sacrificiis
855 3124 997 3190 Domini
1015 3123 1090 3192 iure
1096 3136 1270 3214 perpetuo
1288 3153 1320 3191 s.

237 3295 511 3344 attramento
529 3293 613 3361 (iem.)
636 3297 782 3359 inponam
801 3297 832 3345 in
851 3297 1065 3346 recordationem
1088 3297 1232 3347 combustio
1259 3297 1377 3349 Domini.
1395 3295 1440 3358 Si,
1456 3299 1530 3362 quod

203 3387 246 3434 est
260 3383 382 3445 obvium,
394 3384 465 3434 haec
477 3382 583 3435 referas
597 3382 633 3434 ad
647 3384 739 3434 solum
754 3385 829 3444 thus,
843 3385 912 3435 dure
928 3385 997 3434 illud
1011 3385 1113 3435 dloitur
1127 3383 1187 3436 lieri
1202 3387 1231 3435 in
1244 3398 1346 3449 panem
1361 3399 1412 3436 seu
1427 3385 1530 3444 eibum,

203 3484 266 3522 cnm
280 3472 345 3522 thus
359 3473 519 3523 nullatenus
532 3473 670 3523 rationem
686 3471 741 3522 cibi
756 3472 867 3523 habeat.
882 3473 983 3536 Neque
998 3473 1107 3524 admitti
1121 3475 1215 3538 potest
1230 3472 1305 3538 quod
1320 3474 1443 3539 explieat
1462 3476 1529 3535 Van,

204 3561 268 3610 thus
285 3561 371 3611 tuisse
389 3575 399 3608 ι
416 3563 478 3612 vice
495 3561 577 3624 panis
597 3561 777 3612 cremandum
791 3562 955 3625 „primum
974 3562 1041 3625 quia
1063 3561 1092 3611 id
1114 3563 1208 3613 textus
1229 3563 1345 3613 minima
1368 3563 1450 3622 dicit,
1466 3564 1531 3614 dein

202 3651 268 3712 quia
279 3663 366 3713 panes
378 3651 577 3713 propositionis
590 3651 749 3700 nullatenus
763 3652 844 3700 erant
860 3649 1042 3712 sacrificium,
1059 3650 1130 3702 nihii
1142 3663 1240 3702 eorum
1255 3651 1445 3712 cremabatur,
1461 3654 1531 3701 nihil

202 3749 300 3788 eorum
317 3741 378 3789 vioe
400 3738 580 3789 uomendum
602 3742 672 3789 eret.
689 3737 768 3798 Quae
787 3738 886 3788 eadem
906 3738 1056 3790 difficultas
1077 3739 1201 3800 obtinet,
1217 3741 1243 3790 si
1264 3739 1350 3790 verba
1368 3739 1475 3790 reterns
1497 3742 1530 3789 ati

136 3840 139 3845 ’
202 3839 285 3889 panes
306 3833 330 3876 et
355 3827 415 3876 time
430 3842 438 3875 :
453 3826 593 3891 quomodo
613 3827 688 3877 enim
707 3840 794 3890 panos
812 3840 876 3877 oum
895 3827 978 3878 thuro
997 3827 1125 3878 dicantur
1143 3828 1303 3879 combustio
1324 3828 1452 3889 Domini,
1469 3841 1532 3877 curn

202 3925 307 3977 panum
320 3915 392 3964 nihil
406 3916 521 3965 omuino
535 3915 730 3965 comburatur?
743 3914 877 3974 Tandem,
895 3916 1079 3978 quomodovis
1090 3917 1204 3980 iungas,
1219 3916 1289 3967 dura
1305 3920 1348 3966 est
1363 3919 1533 3966 constructio

203 4001 240 4052 ob
251 4001 354 4065 duplex
368 3983 395 4059 5
410 4005 474 4053 m
491 4005 597 4065 imponi
619 4003 738 4067 panibus
758 4003 854 4054 iubent
873 4003 936 4054 tbur
956 4011 980 4053 et
999 4000 1057 4063 sat,
1071 3985 1163 4064 nimi,
1178 4017 1262 4070 quam
1280 4017 1376 4054 vocem
1397 4005 1462 4054 oriri
1481 4019 1534 4067 po-

204 4090 291 4141 tuisse
302 4094 481 4156 corruptione
492 4093 637 4156 sequentis
653 4072 734 4148 Diffi
749 4092 865 4142 evidens
880 4098 933 4144 est.
951 4093 1045 4144 Potuit
1060 4095 1155 4144 tamen
1169 4105 1260 4157 aeque
1274 4092 1356 4144 iacila
1373 4072 1454 4148 niti>
1467 4095 1533 4143 oriri

202 4181 381 4255 corruptione
406 4181 602 4243 praecedentia
624 4160 713 4236 ibini.
735 4180 817 4230 Unde
840 4181 916 4231 haud
939 4181 1122 4245 improbabile
1143 4181 1254 4232 videtur
1275 4186 1382 4232 textum
1405 4181 1534 4246 primitus

203 4266 290 4318 inisse
303 4269 379 4318 huno
394 4280 400 4316 ε
418 4274 450 4318 nt
464 4282 545 4333 pones
558 4282 638 4333 snper
652 4269 761 4318 ordines
774 4270 835 4318 titus
848 4269 1044 4319 incidissimum
1060 4276 1084 4320 et
1100 4269 1156 4330 sat,
1172 4275 1196 4318 ct
1211 4271 1263 4320 erit
1279 4297 1313 4305 -
1323 4271 1398 4332 thus,
1412 4270 1457 4321 vel
1469 4272 1535 4320 thus

205 4367 267 4405 oum
281 4357 341 4406 salo
354 4358 432 4405 -in
446 4357 657 4407 recordationem
671 4357 816 4407 combustio
830 4359 949 4408 Domini.

484 4543 521 4594 G.
542 4542 738 4606 Blasphemt
758 4541 960 4608 supplicium
979 4545 1058 4596 Lev.
1075 4543 1252 4610 anio-28.

250 4731 282 4774 v.
299 4712 402 4775 15-22
416 4706 639 4789 habeturler,
655 4708 900 4796 quaealiarum
914 4708 1031 4796 legum
1046 4709 1192 4776 iormam
1205 4709 1377 4788 imitatum
1393 4708 1528 4775 orditur
