3534 5384
732 421 780 465 ex.
805 406 877 479 ato
898 422 960 474 soo.

564 654 684 701 Biturica
695 655 718 702 2.
736 671 742 701 r
755 654 865 716 plcprac
876 662 943 703 terra
955 652 1002 704 Ex.
1013 656 1126 715 ait-aa

602 770 634 811 ³⁰
644 770 724 823 plana
737 781 743 813 r
757 770 896 823 sciniphes
909 770 956 813 Ex.
970 771 1088 823 84649.

224 906 308 992 Arq.
329 942 374 951 -
397 907 484 969 llaec
507 902 612 992 plaga
632 904 751 991 paucis
772 904 974 971 absolvitur.
991 909 1190 971 Portentum
1211 911 1285 972 erat
1308 906 1344 973 in
1367 908 1511 977 culicum

182 1010 315 1076 infinito
325 1030 470 1075 numero
485 1008 532 1075 ad
545 1014 667 1075 nutum
679 1009 824 1076 aaronis
834 1008 1098 1098 pullulantium;
1109 1010 1192 1077 item
1208 1014 1245 1079 in
1258 1034 1308 1095 eo,
1322 1015 1413 1103 quod
1425 1016 1514 1084 illud

183 1138 301 1183 omnes
312 1137 496 1204 magorum
508 1121 598 1182 artes
611 1116 774 1183 excedere
793 1115 937 1183 indubie
949 1123 1204 1204 agnosceretur.
1219 1119 1450 1205 Probabilius‚
1465 1124 1514 1189 uti

181 1223 298 1313 prima
308 1222 414 1311 plaga
428 1221 609 1305 secundae,
624 1221 673 1289 iia
684 1222 768 1289 haec
784 1221 886 1289 tertia
901 1228 1043 1313 quartae
1058 1224 1211 1314 aequalis
1225 1225 1366 1307 exstitit,
1380 1235 1514 1296 utnon·
1576 1266 1577 1269 ¹

74 1410 83 1419 ⁸
182 1330 247 1396 nisi
261 1352 330 1396 una
343 1327 484 1395 undem
503 1349 580 1394 cum
599 1328 726 1395 muscis
738 1328 842 1395 etiam
858 1329 1031 1419 sciniphes
1045 1332 1364 1400 exterminarentur.
1383 1335 1513 1403 Pharao

181 1436 345 1502 immotus
358 1435 556 1525 permansit.
1174 1453 1176 1462 ·

218 1664 286 1713 nm
305 1670 417 1720 semper
427 1632 527 1706 scribit
542 1659 626 1717 Sam„
642 1656 709 1705 dum
724 1657 821 1707 lusor.
837 1668 866 1708 v.
886 1655 917 1707 it
932 1670 975 1723 sq.
989 1658 1074 1707 etiam
1093 1660 1228 1721 punctent
1252 1654 1340 1730 ῦξξῆ,
1356 1660 1391 1713 de
1415 1664 1513 1715 eadem

182 1767 327 1818 evidenter
342 1778 372 1816 re
390 1765 548 1829 loquentes.
566 1763 608 1815 Ol.
625 1761 716 1812 utttm.
733 1790 769 1799 -
781 1764 832 1812 ios.
848 1764 932 1813 vertit
944 1763 1080 1827 pediculos
1089 1776 1097 1823 ,·
1114 1764 1269 1827 Torpumim
1286 1768 1315 1814 et
1329 1768 1392 1827 Syr.
1408 1746 1511 1851 subp,

184 1867 257 1920 quae
270 1868 325 1906 vox
338 1858 451 1918 praeter
460 1852 603 1917 pediculos
617 1852 673 1902 alia
686 1852 789 1903 similia
803 1852 937 1902 animalia
951 1854 1092 1915 exprimit.
1109 1851 1302 1903 Taimudicum
1314 1860 1367 1909 tii)
1378 1853 1413 1905 de
1427 1856 1513 1905 variis

182 1943 359 1994 animalculis
368 1942 421 1992 alis
430 1941 589 1992 mentibus
603 1946 754 2004 usurpatur
766 1954 772 1989 :
784 1940 923 2004 pediculo,
937 1940 1044 2003 pulice,
1059 1953 1164 1991 verme.
1182 1940 1258 2004 Vutp.
1274 1952 1371 1993 vocem
1385 1948 1513 1995 mutuata

181 2038 227 2085 est
238 2046 256 2083 a
269 2033 333 2082 ΗΧ
343 2028 449 2098 antipae.
464 2030 524 2082 Hoc
537 2029 737 2081 animalculum
750 2028 830 2079 Porto
842 2026 921 2095 (Vita
940 2027 1032 2092 Moys.
1051 2042 1079 2093 p.
1100 2029 1134 2081 97
1156 2026 1206 2093 m.)
1222 2030 1261 2080 ait
1275 2042 1337 2081 esse
1356 2032 1510 2094 permoles-

182 2131 256 2183 tum,
277 2133 335 2171 non
351 2125 444 2171 cutem
467 2119 559 2171 solum
572 2131 715 2183 purgem,
731 2118 782 2169 sed
802 2119 832 2167 in
847 2130 930 2169 nares
944 2118 1030 2169 etiam
1045 2120 1073 2169 et
1092 2130 1176 2168 aures
1199 2124 1228 2169 et
1251 2118 1347 2169 oouios
1371 2121 1510 2171 involans.

183 2212 227 2261 oc.
241 2208 331 2275 (Hom.
349 2208 364 2258 t
379 2210 409 2257 in
423 2208 490 2268 Ex.;
507 2208 543 2257 Μ.
560 2206 602 2257 it.
619 2205 679 2273 322)
698 2205 805 2257 :chloe
818 2206 922 2257 animai
943 2221 972 2266 o,
991 2206 1095 2271 iuquit,
1111 2222 1123 2255 r
1140 2207 1241 2269 pennis
1260 2206 1374 2270 quidem
1395 2222 1511 2273 suspen·

183 2300 258 2351 ditur
272 2312 323 2363 per
340 2311 407 2348 aera
420 2297 556 2357 volitans,
570 2296 619 2346 sed
633 2297 673 2345 tta
692 2295 795 2345 subtile
810 2297 895 2345 estet
916 2295 1068 2355 minutum,
1083 2300 1116 2345 ut
1137 2294 1211 2345 oculi
1231 2296 1337 2355 visum,
1354 2297 1408 2347 uisi
1430 2300 1510 2349 acute

183 2389 340 2448 cernentis,
354 2386 484 2449 effugiam
501 2397 602 2449 corpus
620 2386 728 2445 tamem
750 2397 813 2433 cum
827 2383 978 2444 insederit,
999 2384 1136 2434 acerrimo
1150 2383 1272 2435 terebrat
1284 2385 1412 2447 stimulo,
1426 2388 1467 2437 ita
1481 2392 1511 2436 ut

180 2490 264 2542 quem
276 2477 451 2535 volitantem,
468 2475 531 2538 quis
542 2474 638 2524 videre
651 2485 709 2523 non
718 2472 825 2531 valeat,
842 2473 948 2521 sentiat
968 2472 1158 2522 stimulantem
1178 2488 1203 2522 ι.
1220 2470 1290 2524 (ium
1305 2473 1358 2523 hac
1371 2475 1508 2527 virorum.

180 2570 228 2632 qui
251 2568 281 2617 ia
296 2565 548 2629 aegyptorum,
572 2561 761 2625 descriptione
785 2560 958 2611 concordant
981 2560 1039 2611 aiii.
1065 2560 1149 2613 Teste
1172 2562 1258 2611 Saite
1281 2558 1510 2630 mattaratium

178 2652 347 2715 κωνωώδες,
367 2659 439 2705 teste
461 2652 551 2715 Etym.
568 2663 662 2715 magn.
679 2656 739 2701 erat
761 2645 855 2713 πτηνὸν
874 2646 1052 2708 novancuria
1070 2649 1134 2700 Atia
1153 2650 1217 2700 vide
1238 2664 1283 2714 ap.
1307 2650 1400 2701 Dittm.
1416 2652 1508 2711 Dices.

184 2747 230 2797 iiis
245 2748 355 2795 tantum
369 2741 457 2803 effici,
472 2740 546 2791 Lxx
558 2746 626 2796 nti)
639 2740 837 2802 interpretatos
852 2750 916 2788 esse
926 2738 1078 2801 sciniphes.
1095 2738 1163 2789 Esto
1181 2754 1188 2787 :
1204 2744 1233 2789 at
1245 2739 1320 2790 Lxx
1333 2741 1361 2789 in
1382 2741 1510 2805 Aegypto

178 2835 228 2885 diu
242 2836 308 2885 ante
326 2837 455 2883 auctores
468 2830 629 2895 Targumim
644 2827 798 2878 scribentes
813 2831 842 2878 et
855 2839 915 2877 rem
934 2827 1057 2889 penitius
1080 2828 1212 2889 poterant
1228 2829 1402 2891 perspicere,
1417 2832 1445 2879 et
1459 2843 1509 2881 ve-

177 2937 239 2975 ram
254 2923 432 2973 traditionem
447 2920 550 2970 certius
565 2917 688 2967 haurire.
702 2916 855 2979 Expressio
869 2914 994 2977 pulveris
1009 2916 1134 2978 percussi
1146 2916 1175 2964 iu
1190 2917 1332 2979 sciniphes
1348 2919 1447 2967 mutati
1459 2919 1509 2969 de-

179 3014 275 3077 signat
286 3011 421 3061 animalia
432 3009 553 3067 minuta,
567 3007 656 3066 alam,
673 3016 746 3069 quae
761 3017 776 3055 e
789 3005 905 3068 pulvere
920 3005 998 3053 nasci
1012 3003 1169 3053 videantur.
1185 3003 1266 3063 Quod
1280 3016 1381 3068 reapse
1390 3006 1444 3057 dici
1458 3022 1509 3072 po-

178 3104 234 3154 test
242 3102 277 3152 de
289 3100 366 3151 omni
376 3098 495 3149 culicum
509 3108 627 3160 genere,
643 3106 700 3143 non
715 3105 782 3143 vero
794 3092 830 3143 de
839 3092 991 3155 pediculis,
1004 3093 1052 3155 qut
1067 3093 1096 3141 in
1111 3090 1240 3143 sordibus
1252 3094 1368 3144 humani
1384 3098 1509 3161 corporis

178 3194 338 3242 msmntur.
355 3188 505 3238 Praeterea
524 3185 594 3234 haee
612 3194 695 3243 sane,
713 3182 754 3232 uti
771 3180 971 3243 praecedentes
991 3185 1019 3230 et
1037 3184 1202 3243 sequentes,
1216 3181 1301 3245 plaga
1321 3183 1441 3247 Aegypti
1457 3198 1508 3235 na-

179 3287 259 3332 turae
273 3278 421 3342 adaptatur
436 3288 444 3324 ε
460 3275 515 3323 iam
529 3285 597 3322 vcro
611 3271 733 3334 pediculi
748 3269 907 3332 Aegyptum
921 3268 996 3319 haud
1011 3270 1115 3332 magis,
1132 3282 1216 3332 quam
1233 3271 1303 3321 alias
1319 3275 1450 3335 regiones
1464 3276 1508 3324 in-

182 3369 300 3427 testam,
319 3366 438 3417 culicum
454 3374 521 3413 vero
536 3359 645 3411 infinita
664 3358 847 3417 cerverano,
869 3358 991 3407 maxime
1007 3357 1150 3408 mensibus
1169 3356 1283 3408 Octobri
1297 3360 1325 3410 et
1340 3360 1505 3413 Novembri.

178 3458 289 3523 quando
303 3453 558 3505 circumvolitantes
567 3448 712 3513 pulverem
724 3448 868 3497 imitantur
879 3447 1030 3495 excitatum
1037 3458 1044 3505 ;
1056 3458 1111 3497 ova
1125 3447 1209 3496 etiam
1224 3447 1310 3499 humo
1320 3453 1507 3513 superiacum.

178 3547 320 3597 innumeri
344 3540 584 3599 circumiremunt,
601 3541 743 3601 pungunt,
760 3546 878 3598 magnos
898 3535 1021 3585 excitant
1040 3534 1165 3595 tuberes,
1185 3541 1217 3586 ut
1231 3538 1336 3587 nerniui
1356 3541 1412 3590 nisi
1430 3544 1507 3592 tenui

180 3636 244 3687 velo
258 3632 459 3685 circumvoluto
473 3640 603 3681 somnum
617 3638 732 3690 carpere
745 3623 788 3674 ias
801 3626 847 3674 sit.
866 3622 907 3687 Gi.
924 3622 1018 3671 Dtiim.

221 3842 253 3886 v.
273 3825 314 3885 io
332 3844 348 3878 a
365 3813 529 3902 Dicitque
543 3807 710 3877 Dominus
725 3806 772 3873 ad
785 3809 926 3895 Moysen
941 3826 953 3869 .·
966 3808 1117 3895 loquere
1131 3806 1179 3871 od
1189 3810 1307 3874 Aaron
1322 3832 1335 3876 :
1350 3812 1507 3880 Eatenclr

176 3928 312 4017 rirpam
325 3936 421 3989 trium
435 3933 468 3986 et
487 3929 625 4008 percute
640 3914 817 4005 piclcercm
834 3926 958 3997 terroe,
977 3924 1009 3977 et
1027 3913 1096 3977 sint
1111 3912 1280 4002 sciniphes
1295 3918 1331 3982 in
1346 3919 1505 3986 itriiversu

178 4047 271 4100 terro
290 4027 441 4120 aeqypti
454 4055 484 4092 u.
502 4022 598 4103 Quod
612 4020 699 4088 nihil
713 4021 849 4106 legatur
863 4018 907 4085 de
921 4019 1139 4107 praemonito
1157 4020 1205 4085 uti
1222 4042 1255 4089 v.
1276 4029 1291 4087 i
1311 4023 1502 4109 Pharaone,

177 4144 294 4209 censet
312 4140 399 4203 Tost.
418 4134 495 4201 ideo
516 4128 740 4197 monitionem
765 4126 830 4193 hac
844 4125 918 4193 vice
943 4146 1014 4193 esse
1036 4123 1211 4209 omissam,
1232 4127 1312 4215 quia
1330 4134 1506 4218 promissis

174 4274 207 4317 v.
225 4255 245 4316 8
261 4267 329 4313 nou
343 4245 482 4311 steterat
495 4239 644 4317 Pharao,
661 4234 786 4321 dignus
799 4232 859 4322 qui
873 4254 943 4297 nou
956 4231 1190 4320 praemonitus
1203 4234 1421 4321 plecteretur.
1439 4240 1505 4307 hd-

175 4356 278 4423 vartit
293 4357 408 4419 tamen
422 4347 532 4435 Spica,
550 4343 654 4411 etiam
674 4345 811 4422 9‚28.35
834 4361 904 4405 non
924 4343 1013 4405 stare
1032 4339 1205 4428 promissis
1224 4341 1454 4429 Pharaonem,
1473 4357 1505 4416 et

173 4458 495 4535 nihilominusiti,1
516 4446 745 4541 praemoneri.
763 4451 913 4535 Reapso,
933 4443 1079 4512 fueritne
1103 4450 1182 4511 ante
1204 4448 1341 4515 tertiam
1364 4452 1502 4540 plagam

174 4565 407 4659 praemonitus
416 4561 550 4627 Pharao
565 4577 673 4624 necne
685 4607 692 4636 ,
705 4554 917 4641 ignoramus.
934 4572 966 4617 v.
988 4556 1026 4617 ir
1046 4580 1061 4613 a
1077 4554 1310 4644 Feceruntquc
1321 4557 1380 4624 ita.
1394 4562 1439 4626 Ei
1450 4585 1505 4628 ec-

175 4673 286 4742 tendit
301 4674 419 4738 Aaron
433 4687 577 4734 mortum
588 4663 723 4752 oirpom
744 4674 872 4740 teneus,
886 4658 1120 4749 percussitque
1131 4658 1305 4749 prociderem
1320 4676 1428 4732 terroe
1444 4688 1456 4732 .·
1472 4682 1504 4737 et

174 4779 266 4871 sacti
281 4791 361 4846 sunt
378 4773 549 4865 sciniphes
569 4771 606 4838 iu
621 4766 814 4836 hominibus
829 4779 861 4832 ct
882 4768 917 4832 iu
936 4763 1114 4846 iumentis,
1138 4766 1249 4835 omisis
1261 4768 1378 4857 perluit·
1395 4785 1504 4843 lemae
