3534 5384
1 367 37 454 'l‘
85 366 87 369 ’
113 445 116 448 ἡ
226 371 285 434 200
704 386 743 428 ax
764 384 900 428 sacrem
923 383 954 428 m
977 384 1071 428 srael.

225 543 331 612 quam
349 521 484 610 planus.
507 520 598 587 lllico
618 524 729 608 patet,
755 539 920 608 quorsum
945 517 1091 584 Hebraei
1113 515 1289 606 sculptilia
1308 515 1421 582 lacere
1437 514 1557 602 prohi-

225 629 402 707 berentur,
419 649 465 693 sc.
483 632 521 692 ut
533 649 575 692 ea
583 626 768 692 adorarent
779 630 814 691 et
827 625 990 692 colerent.
1010 627 1049 690 Et
1062 628 1159 704 nota,
1176 622 1261 689 haec
1277 621 1383 688 verba
1397 619 1558 688 hebraice

224 757 295 802 non
311 734 419 800 solam
439 733 594 814 latriam,
614 731 676 797 sed
689 752 826 798 omnem
841 729 973 798 cultum
988 751 1121 797 sonare.
1145 727 1362 818 Perspicitur‚
1383 725 1558 815 quomodo

226 841 726 930 potueritheus‘25‚18;26,3l
744 836 928 904 Cherubim
943 841 977 903 et
989 841 1087 905 Num.
1107 841 1186 916 21,ss
1206 837 1396 924 serpentem
1414 855 1557 900 aeneum

227 945 492 1033 effingiiubere3
505 945 681 1034 quomodo
691 943 827 1011 licuerit
843 942 1017 1010 Salomoni
1030 943 1146 1010 leones
1157 948 1191 1008 et
1204 942 1313 1009 boves
1326 946 1345 1006 3
1357 945 1441 1027 Reg.
1464 945 1556 1021 7,·25.

228 1059 270 1120 36
292 1053 330 1119 in
348 1052 479 1141 templo
499 1051 676 1136 effingere.
696 1054 811 1139 Neque
828 1049 1068 1116 difficultatem
1088 1050 1186 1132 facit,
1211 1047 1383 1114 Hebraeos
1397 1049 1562 1136 posterio-

226 1181 280 1226 res
295 1159 497 1226 mandatum
512 1157 661 1229 strictius
674 1180 745 1224 esse
760 1158 1014 1246 interpretatos.
1030 1155 1186 1224 llaudalo
1201 1160 1316 1222 autem
1331 1153 1562 1244 prohibentur

229 1265 381 1355 primum
406 1263 576 1350 imagines
602 1263 746 1331 deorum
769 1264 918 1330 aliorum
944 1263 990 1352 (v.
1014 1263 1067 1352 3),
1094 1261 1295 1351 theraphim
1315 1268 1349 1327 et
1369 1260 1509 1337 similia3
1527 1266 1561 1326 at

227 1372 330 1438 etiam
344 1370 418 1437 veri
432 1371 493 1438 Dei
507 1369 690 1457 imagines
706 1373 771 1436 Pro
782 1392 823 1436 eo
836 1369 967 1459 quippe
978 1365 1078 1436 'nulla
1093 1370 1251 1436 statuitur
1266 1367 1419 1457 exceptio
1432 1366 1469 1433 in
1483 1365 1559 1452 lege

231 1476 407 1567 ceteroqui
426 1477 567 1544 omnino
591 1477 792 1562 universali3
816 1481 911 1544 [leut.
935 1481 1015 1557 u‚15
1032 1480 1157 1563 Moyses
1176 1474 1322 1542 eandem
1344 1473 1457 1562 legem
1481 1494 1560 1538 con-

229 1584 336 1652 nectit
351 1605 430 1650 eum
442 1584 549 1666 lacto,
566 1587 674 1649 Dcum
687 1582 722 1648 in
740 1589 855 1649 monte
869 1583 963 1650 Sinai
979 1583 1076 1649 nulla
1090 1604 1124 1650 se
1140 1581 1251 1672 specie
1270 1579 1430 1647 Hebraeis
1444 1579 1558 1646 viden·

229 1690 314 1757 dum
332 1688 546 1779 praebuisse;
563 1694 652 1756 Dcus
662 1689 735 1777 ipse
752 1689 786 1754 in
805 1688 1003 1757 sanctuario
1019 1686 1204 1756 Cherubim
1218 1687 1359 1777 quidem
1372 1687 1557 1772 imagines,

230 1796 289 1863 sed
307 1795 441 1862 nullam
455 1794 508 1863 sui
528 1795 717 1882 imaginem
736 1794 892 1876 admisit,
911 1817 979 1885 quo
997 1817 1031 1861 se
1051 1794 1163 1881 magis
1180 1792 1388 1860 invisibilem
1403 1798 1436 1860 et
1458 1794 1559 1881 spiri-

234 1902 365 1969 tualem
378 1902 461 1992 ipsis
476 1901 658 1968 Cherubim
678 1923 748 1968 esse
765 1901 987 1988 significaret.

275 2032 308 2076 v.
326 2016 345 2076 5
360 2037 375 2070 «
395 2010 474 2074 Noe
488 2005 649 2074 adorabis
664 2031 705 2074 ea
719 2031 827 2097 eeqem
843 2007 932 2074 coles
946 2037 961 2070 a
983 2028 991 2074 :
1011 2047 1053 2057 -
1064 2009 1155 2074 Hebe
1168 2029 1180 2073 .·
1195 2027 1305 2097 aeque
1320 2005 1444 2074 servies
1457 2005 1504 2072 eis
1517 2046 1560 2054 —

233 2141 249 2176 «
275 2138 338 2204 epo
353 2137 428 2180 sem
444 2113 612 2182 Doerinus
625 2117 715 2181 Deus
730 2127 825 2194 terres,
842 2115 964 2202 sortis,
979 2113 1103 2181 zelotes
1125 2141 1160 2200 u,
1176 2153 1220 2163 -
1232 2135 1352 2180 verum
1368 2096 1408 2176 bs
1426 2121 1560 2180 nonest

233 2221 436 2288 vertendum
453 2219 577 2307 fortis,
598 2220 658 2287 sed
672 2223 763 2287 Deus·
783 2222 887 2309 (LXX
899 2221 1013 2310 Syn),
1034 2229 1067 2287 et
1085 2225 1194 2288 Deum
1207 2220 1402 2310 zelotypum
1422 2241 1456 2286 se
1478 2219 1560 2287 dicit

232 2326 396 2394 Dominus
410 2326 537 2415 (Proc.)
556 2326 666 2417 quod,
687 2327 737 2393 uti
756 2327 956 2417 frequenter
970 2325 1102 2394 habent
1115 2327 1306 2416 prophetae
1322 2326 1379 2415 (cl.
1401 2331 1442 2395 Is,
1463 2333 1556 2409 1‚el;

233 2438 297 2502 ler.
321 2437 396 2514 ψ
414 2436 469 2499 Ez.
495 2439 588 2514 16,8;
613 2435 664 2498 Os.
689 2439 746 2514 23
768 2456 818 2522 sq.
841 2441 874 2499 et
893 2431 1145 2500 Kuabeebauer
1158 2433 1197 2498 in
1219 2455 1277 2500 eos
1295 2419 1416 2520 locos),
1442 2433 1560 2500 foedus

231 2559 310 2606 cum
327 2539 455 2627 populo
475 2537 511 2605 in
532 2545 689 2628 Aegypto
711 2546 745 2605 et
762 2539 854 2606 Sinai
877 2539 1117 2606 confirmatum
1139 2546 1357 2628 comparetur
1379 2538 1557 2626 coniugio,

230 2643 439 2712 adulterium
451 2667 532 2712 vero
551 2645 587 2710 in
607 2666 648 2711 eo
667 2645 831 2732 coniugio
846 2645 1019 2735 imprimis
1035 2644 1078 2712 sit
1091 2645 1289 2712 idololatria
1303 2651 1336 2711 et
1351 2645 1556 2736 superstitio.

230 2750 345 2819 llelius
356 2773 437 2818 vero
452 2773 531 2818 cum
549 2749 637 2820 Cler.
652 2752 775 2838 iunges
792 2773 897 2819 :nam
911 2773 976 2838 ego
991 2753 1094 2818 lahvc
1114 2758 1200 2820 Deus
1215 2758 1294 2818 tuus
1310 2749 1367 2841 (cf.
1384 2773 1417 2820 v.
1433 2751 1466 2842 2)
1484 2773 1559 2818 sum

230 2864 316 2924 lleus
334 2857 520 2947 zelotypus.
539 2858 648 2925 Verba
669 2864 784 2925 autem
804 2881 909 2948 usque
924 2858 969 2926 ad
983 2882 1016 2924 v.
1041 2865 1061 2925 7
1081 2879 1151 2925 nou
1172 2857 1217 2925 ad
1231 2858 1344 2925 solum
1359 2856 1559 2926 mandatum

231 2987 263 3032 v.
282 2972 365 3053 tsq.
383 2963 537 3032 seditem
551 2962 596 3030 ad
611 2963 698 3031 illud
712 2987 743 3030 v.
758 2964 926 3048 3reserri,
945 2965 1036 3055 quod
1046 2965 1230 3053 mysticum
1245 2964 1334 3031 illud
1348 2964 1558 3032 connubium

227 3069 330 3137 etiam
349 3069 458 3156 magis
472 3071 670 3137 immediate
695 3071 860 3166 attingat,
884 3071 1026 3139 omnino
1049 3071 1262 3139 demonstrat
1289 3078 1416 3152 3t‚1l:
1447 3071 1560 3138 «Noli

229 3175 373 3242 adorare
389 3175 490 3242 deum
507 3176 660 3244 alienum
682 3201 689 3243 :
712 3176 874 3246 llomiuus
888 3179 1011 3245 zelotes
1028 3179 1255 3262 nomenoius,
1276 3181 1362 3244 [leus
1381 3183 1431 3244 est
1444 3199 1559 3244 acmu-

230 3280 321 3348 lator
335 3310 365 3349 u.
381 3286 513 3360 Quanta
526 3305 609 3352 vero
623 3285 666 3350 sit
683 3285 740 3350 llci
755 3285 926 3374 zelotypia
942 3308 980 3352 ex
993 3284 1131 3352 inflictis
1143 3285 1179 3352 in
1195 3290 1462 3371 transgressores
1480 3307 1561 3373 poe-

228 3386 282 3454 nis
300 3387 484 3474 colligitur,
507 3391 583 3479 qui,
607 3418 623 3452 «
644 3397 681 3456 ut
699 3396 858 3480 parentes
877 3415 899 3458 a
918 3392 1082 3482 peccandi
1101 3391 1241 3459 licentia
1255 3391 1426 3475 retrahat,
1443 3391 1561 3457 liberis

230 3492 275 3561 ob
296 3500 478 3582 parentum
494 3496 618 3564 delicta
639 3496 858 3582 gravissimas
871 3505 905 3564 et
922 3497 1156 3566 acerbissimas
1171 3497 1340 3588 praedicit
1359 3497 1561 3588 impendere

230 3622 358 3688 poenes
376 3628 392 3661 a
410 3603 535 3691 (Proe.)
554 3624 562 3670 ε
580 3629 596 3663 u
613 3603 755 3668 eisitaas
773 3604 994 3694 iniquitatem
1005 3619 1150 3696 praesum
1168 3606 1204 3672 ie
1216 3604 1309 3693 filios
1324 3605 1361 3672 in
1379 3603 1517 3672 tertiam
1529 3617 1561 3670 e!

229 3719 389 3795 quartem
409 3709 667 3794 perterritionem
683 3732 819 3792 eorum,
834 3711 898 3799 qui
912 3711 1058 3778 oderunt
1080 3733 1150 3796 ece,
1181 3741 1196 3774 »
1216 3751 1259 3762 --
1279 3711 1375 3789 Quod
1389 3711 1557 3778 adiectum

230 3812 315 3880 false
338 3812 458 3881 Chald.
482 3815 728 3904 interpretatur
751 3816 916 3905 :quaracla
932 3817 1003 3907 filii
1019 3831 1171 3908 perperat
1184 3840 1329 3906 peccare
1349 3831 1425 3908 post
1443 3831 1562 3907 potres·

229 3942 321 3987 suos.
344 3919 419 3986 Filii
438 3921 485 3987 ita
507 3926 689 4010 pergentes
707 3945 851 4010 peccare
866 3924 1066 4012 plectuntur
1080 3930 1221 4013 propter
1243 3945 1304 3990 sua
1325 3923 1467 4014 propria
1481 3946 1561 4014 pec-

231 4030 324 4108 cata3
343 4027 379 4091 in
395 4026 554 4114 plurimis
569 4027 704 4094 casibus
717 4027 912 4096 idololatria
924 4030 1092 4120 impunita
1109 4029 1232 4098 abiret.
1249 4035 1321 4097 Non
1337 4030 1454 4117 agitur
1470 4033 1505 4096 in
1520 4053 1561 4096 eo

229 4130 362 4198 adiecto
382 4132 425 4198 de
446 4132 542 4215 filiis,
561 4132 622 4200 sed
640 4132 683 4200 de
703 4134 876 4224 patribus,
905 4135 999 4224 quod
1021 4143 1239 4225 comparatus
1265 4159 1297 4203 v.
1326 4143 1345 4202 6
1366 4137 1562 4204 manifestat

230 4275 275 4287 -
293 4261 325 4303 v.
343 4245 364 4305 6
384 4268 400 4299 u
417 4251 450 4304 et
465 4239 598 4326 faciens
612 4239 881 4307 misericordiam
896 4241 932 4306 iri
948 4242 1062 4309 cirillia
1079 4271 1093 4304 »
1110 4265 1185 4326 seu,
1206 4249 1241 4310 ut
1255 4243 1444 4310 secuudum
1462 4247 1558 4310 Dcut.

232 4349 289 4422 7‚9
321 4365 401 4410 cum
433 4345 555 4412 Chald.
583 4350 663 4434 Syr.
687 4353 822 4436 oportet
848 4347 1068 4438 interpretari
1099 4370 1106 4414 :
1133 4350 1169 4416 in
1191 4349 1286 4417 atille
1304 4351 1559 4439 perorationes,

234 4475 250 4508 u
276 4447 300 4514 i.
319 4471 349 4514 e.
368 4453 524 4539 usquein
549 4460 755 4542 perpetuum
774 4482 789 4515 »
816 4454 941 4544 (lot),
961 4484 976 4517 «
994 4455 1064 4536 his,
1087 4456 1149 4544 qui
1161 4455 1311 4545 dz'lipunt
1327 4479 1380 4524 me
1403 4470 1435 4523 et
1452 4470 1561 4523 custo-

231 4552 334 4620 diunt
349 4571 535 4647 praecepta
553 4581 629 4626 eirea
646 4588 676 4626 ».
698 4565 798 4628 Notat
820 4561 913 4646 Cei,
930 4561 1032 4628 latius
1051 4563 1161 4628 multo
1178 4563 1312 4630 citandi
1334 4563 1486 4630 divinam
1499 4562 1560 4629 be-

228 4660 449 4748 nignitatem,
470 4687 574 4754 quam
594 4667 794 4734 vindictam.
817 4672 973 4735 Ceterum
986 4669 1021 4736 h.
1039 4669 1063 4734 l.
1085 4691 1156 4734 non
1169 4669 1294 4736 suflicit
1312 4691 1389 4736 cum
1413 4667 1560 4736 Theodo-

228 4779 290 4835 νει.
313 4789 471 4854 monere,
487 4771 581 4861 apud
597 4779 701 4840 [leiim
716 4775 913 4840 acerbiores
925 4796 1062 4864 sempor
1074 4797 1144 4842 esse
1159 4776 1439 4844 comminationes
1454 4797 1559 4866 quam
