3534 5384
250 369 288 441 71
700 393 908 436 1616161611
929 394 960 437 ru
981 391 1130 438 1661116.

289 531 523 608 Argumentum
543 528 685 604 primum
714 525 855 605 suppetit
880 528 1137 599 11331611,
1163 527 1218 587 ubi
1243 527 1328 588 Deus
1352 527 1431 588 dicit
1454 527 1582 605 Moysi:

251 651 265 683 a
290 626 441 688 invenisti
459 625 593 704 gratiam
613 641 718 684 coram
740 641 808 698 me,
826 629 903 684 6116
924 609 1032 702 ipsum
1049 625 1126 684 novi
1141 641 1179 683 ex
1198 624 1329 685 nomine
1347 649 1374 682 ».
1391 627 1472 702 Ergo
1492 641 1585 686 nosse

248 726 391 802 aliquem
407 741 444 783 ex
464 722 593 782 nomine
613 721 699 782 idern
715 725 778 794 est,
795 725 892 800 atque
912 721 1002 783 illum
1018 720 1177 800 penitius,
1191 721 1335 782 intimius
1355 738 1465 795 nosse;
1483 739 1586 800 eaque

251 823 357 884 solum
377 820 539 880 intimiore
559 819 739 897 cognitione
763 819 914 888 dicuntur
932 819 1131 898 patriarchae
1151 820 1301 879 caruisse.
1318 819 1526 906 Respondeo,
1545 819 1585 879 li-

132 917 134 922 ’
251 922 344 981 hrum
361 921 412 978 Ex.
432 934 603 996 agnoscere
618 920 682 977 tres
695 916 811 994 gradus
822 918 982 1006 amicitiae
1000 936 1007 976 z
1025 917 1054 996 a)
1069 916 1196 995 quando
1211 917 1282 995 quis
1297 919 1510 994 cognoscitur,
1529 918 1585 978 sed

251 1035 318 1078 non
336 1033 374 1076 ex
389 1015 535 1088 nomine;
551 1013 583 1094 h)
601 1013 727 1092 quando
747 1015 819 1093 quis
838 1015 1040 1092 cognoscitur
1055 1031 1092 1074 ex
1107 1015 1236 1074 nomine
1254 1033 1261 1074 ε
1279 1015 1333 1092 qui
1349 1015 1395 1075 sic
1406 1017 1583 1094 cognoscit,

254 1139 268 1170 «
294 1113 414 1174 invenit
425 1113 561 1190 gratiam
578 1137 593 1166 »
608 1129 715 1173 coram
729 1112 844 1186 altere,
861 1113 1003 1190 loquitur
1017 1129 1090 1173 cum
1103 1112 1158 1172 illo
1171 1113 1251 1172 facie
1265 1113 1304 1172 ad
1319 1112 1433 1173 facicm
1448 1112 1509 1192 (33,
1522 1113 1584 1194 lli,

251 1218 284 1273 at
303 1228 369 1272 non
389 1209 503 1270 faciem
519 1209 662 1270 intuetur
679 1209 866 1284 revelatam
883 1208 913 1289 c)
933 1208 1058 1287 quando
1078 1209 1175 1270 alicui
1195 1209 1292 1270 facies·
1309 1210 1492 1271 contuenda
1510 1228 1584 1288 pcr-

252 1309 391 1370 mittitur
408 1305 523 1387 (3118
543 1307 641 1387 sqq),
658 1307 744 1386 quod
760 1307 963 1387 privilegium
982 1307 1082 1386 Moysi
1097 1323 1162 1367 non
1182 1308 1341 1368 concessit
1360 1308 1454 1368 Deus.
1473 1307 1587 1386 Accipe

252 1405 434 1484 exemplum
456 1404 589 1483 virginis
613 1423 621 1464 :
642 1409 704 1477 est,
722 1405 778 1484 qui
800 1406 888 1465 illam
910 1405 1024 1465 iterato
1044 1405 1227 1483 conspexit,
1247 1405 1304 1465 sed
1325 1405 1365 1465 ad
1386 1405 1584 1482 colloquium

252 1521 319 1564 non
333 1511 381 1563 est
395 1502 565 1574 admissae,
578 1503 629 1563 vel
641 1520 762 1564 nomen
775 1504 915 1582 ignorat;
930 1507 978 1563 est
992 1501 1076 1563 alius
1091 1501 1136 1562 illi
1147 1502 1356 1574 necessarius,
1368 1519 1464 1580 quem
1479 1502 1586 1562 illaad

240 1600 454 1678 colloquium
476 1601 632 1670 admittit,
649 1617 774 1660 nomen·
788 1600 835 1659 illi
854 1601 981 1678 aliaque
1000 1600 1091 1677 plura
1113 1600 1249 1675 indicat;
1271 1600 1444 1662 accedente
1465 1617 1586 1678 sponso

253 1699 363 1759 velum
384 1698 437 1758 illa
456 1701 600 1758 removet
615 1701 647 1758 et
662 1697 752 1759 faciei
772 1698 921 1758 obtutum
935 1697 1105 1776 permittit.
1121 1699 1218 1772 Sane,
1236 1698 1291 1776 qui
1310 1698 1474 1778 cognoscit
1487 1698 1588 1758 alium

255 1813 292 1858 ex
311 1795 459 1868 nomine,
476 1795 648 1873 perfectius
668 1796 829 1874 cognoscit
847 1793 1000 1856 homiaem
1015 1799 1113 1872 quam
1129 1795 1197 1868 ille,
1214 1797 1271 1874 qui
1290 1797 1453 1874 cognoscit
1466 1812 1530 1856 nou
1550 1812 1588 1856 ex

255 1894 384 1954 nomine
405 1912 410 1952 :
429 1898 462 1952 at
477 1909 543 1953 non
558 1891 631 1953 ideo
651 1912 760 1954 nomen
779 1893 956 1972 perfectius
971 1893 1148 1973 cognoscit,
1165 1894 1303 1954 nominis
1323 1893 1588 1972 significationem

257 1992 353 2070 atque
370 1991 524 2051 virtutem
540 1989 683 2050 intimius
698 1991 862 2070 perspicit.
876 1992 934 2063 Qui
951 2007 1024 2051 vero
1039 1990 1205 2054 hominem
1219 1991 1360 2070 aliquem
1375 1991 1519 2070 primum
1533 2007 1587 2050 co·
1607 2016 1612 2022 ·

252 2089 426 2166 gnoscebat
438 2106 476 2149 ex
490 2086 621 2148 nomine
636 2088 783 2162 Eliacim,
800 2089 1004 2167 eundemque
1020 2096 1131 2167 postea
1145 2089 1311 2166 cognoscit
1324 2106 1362 2149 ex
1376 2089 1507 2148 nominc
1520 2089 1587 2148 loa·

254 2186 333 2257 kim,
347 2187 373 2246 is
388 2202 494 2264 neque
507 2183 658 2244 hominem
668 2189 780 2264 postea
794 2187 977 2248 necessario
991 2185 1209 2247 dicendusest
1222 2185 1369 2246 intimius
1383 2202 1586 2263 cognoscere,

223 2289 228 2303 “
258 2300 357 2360 quam
379 2287 451 2342 ante
472 2288 681 2360 cognoverat,
697 2283 862 2362 multoque
879 2285 989 2344 minus
1009 2284 1071 2344 dici
1092 2287 1199 2361 potest
1215 2281 1255 2342 ad
1274 2281 1464 2361 penitiorem
1481 2283 1588 2361 cogni-

257 2379 380 2440 tionem
403 2379 537 2440 nomiais
555 2381 679 2440 loalrim
697 2381 874 2458 pertigisse.
892 2383 915 2442 11
935 2385 1023 2441 16116
1041 2383 1095 2440 Ex.
1113 2382 1162 2454 33,
1180 2383 1229 2441 la.
1247 2382 1284 2440 17
1306 2380 1418 2458 utique
1437 2380 1586 2453 eflicitur,

261 2477 390 2554 Moysen
409 2479 473 2538 Deo
499 2477 597 2538 fuisse
616 2478 718 2556 magis
740 2478 930 2538 familiarem
949 2495 1046 2555 quam
1068 2477 1283 2551 Pharaonem,
1301 2494 1399 2557 quem
1421 2478 1504 2538 Deus
1523 2493 1588 2538 non

257 2577 348 2634 norat
364 2592 401 2635 ex
420 2575 550 2634 nomine
571 2592 634 2636 :an
651 2574 795 2636 indidem
811 2575 958 2646 eflicitur,
975 2578 1077 2635 Deum
1092 2575 1239 2635 intimius
1254 2575 1452 2654 perspexisse
1471 2591 1588 2636 nomen

259 2673 382 2750 Moyses
398 2689 495 2749 quam
510 2689 629 2733 nomen
640 2673 781 2734 Pharao?
795 2673 912 2734 Sensus
927 2672 1020 2733 unice
1032 2671 1145 2733 obvius
1155 2673 1326 2733 verborum
1341 2675 1394 2732 Ex.
1407 2674 1436 2745 6,
1451 2675 1471 2733 3
1487 2673 1513 2732 is
1529 2676 1587 2743 est,

258 2785 336 2829 aevo
354 2769 496 2830 mosaico
511 2773 652 2832 mutasse
671 2774 774 2832 Deum
793 2789 857 2832 non
876 2769 1016 2831 nominis
1038 2769 1139 2830 divini
1158 2770 1390 2848 cognitionem,
1408 2770 1465 2831 sed
1482 2771 1589 2850 ipsum

256 2884 374 2928 nomen
392 2885 399 2926 :
414 2869 588 2929 vocabatur
602 2873 694 2928 antea
708 2869 742 2929 El
756 2867 926 2943 Schaddai,
941 2868 1042 2929 voluit
1059 2867 1209 2946 deinceps
1224 2868 1328 2929 vocari
1344 2868 1449 2928 lahve.

298 2965 445 3026 Alterum
467 2965 656 3043 producitur
676 2971 910 3046 argumentum.
927 2966 1011 3026 Deus
1032 2966 1065 3024 in
1085 2965 1194 3027 Exodo
1214 2966 1306 3044 plura
1327 2982 1361 3026 66
1382 2965 1519 3026 affirmat
1534 2983 1590 3044 pa-

259 3066 357 3138 trare,
374 3068 411 3122 ut
433 3063 569 3124 Hebraei
589 3065 637 3124 vel
658 3063 805 3143 Aegyptii
828 3087 843 3118 «
863 3063 980 3136 sciant,
995 3064 1074 3142 quia
1100 3080 1158 3142 ego
1181 3063 1277 3123 Iahve
1299 3085 1315 3117 »
1339 3062 1588 3142 (7,5.17;8,22;

259 3162 347 3234 loa,
365 3162 448 3234 ihi.
462 3159 522 3240 18).
546 3162 645 3232 Quam
666 3160 903 3238 expressionem
919 3162 1056 3221 mutuati
1075 3165 1151 3222 sunt
1173 3162 1213 3220 ls.
1231 3160 1333 3239 (45,3;
1350 3161 1453 3233 4933.
1465 3160 1519 3234 aa
1535 3161 1589 3234 66,

264 3255 311 3336 16)
337 3261 368 3317 et
392 3258 653 3337 frequentissime
680 3259 733 3319 Ea.
757 3257 875 3319 Sensus
902 3261 978 3317 est:
1006 3264 1043 3319 ut
1066 3257 1276 3338 experimento
1300 3255 1421 3318 11166661
1446 3273 1497 3317 me
1521 3273 1590 3318 esse

264 3355 397 3425 lahven,
415 3374 568 3436 quamque
585 3353 679 3438 piena
698 3355 753 3415 hoc
774 3375 880 3414 nomen
901 3374 984 3415 meae
1003 3362 1135 3415 araturae
1154 3354 1351 3436 respondeat.
1370 3355 1463 3415 11111.
1481 3356 1521 3416 ls.
1538 3357 1587 3426 52,

257 3454 297 3512 6:
317 3475 331 3505 «
349 3453 426 3514 sciet
440 3455 578 3532 populus
595 3471 688 3514 meus
704 3471 814 3512 nomen
832 3470 938 3514 meum
951 3451 985 3511 in
1001 3453 1051 3513 die
1068 3453 1123 3513 illa
1138 3477 1165 3527 n,
1185 3455 1296 3531 utique
1313 3452 1446 3514 scientia
1464 3452 1590 3532 expori-

260 3551 402 3611 menlali.
418 3551 501 3630 Ergo
516 3551 613 3612 etiam
629 3554 685 3612 Ex.
699 3553 729 3624 6,
747 3554 765 3610 3
778 3552 914 3611 verbum
928 3565 979 3618 am
993 3551 1032 3610 de
1048 3551 1180 3611 scientia
1195 3550 1436 3629 experimentali
1451 3549 1591 3610 nominis

259 3647 360 3707 divini
374 3648 572 3728 intelligatur
587 3654 722 3728 oportet.

297 3745 486 3824 Respondeo
505 3749 548 3806 1⁰.
563 3749 661 3825 liujus
676 3747 766 3807 verbi
782 3746 972 3826 significatio
992 3745 1098 3806 nativa
1117 3750 1165 3807 661
1183 3745 1279 3823 scira·
1294 3764 1377 3823 quae
1399 3746 1590 3824 quaudoque

261 3848 409 3906 contextu
432 3843 476 3904 ita
499 3845 707 3918 contrahitur,
727 3849 763 3906 ut
786 3845 887 3906 solam
911 3843 1069 3904 1616611616
1092 3840 1364 3925 experimentalem
1388 3843 1529 3903 denotet.
1551 3845 1591 3903 111

261 3945 427 4002 contextus
442 3943 495 4000 Ex.
512 3943 563 4012 62
583 3961 652 4021 sqq.
670 3943 803 4003 minime
823 3942 950 4014 suadet,
969 3945 1004 4002 ut
1020 3942 1107 4002 vocis
1122 3941 1311 4020 significatio
1326 3941 1501 4014 limitetur;
1517 3940 1591 4000 loca

259 4056 334 4099 vero
357 4043 386 4109 7,
403 4042 431 4100 5.
455 4041 491 4098 ll
513 4043 572 4100 etc.
591 4041 717 4120 longius
738 4041 868 4112 absunt,
888 4056 986 4117 quam
1007 4043 1045 4100 ut
1064 4039 1286 4101 immediatum
1307 4043 1494 4100 contextum
1515 4055 1589 4098 cum

260 4139 314 4196 Ex.
332 4139 385 4208 62
399 4155 468 4215 sqq.
486 4137 645 4198 affirmare
666 4139 711 4198 fas
731 4139 782 4199 sit.
799 4140 879 4198 Num
902 4137 981 4197 forte
1001 4140 1167 4197 contextus
1188 4139 1243 4196 Ex.
1260 4138 1314 4209 62
1335 4154 1404 4214 sqq.
1423 4135 1501 4197 illud
1522 4135 1591 4195 6111-

259 4233 317 4304 611,
336 4234 532 4311 patriarchas
557 4240 701 4312 cxpertos
726 4253 795 4296 esse
821 4253 874 4296 eas
899 4232 1022 4294 divinas
1044 4233 1271 4312 perfectiones,
1290 4251 1371 4311 quac
1395 4233 1528 4293 nomine
1553 4232 1588 4291 El

260 4331 415 4392 Schaddai
431 4332 657 4410 exprimantur,
670 4337 702 4394 et
715 4351 779 4394 non
795 4350 864 4394 esse
880 4337 1027 4411 expertos
1037 4331 1092 4392 Dei
1108 4331 1140 4391 in
1153 4331 1318 4391 servandis
1330 4331 1500 4409 promissis
1512 4329 1591 4389 frde-

258 4429 394 4504 litatem,
410 4447 504 4507 quam
521 4430 633 4492 volunt
648 4430 694 4490 illi
710 4431 902 4509 interpretes
917 4429 1049 4491 nomine
1063 4429 1157 4489 lahve
1172 4429 1330 4507 exprimi?

302 4527 491 4606 Respondeo
502 4531 545 4588 2⁰.
560 4529 781 4608 Experimento
795 4529 916 4590 discere
929 4528 1045 4590 lahven
1060 4545 1117 4587 seu
1132 4525 1203 4604 quis
1219 4527 1260 4587 sit
1271 4526 1377 4596 lahve,
1389 4542 1590 4603 nequaquam

261 4627 348 4686 idem
365 4630 412 4686 661
426 4631 518 4704 atque
533 4627 752 4704 experimento
768 4627 903 4697 discere,
916 4645 1009 4707 quam
1019 4623 1112 4707 plene
1124 4642 1234 4683 nomen
1248 4622 1343 4684 16161
1355 4620 1479 4683 divinae
1495 4628 1588 4682 natu-

264 4743 317 4783 rae
328 4723 578 4804 correspondeat.
588 4725 645 4786 Ille
659 4725 774 4787 modus
787 4725 939 4804 loquendi
951 4742 1016 4784 non
1028 4727 1077 4783 est
1089 4722 1305 4782 Hebraeorum
1319 4723 1414 4782 unice
1427 4721 1587 4800 proprius.

264 4823 406 4884 Dicimus
422 4823 519 4884 etiam
538 4841 596 4884 nos
614 4825 711 4884 :Novi
727 4824 910 4885 hominem!
927 4822 1001 4883 novi
1018 4820 1152 4880 Titium!
1170 4821 1278 4897 Neque
1293 4837 1330 4878 ee
1347 4835 1425 4878 voce
1441 4819 1474 4878 id
1487 4819 1590 4896 expri-
