3534 5384
244 350 302 406 tra
691 380 697 385 ι
727 362 766 405 nx
788 361 927 407 incurro
951 362 981 405 ru
1005 361 1096 406 srunr.

243 500 331 549 multo
345 500 435 561 magis
454 500 512 548 tum
530 500 559 547 ln
579 498 744 561 regionibus
763 498 887 548 Orientis
907 498 1066 549 abundasse
1087 510 1170 562 quam
1189 512 1264 548 nunc
1280 511 1286 547 :
1303 511 1400 549 verum
1416 498 1458 557 id,
1476 500 1516 549 tot
1534 512 1579 551 ar·

243 589 383 653 gementis
397 586 536 637 diversam
551 592 618 638 tunc
631 588 705 637 aeris
720 589 886 651 temperiem
898 590 973 637 eirca
989 586 1147 639 Sinaitiden
1161 588 1387 651 suggerentibus,
1399 588 1462 651 quis
1478 590 1580 651 neget?

245 678 287 727 An
302 677 442 727 vermibus
454 678 647 740 corrumpatur
661 677 686 725 is
699 676 793 728 lichen
807 679 957 739 nescimus,
969 678 1011 728 utl
1022 679 1106 729 etiam
1119 678 1175 727 alia
1186 678 1267 742 plura
1281 690 1344 727 eam
1360 676 1485 741 plantam
1499 690 1579 740 spec-

244 768 339 816 tantia.
351 791 387 801 -
401 765 500 829 Neque
515 765 601 824 dicas,
616 778 718 815 nomen
733 767 894 829 aegyptium
909 780 1012 816 manna
1026 768 1101 817 certe
1113 778 1170 818 non
1185 766 1313 817 edilium
1328 766 1467 817 lichenem
1481 766 1530 815 scd
1545 766 1580 817 ad

245 868 349 905 manna
362 855 479 918 vulgare
493 853 600 903 reterri.
618 854 712 904 Potuit
726 855 830 917 quippe
846 854 1039 905 Hebraeorum
1052 867 1157 904 manna
1171 856 1206 905 ob
1220 854 1431 905 similitudinem
1446 855 1580 919 appellari

245 944 344 995 eodem
361 944 476 992 nomine
495 945 579 1006 atque
598 944 759 1006 aegyptium
777 955 896 1001 monum
913 944 1003 1006 potuit
1023 944 1168 993 nominum
1186 943 1338 994 similitudo
1353 956 1415 993 esse
1432 955 1509 994 mere
1522 943 1580 994 lor·

243 1034 328 1093 unm
340 1032 432 1095 potuit
446 1043 548 1082 nomen
563 1031 715 1080 hebraeum
729 1043 827 1082 revera
841 1032 959 1095 petitum
973 1044 1035 1083 esse
1050 1045 1067 1081 a
1080 1033 1176 1095 populi
1188 1031 1381 1082 admiratione.

286 1242 458 1308 Habemus
479 1240 592 1326 igitur
611 1247 685 1309 tres
704 1240 749 1312 de
766 1263 898 1309 manna
918 1242 1117 1311 sententias.
1135 1243 1248 1310 Prima
1271 1243 1360 1310 illud
1381 1244 1580 1334 pronuntiet

244 1351 401 1417 inaudito
417 1355 520 1439 atque
536 1350 708 1417 constanti
722 1349 894 1419 musculo
906 1373 981 1419 esse
996 1372 1193 1419 concessum
1211 1374 1323 1444 neque
1338 1373 1418 1418 eum
1433 1350 1505 1417 ullo
1522 1373 1582 1418 na-

245 1457 350 1525 turali
373 1461 498 1523 eventu
521 1455 711 1545 quidquam
728 1456 858 1525 habere
878 1480 1078 1527 commune.
1095 1458 1225 1540 Altera,
1243 1479 1332 1547 quae
1350 1481 1371 1524 n
1385 1458 1583 1525 recentiori-

245 1564 310 1630 bus
324 1562 483 1653 plurihus
502 1562 711 1646 defenditur,
726 1563 787 1629 sed
806 1564 981 1631 immerito
1001 1586 1096 1631 nova
1107 1564 1244 1646 dieitur,
1263 1586 1341 1631 cum
1362 1564 1497 1654 losephi
1512 1566 1583 1633 fue·

246 1670 292 1737 rit
314 1676 349 1736 et
373 1693 394 1736 e
422 1668 538 1736 Bonir.
563 1669 787 1759 approbetur,
816 1691 945 1737 menna
970 1670 1139 1738 biblicum
1168 1670 1358 1745 substantia
1385 1671 1480 1737 idem
1511 1693 1582 1739 esse

246 1776 403 1843 concedit
414 1782 518 1865 atque
534 1797 662 1844 manna
675 1776 833 1862 vulgare.
850 1781 979 1845 lamen
996 1777 1083 1845 haec
1100 1799 1239 1867 quoque
1258 1777 1428 1851 sententia
1441 1784 1583 1871 porten-

248 1889 321 1950 tum
333 1890 496 1970 agnoscat
512 1905 652 1950 necesse
667 1889 728 1952 est.
747 1883 906 1951 Cernitur
926 1884 1013 1951 illud
1035 1885 1071 1951 in
1088 1884 1262 1975 pluribus,
1281 1906 1369 1975 quae
1389 1907 1518 1955 manna
1532 1892 1584 1953 at·

247 1990 373 2072 tinent,
394 1989 562 2057 divinitus
586 1995 665 2056 autc
684 1995 848 2057 eventum
870 1992 1138 2080 praenuntiatis3
1160 1991 1198 2058 in
1210 2013 1337 2059 manna
1356 1991 1433 2077 illo,
1451 1994 1587 2082 quoda

248 2096 457 2186 quibusdam
486 2095 578 2162 ultra
612 2095 707 2163 diem
740 2098 992 2181 asservabatur,
1018 2099 1221 2189 putrefacte.
1250 2098 1354 2189 Copia
1379 2099 1462 2166 item
1490 2098 1586 2165 illius

248 2225 378 2270 manna
401 2224 479 2270 cum
502 2201 650 2288 siugulis
669 2202 807 2286 diebus,
829 2209 903 2272 tum
928 2228 991 2294 per
1012 2226 1130 2272 omnes
1153 2204 1237 2272 nuni
1260 2227 1394 2273 menses
1418 2206 1583 2274 miraculo

246 2331 363 2377 carere
381 2308 475 2376 haud
494 2308 642 2377 videtur.
660 2310 831 2377 -Tertia
848 2312 990 2378 tandem
1009 2312 1179 2378 sententia
1197 2333 1326 2379 manna
1340 2312 1509 2381 biblicum
1529 2336 1583 2380 re-

249 2416 335 2505 petit
346 2436 416 2481 non
430 2438 452 2481 a
464 2435 592 2482 manna
609 2416 746 2503 vulgari
761 2440 780 2483 e
795 2418 963 2484 tamarice
976 2423 1073 2499 nato,
1090 2418 1149 2485 sed
1162 2441 1183 2484 a
1193 2418 1328 2487 lichene
1342 2420 1585 2509 Sphaerothal-

247 2521 306 2588 lia.
330 2524 392 2603 Ea,
412 2520 466 2588 'uti
488 2522 699 2611 praecedens
722 2524 908 2606 sententia,
933 2524 970 2591 in
993 2523 1151 2614 pluribus
1172 2531 1372 2615 portentum
1396 2548 1583 2613 agnoscere

248 2627 479 2717 compellitur.
501 2632 629 2695 Tamen
647 2628 741 2696 illius
759 2629 908 2697 lichenis
929 2636 1089 2697 naturam
1108 2636 1180 2697 tam
1199 2656 1322 2723 parum
1342 2632 1512 2702 habemus
1532 2657 1585 2701 ex·

248 2735 419 2825 ploratum
445 2738 566 2826 atque,
587 2735 616 2801 si
637 2736 696 2802 ille
724 2742 886 2826 portento
911 2737 1115 2827 explicando
1141 2738 1360 2822 adhibeatur,
1383 2745 1453 2807 tam
1476 2740 1586 2807 multa

248 2849 327 2909 sunt
350 2840 502 2927 gratuito
526 2843 772 2932 supponenda,
789 2848 827 2912 ut
847 2842 1035 2913 consultius
1058 2868 1130 2917 esse
1155 2845 1347 2914 iudicemus
1371 2868 1483 2937 neque
1504 2846 1584 2913 huic

249 2947 466 3039 explicationi
486 2949 667 3031 accedere,
686 2950 747 3016 sed
765 2950 1018 3039 quaestionem,
1036 2974 1080 3018 an
1096 2974 1224 3019 manna
1243 2953 1411 3020 biblicum
1429 2977 1507 3020 oum
1525 2952 1585 3021 ali-

249 3077 317 3143 quo
336 3059 459 3120 eventu
482 3056 634 3123 naturali
655 3056 859 3124 affinitatem
880 3056 1023 3141 habeat,
1043 3058 1078 3124 in
1100 3058 1214 3126 medio
1234 3059 1445 3149 relinquere,
1463 3060 1585 3129 futuris

249 3164 390 3227 fortasse
410 3160 533 3229 studiis
553 3161 807 3257 elucidandam.

522 3434 555 3495 3.
581 3428 712 3517 Populi
733 3430 860 3520 implear
882 3431 1026 3499 tentatio
1051 3436 1106 3499 Ex.
1135 3439 1305 3515 luto-30.

293 3660 378 3748 Arq.
389 3696 435 3706 -
449 3658 589 3749 Triplici
606 3660 725 3748 lloysis
748 3662 917 3730 mandato
930 3684 963 3730 v,
979 3670 1137 3744 latras
1155 3686 1195 3733 es
1210 3665 1405 3735 inchoatur.
1423 3668 1587 3735 iubentur

250 3764 397 3831 Hebraei
411 3785 487 3831 eam
500 3764 654 3855 quotidie
669 3767 806 3858 copiam
824 3789 970 3836 mannae
985 3770 1169 3857 colligere,
1187 3773 1409 3862 quesingulis
1425 3774 1585 3842 obveniat

250 3893 374 3959 gomor
386 3894 493 3938 unum
509 3894 517 3939 :
535 3873 596 3962 qui
608 3874 687 3963 plus
701 3873 890 3961 colligunt,
908 3898 977 3942 non
991 3879 1306 3967 reprehenduntur.
1320 3881 1484 3949 iubentur
1498 3881 1585 3949 nihil

250 3978 439 4045 servarein
456 3985 655 4070 sequentem
670 3980 763 4048 diem
786 4004 795 4051 ε
814 3983 874 4071 qui
894 3989 1047 4068 servant,
1061 3985 1363 4075 reprehenduntur
1375 3994 1533 4077 portento
1553 3992 1586 4055 et

251 4084 363 4151 verbis
383 4085 512 4173 lloysis.
534 4092 699 4154 vetantur
712 4086 860 4155 sabbato
879 4088 1045 4177 colligere
1062 4115 1070 4157 ε
1087 4092 1146 4181 qui
1161 4092 1342 4160 collectum
1360 4100 1492 4177 exeunt,
1507 4117 1585 4163 rur-

252 4212 327 4258 sum
339 4196 498 4280 portento
513 4199 702 4282 carpuntur
716 4199 750 4260 et
766 4194 880 4262 verbis
893 4195 1001 4285 ipsius
1019 4198 1090 4265 Ilei.

666 4478 692 4515 a.
709 4464 839 4518 Tentatio
853 4469 943 4532 prima
959 4468 1010 4518 Ex.
1030 4468 1169 4532 lule-18.

299 4668 330 4715 v.
352 4651 392 4713 16
406 4672 422 4706 «
434 4646 500 4712 Hie
513 4659 561 4714 erl
574 4670 695 4729 sermo,
711 4671 809 4739 quem
812 4651 992 4743 praecepit
1004 4654 1167 4721 Dominus
1178 4676 1191 4721 .·
1203 4654 1344 4747 collique
1354 4660 1586 4750 unusquisque

255 4774 297 4820 ex
318 4775 377 4838 ec,
395 4766 565 4843 quantum
585 4755 713 4846 sufficit
732 4757 780 4825 ud
797 4758 999 4831 vescendam
1015 4788 1031 4823 »
1051 4760 1107 4851 (ci.
1129 4762 1239 4852 1n,t);
1257 4768 1291 4831 et
1312 4766 1473 4834 statuitur
1495 4790 1586 4837 com-
