3534 5384
693 366 742 409 ax.
767 350 859 422 tuna
880 366 945 418 soo.

156 502 275 571 Chald.
294 505 329 567 et
349 504 399 568 Ps.
428 504 496 566 lon.
523 520 621 565 suam
640 498 933 589 probabilitatem.
955 520 986 565 v.
1005 504 1047 565 22
1067 524 1082 559 a
1110 500 1342 593 Extenditque
1357 506 1490 593 Moyses
1516 488 1517 491 ¹
1628 484 1746 595 alili,

156 630 297 677 manum
313 607 350 673 in
365 605 513 690 coelam,
532 617 564 673 et
573 609 694 695 sactae
706 619 786 672 sunt
802 604 961 672 tenebrae
975 604 1155 673 horribiles
1172 606 1210 675 in
1226 608 1385 677 uniuersa
1400 624 1490 677 terra
1536 642 1537 645 ¹
1636 594 1754 699 ''⁵{331‘qi

155 715 306 806 Aegypti
321 712 429 780 tribas
444 712 563 779 diebus
590 741 622 781 ».
643 714 746 780 Hebr.
763 711 920 779 tenebrae
937 712 1171 799 obscuritatis,
1193 714 1217 781 i.
1241 738 1271 781 e.
1294 715 1491 784 obscurissi-

157 844 244 891 mae.
262 843 296 890 v.
319 828 361 888 23
383 847 399 883 u
418 823 527 888 Nemo
548 818 635 886 uidit
651 820 798 907 fratrem
818 842 921 885 sunm
945 820 1130 903 neomocit
1149 842 1184 887 se
1206 820 1352 907 deloco,
1370 824 1490 914 inquo
1562 810 1564 845 ⁵

158 942 230 996 crat
245 957 262 989 n
277 964 322 978 —
343 926 469 1017 reliqui
489 926 597 993 tribas
608 925 727 993 diebus
742 946 754 990 :
770 925 935 993 tenebrae
947 925 1122 994 breviores
1146 932 1206 995 aut
1223 934 1314 995 certe
1333 951 1403 996 non
1423 936 1491 999 tam

157 1035 340 1103 continuae
365 1056 436 1100 non
464 1039 564 1099 crant
588 1030 626 1098 in
652 1037 808 1121 Aegypto
835 1031 937 1123 plane
964 1031 1153 1100 inauditae.
1179 1072 1224 1085 -
1245 1062 1261 1095 u
1297 1036 1492 1127 Ubicunque
1568 1060 1569 1063 ¹
1630 1032 1721 1091 ἐ“
1748 1022 1758 1107 ¹,

158 1155 272 1210 autern
287 1140 490 1206 babitabant
500 1138 572 1229 filii
586 1138 703 1221 Israel,
723 1137 784 1205 lna
798 1150 871 1205 erat
892 1166 922 1205 u.
939 1138 1099 1205 Chamsin
1114 1162 1266 1231 quoque,
1284 1140 1368 1209 dum
1383 1150 1493 1209 certos

159 1254 286 1316 tractus
304 1247 458 1328 infestat,
475 1245 561 1313 alios
573 1266 645 1313 non
659 1245 810 1331 attingit.

202 1379 235 1421 v.
266 1360 309 1421 at
342 1380 358 1414 u
393 1352 599 1441 Vocauitque
628 1351 763 1419 Pburao
788 1354 931 1439 Moysen
963 1364 996 1417 et
1024 1354 1141 1419 Aaron
1180 1378 1210 1419 a.
1235 1358 1305 1421 lam
1330 1358 1386 1422 Ps.
1415 1358 1488 1425 lon.
1584 1360 1586 1363 ’
1620 1380 1621 1389 .
1706 1346 1741 1389 ’⁴

158 1460 362 1529 movebatur
395 1458 574 1549 scrupulo,
602 1479 673 1525 non
694 1457 842 1548 potuisse
870 1458 980 1525 ullum
1004 1458 1191 1527 Pharaonis
1216 1459 1370 1547 legatum
1403 1463 1493 1530 viros

159 1569 270 1650 adire,
296 1588 366 1656 quo
390 1571 546 1655 tempore
567 1586 669 1631 nemo
685 1592 702 1624 «
729 1564 837 1631 movit
860 1586 896 1632 se
919 1562 1073 1645 deloco,
1095 1565 1131 1633 in
1153 1576 1309 1657 quaerat
1331 1590 1365 1651 »;
1385 1592 1491 1659 quare

157 1696 259 1743 ¹voces
280 1672 424 1740 inseruit
449 1699 465 1733 «
491 1672 527 1738 in
553 1670 622 1738 fine
645 1670 752 1737 trium
776 1670 917 1738 dierum
945 1698 977 1738 a.
1010 1674 1132 1739 Verum
1159 1674 1332 1764 sapienter
1357 1676 1493 1767 reponit

162 1780 256 1865 Gai,
274 1802 344 1846 nou
359 1800 430 1845 esse
445 1801 507 1845 cur
524 1777 587 1843 illa
604 1777 711 1845 verba
729 1781 909 1866 tantopere
929 1784 1144 1867 premantur.
1166 1780 1255 1849 stirs
1274 1782 1393 1873 utique
1412 1788 1492 1850 ante

160 1888 272 1955 linitas
294 1886 417 1975 plagas
440 1884 572 1951 Pharao
594 1888 729 1971 Moysen
753 1882 960 1951 arcessebat.
987 1888 1144 1952 Ceterum
1168 1888 1339 1976 quaesti0,
1361 1889 1405 1955 de
1424 1910 1493 1979 qua
1538 1890 1540 1893 ’

160 1993 249 2061 nihil
265 1992 415 2059 affirmat
428 1995 554 2073 textus,
577 2011 702 2080 neque.
713 1990 815 2057 nobis
835 1994 885 2057 est
907 1990 1113 2059 dirimenda.
1134 2019 1150 2055 u
1168 1996 1215 2061 Et
1229 1993 1320 2061 elicit
1334 1996 1383 2062 eis
1396 2016 1409 2061 .·
1424 1998 1490 2079 lte,

160 2100 352 2187 sacrificate
365 2097 525 2165 Domino.
543 2096 627 2163 Ores
640 2107 776 2163 tantam
795 2107 828 2161 et
844 2110 1002 2165 armenta
1017 2109 1129 2165 cestra
1148 2114 1349 2169 remaneant
1366 2130 1400 2187 a,
1417 2102 1493 2169 loco

162 2205 335 2296 pignoris,
347 2227 415 2294 quo
429 2203 555 2270 certius
569 2202 717 2270 redeatis
730 2202 810 2291 (Syl
833 2203 870 2293 .).
892 2233 907 2263 (ι
921 2204 1065 2271 Pamnli
1073 2206 1175 2273 uestri
1183 2200 1264 2275 eunt
1274 2209 1446 2275 uobiscum
1460 2220 1495 2277 »g

163 2312 323 2380 Concedit
336 2311 406 2377 iam
426 2310 558 2377 Pharao
573 2308 680 2393 illud,
703 2308 799 2398 quod
817 2332 850 2378 v.
871 2316 914 2376 10
933 2331 985 2399 sq.
1006 2310 1250 2399 denegaverat.
1267 2314 1428 2401 Suggerit
1441 2322 1507 2382 ta··

163 2441 243 2486 man
260 2420 286 2485 T
285 2431 367 2501 ost.,
385 2438 465 2483 eum
478 2439 523 2483 ne
542 2416 607 2482 hoc
629 2414 770 2505 quidem
789 2416 878 2483 serio
895 2417 1113 2501 concessisse,
1130 2418 1190 2487 sed
1207 2421 1351 2489 voluisse
1371 2421 1495 2489 cerbus

162 2523 373 2617 perspicere,
390 2525 565 2590 sincerans
583 2522 727 2590 Hebraei
739 2522 890 2591 reditum
905 2522 1164 2608 meditarentur,
1183 2548 1227 2593 an
1247 2532 1423 2616 praetextu
1442 2552 1495 2597 sa·

164 2629 282 2699 criticii
293 2634 497 2720 quaererent
507 2650 585 2697 oum
601 2628 760 2696 omnibus
774 2629 843 2696 suis
857 2628 958 2697 bonis
970 2650 1080 2717 regno
1095 2632 1270 2702 excedere.
1287 2658 1321 2703 v.
1339 2640 1380 2703 25
1403 2662 1419 2695 u
1435 2633 1496 2701 Ait

163 2741 323 2829 Moyses:
344 2738 482 2803 Hostias
500 2756 637 2826 quoque
659 2746 691 2801 et
715 2734 916 2803 holocausta
933 2735 1031 2803 dabis
1056 2738 1168 2823 nobis,
1187 2762 1277 2829 qaae
1301 2742 1496 2829 osserarmes

163 2844 310 2911 Domino
322 2846 391 2911 Deo
401 2854 516 2910 nostro
533 2870 563 2909 ».
582 2845 671 2909 Haec
685 2841 855 2909 sententia
868 2843 1025 2932 sequenti
1039 2851 1238 2934 comparata
1252 2847 1382 2936 triplici
1394 2848 1496 2915 modo

163 2949 317 3019 construi
335 2954 457 3041 potest.
479 2950 649 3030 Primum,
667 2953 705 3014 ut
722 2948 856 3015 Pharao
873 2953 1029 3035 rogetur,
1050 2955 1083 3017 et
1104 2951 1147 3019 de
1163 2952 1232 3021 suis
1245 2934 1415 3041 gregibus
1431 2953 1497 3022 vic·

163 3057 264 3125 times
277 3057 523 3124 sacrificiorum
540 3053 630 3123 dono
649 3052 732 3121 dare
747 3053 924 3137 Hebraeis,
945 3060 978 3122 et
998 3055 1115 3125 omnia
1134 3059 1288 3147 ipsorum
1311 3082 1374 3151 pro
1396 3060 1496 3129 victi-

166 3164 231 3231 mis
240 3162 366 3231 abduci
377 3163 588 3252 permittere.
606 3160 691 3243 Sed,
709 3165 747 3227 ut
763 3159 975 3228 aPharaone
990 3160 1084 3230 dona
1098 3165 1252 3250 gratuita
1267 3166 1496 3257 postulentur,

166 3269 338 3337 contextui
357 3269 413 3336 vix
436 3271 617 3348 consonat3
645 3273 679 3334 et
696 3266 815 3355 Moysis
832 3273 1077 3354 argumentum
1095 3270 1266 3356 infirmat,
1293 3295 1373 3340 cum
1388 3275 1497 3343 multo

165 3377 280 3444 minor
296 3376 410 3442 futura
426 3379 500 3442 erat
517 3373 605 3458 ratio
620 3372 778 3441 omnium
791 3394 941 3461 gregum
959 3396 1024 3464 pro
1037 3374 1185 3444 victimis
1197 3376 1495 3465 abducendorum,

166 3484 195 3550 si
211 3482 343 3549 Pharao
358 3479 552 3547 liberaliter
572 3479 615 3546 de
628 3479 776 3546 victimis
789 3477 1011 3569 providebam
1036 3503 1149 3572 neque
1170 3484 1230 3551 illa
1245 3484 1313 3553 duo
1328 3510 1367 3563 nt
1382 3509 1498 3555 neces-

165 3588 255 3657 sario
269 3594 340 3655 tam
355 3593 447 3655 arcte
460 3587 550 3654 inter
564 3589 616 3665 sa,
641 3587 691 3651 uti
712 3586 787 3652 vult
809 3584 948 3673 Dillm,
967 3588 1237 3675 coniunguntur.
1262 3596 1375 3661 Potest
1394 3616 1499 3683 porro

167 3718 198 3764 v.
217 3702 260 3765 25
274 3694 424 3781 intelligi
435 3692 564 3760 ironice
578 3691 633 3760 vel
647 3692 753 3759 etiam
768 3686 1018 3780 interrogative
1035 3716 1043 3761 ε
1062 3698 1151 3763 Sane
1165 3701 1219 3780 tu,
1237 3698 1382 3784 Pharao,
1399 3700 1499 3768 nobis

167 3801 321 3869 victimas
338 3799 555 3890 procurabis,
578 3804 700 3866 utnon
719 3800 762 3865 sit
779 3821 916 3866 necesse
940 3821 1002 3867 nos
1025 3800 1105 3869 illas
1126 3800 1168 3869 de
1190 3802 1315 3872 nostris
1334 3807 1499 3893 gregibus

168 3909 356 3991 adducere3
374 3905 429 3974 vel
446 3929 454 3975 :
471 3911 523 3973 An
537 3911 574 3971 tu
589 3906 677 3972 forte
693 3902 848 3973 victimas
862 3906 1078 3996 procurabis,
1092 3918 1130 3975 ut
1144 3914 1233 3979 eta?
1244 3912 1371 3995 Tertio,
1385 3913 1465 3980 inde
1480 3936 1500 3980 a

170 4018 277 4100 Tost,
295 4012 453 4104 plerique
475 4034 546 4079 uon
568 4011 654 4079 alias
667 4033 700 4079 v.
718 4017 761 4081 25
786 4011 902 4078 efferri
925 4012 1083 4081 victimas
1098 4022 1251 4103 censent,
1280 4040 1386 4109 quam
1413 4042 1500 4109 quae

167 4144 201 4190 v.
218 4128 261 4189 26
274 4121 317 4189 de
332 4119 498 4207 gregibus
512 4118 744 4186 Hebraeorum
759 4117 948 4187 sumendae
963 4141 1033 4187 esse
1046 4120 1277 4193 affirmantur.
1293 4129 1346 4192 Sc.
1358 4126 1500 4195 Hebraei

168 4250 247 4296 cnm
261 4227 332 4295 suis
349 4226 515 4314 gregibus
528 4223 718 4293 Pharaonis
732 4229 831 4306 sunt;
850 4231 990 4312 rogant,
1013 4231 1052 4293 ut
1066 4228 1138 4317 ipse
1152 4228 1307 4298 victimas
1322 4234 1499 4317 concedat,

168 4334 316 4424 ideoque
331 4354 455 4420 greges
467 4352 586 4400 omnes
600 4330 727 4399 abduci
739 4331 927 4420 permittat.
944 4356 977 4401 v.
993 4338 1035 4400 26
1054 4362 1069 4395 u
1090 4335 1215 4403 Cuncti
1223 4360 1342 4428 qreqes
1353 4354 1502 4430 perqent

170 4440 364 4522 nobiseum,
385 4462 456 4505 non
469 4436 657 4505 remanebit
676 4459 718 4504 ea
733 4437 781 4505 eis
798 4438 947 4529 anqnla,
964 4462 1054 4529 qaae
1070 4443 1264 4510 necessaria
1282 4458 1363 4512 sant
1376 4447 1411 4514 in
1429 4448 1502 4515 enl-

171 4559 243 4613 tum
258 4545 398 4613 Domini
418 4545 483 4613 Dei
495 4542 605 4613 nostri
625 4572 655 4612 u.
675 4544 742 4612 Sed
762 4546 865 4613 Hebr.
882 4567 897 4611 .·
921 4546 1086 4636 quoniam
1108 4548 1249 4639 deipsis
1267 4574 1438 4622 sumemus
1457 4554 1503 4621 ad

169 4650 439 4744 sacrificandum
457 4651 603 4718 Domino
632 4655 700 4719 Deo
729 4662 866 4736 nostro,·
889 4679 905 4713 u
933 4653 1159 4747 [praesertim]
1185 4679 1263 4723 erim
1288 4658 1498 4749 iquoremas,

173 4760 261 4851 qaid
273 4759 393 4828 debeat
416 4756 606 4846 immolari,
623 4758 729 4826 donec
746 4757 795 4825 ael
812 4758 925 4849 ipsam
941 4760 1054 4827 loeium
1072 4762 1319 4851 perveniamus
1341 4792 1371 4834 ».
1389 4766 1502 4835 Merito
