3534 5384
226 365 285 424 212
707 378 745 422 ax
767 379 906 424 arerrro
927 381 956 424 m
981 380 1074 424 smm.

223 512 385 581 hibentur
406 513 478 579 ceri
501 513 557 580 [tei
574 513 709 598 imago,
728 511 839 602 qualis
863 512 998 580 videtur
1015 513 1116 580 luisse
1140 513 1265 582 vitulus
1291 535 1425 582 aureus.
1449 520 1556 582 Grave

226 642 329 710 porro
343 619 568 711 prohibitioni
582 618 718 710 pondus
730 618 829 686 addit
844 618 882 686 iu
900 621 1103 687 memoriam
1117 626 1275 688 revocata
1288 643 1320 686 v.
1337 626 1379 687 22
1394 619 1556 688 solemnis

222 727 327 809 ratio,
340 749 410 816 qua
420 725 461 792 de
471 726 562 792 coelo
574 726 719 815 loquens
730 725 968 794 Deuseaudem
978 749 1011 793 v.
1028 725 1298 794 lineulcavcrat.
1313 731 1417 793 Norat
1425 727 1555 817 quippe

224 840 326 916 Deus,
343 854 448 922 quam
462 854 590 923 pronus
606 838 690 899 esset
707 833 854 922 populus
874 831 983 923 (Cei.)
1001 834 1035 898 in
1054 831 1248 920 imaginum
1261 834 1471 924 sculptarum
1484 834 1555 902 eul-

224 947 310 1008 tum.
332 939 441 1026 lgitur
456 939 633 1005 locuturus
658 939 700 1005 de
721 938 824 1005 altari
843 939 1065 1021 exstruendo,
1086 940 1238 1029 primum
1259 939 1409 1006 inculcat
1431 939 1556 1008 debere

223 1046 310 1114 illud
328 1046 509 1112 simulacro
529 1066 661 1128 carere;
685 1045 766 1113 dein
786 1045 913 1113 debere
931 1045 1020 1112 illud
1037 1067 1155 1113 carere
1172 1047 1266 1113 omni
1285 1045 1467 1136 lapicidae,
1485 1049 1555 1114 sive

222 1151 313 1243 quod
329 1152 374 1218 ab
390 1153 457 1219 hoe
470 1151 580 1218 facilis
592 1151 763 1219 habeatur
776 1151 939 1219 transitus
951 1151 995 1219 ad
1010 1151 1159 1242 sculptas
1173 1151 1360 1240 imagines,
1377 1152 1448 1220 sive
1462 1153 1554 1243 quod

220 1257 337 1349 politis
356 1257 529 1348 lapidibus
546 1257 680 1325 facilius
698 1257 953 1326 inducebantur
970 1257 1113 1325 Hebraei
1137 1258 1182 1326 ad
1205 1259 1311 1348 pictas
1332 1259 1466 1350 aliquas
1487 1260 1556 1326 for-

222 1385 296 1432 mas
318 1363 649 1454 superinduceudas3
674 1363 817 1432 tandem
837 1369 925 1432 Deus
943 1365 1104 1454 prohibet
1121 1362 1267 1455 produc,
1285 1388 1364 1432 oum
1386 1365 1430 1432 ob
1449 1365 1554 1433 ratio-

220 1493 298 1540 nem
320 1494 353 1537 v.
376 1476 419 1537 26
440 1471 667 1561 adscriptam,
688 1493 757 1561 qua
775 1471 969 1538 reverentia
992 1474 1026 1539 et
1048 1472 1179 1561 puritas
1199 1471 1352 1540 incultu
1373 1471 1554 1540 invisibilis

220 1576 372 1645 numinis
397 1576 612 1644 observanda
636 1577 823 1661 indicatur,
847 1584 923 1645 tum
950 1578 1091 1645 fortasse
1119 1577 1241 1662 etiam,
1272 1578 1363 1669 quod
1389 1579 1555 1666 gradibus

220 1707 298 1752 mox
313 1682 444 1773 lapides
458 1683 557 1772 politi
574 1683 723 1751 adhibiti
739 1684 891 1751 tuissent.
908 1684 1069 1767 Advorte,
1085 1690 1299 1775 quantopere
1317 1684 1442 1767 altare,
1461 1683 1551 1776 quod

219 1791 275 1858 hic
294 1789 508 1872 describitur,
527 1788 664 1857 differat
678 1790 724 1857 ab
738 1789 905 1858 altaribus
919 1790 1090 1880 imprimis
1104 1793 1364 1881 Aegyptiorum.

260 1884 433 1979 Ceterum,
448 1918 526 1963 cum
541 1895 597 1963 hic
611 1903 735 1982 agatur
751 1895 795 1964 de
811 1896 978 1964 altaribus
992 1894 1060 1963 ritu
1075 1897 1310 1986 praemosaico
1326 1897 1548 1979 exstruendis,

217 2027 288 2071 non
301 2002 451 2070 habetur
466 2001 690 2069 contradictio
701 2025 814 2092 neque
830 2025 909 2070 eum
922 2003 1022 2070 altari
1038 2002 1173 2089 eliguis
1189 2003 1286 2071 setim
1300 2002 1370 2092 (Ex.
1388 2011 1430 2069 27
1446 2010 1481 2070 et
1495 2005 1551 2092 38)

218 2133 330 2200 neque
346 2131 424 2176 cum
444 2108 545 2175 altari
563 2131 670 2176 aeneo
691 2109 725 2199 (2
752 2112 826 2178 Par.
853 2110 900 2199 l).
929 2116 1020 2190 Quae
1039 2109 1096 2176 hic
1116 2108 1279 2177 dicuutur
1294 2108 1336 2177 de
1352 2110 1551 2178 altaribuse

217 2222 308 2286 terra
335 2214 552 2305 lapidibusve
572 2215 800 2296 exstruendis,
823 2215 939 2305 quoad
958 2215 1144 2283 sanctuarii
1163 2215 1287 2284 altaria
1307 2215 1551 2305 posterioribus

218 2323 354 2409 legibus
365 2322 590 2407 abrogentur.
606 2327 642 2388 Et
653 2321 793 2410 quidem
808 2322 1256 2412 Maebabaeorumtcmporc
1273 2322 1302 2411 (1
1321 2322 1426 2390 llaeh.
1443 2323 1551 2412 ΝΠ),

218 2428 355 2518 quando
377 2427 420 2494 de
444 2426 661 2494 restituendis
682 2429 870 2495 sanctuarii
893 2427 1060 2494 altaribus
1074 2427 1254 2514 agebatur,
1280 2428 1470 2497 adhibuere
1489 2429 1554 2494 ho-

218 2535 327 2602 mines
345 2532 477 2622 lapides
494 2556 566 2601 uon
579 2538 688 2602 sectos
705 2562 720 2596 u
737 2534 927 2600 secundum
945 2534 1061 2621 legem
1082 2562 1115 2616 »,
1132 2534 1249 2622 ignari
1264 2535 1335 2602 iam
1353 2537 1490 2624 penitus
1503 2536 1551 2602 le-

219 2662 299 2727 gem
315 2645 372 2708 Ex.
393 2647 435 2706 20
453 2639 530 2726 lege
549 2643 605 2706 Ex.
627 2647 670 2707 27
688 2639 803 2730 quoad
822 2637 1057 2707 sanctuarium
1073 2641 1176 2708 fuisse
1191 2639 1403 2726 abrogatam.
1425 2645 1553 2728 Tamen

218 2747 305 2830 cius,
322 2767 411 2837 quae
428 2749 486 2814 Er.
510 2746 618 2826 Mt
632 2769 683 2836 sq.
707 2745 922 2828 describitur,
939 2748 1070 2814 formae
1092 2747 1203 2814 altare
1222 2747 1439 2814 aedificatum
1466 2755 1516 2814 est
1533 2769 1553 2814 a

221 2858 314 2920 losue
327 2852 474 2940 elloysis
484 2852 647 2920 mandato
660 2853 697 2919 in
711 2859 826 2920 monte
837 2851 944 2919 llebal
957 2852 1064 2942 (Dent.
1079 2859 1158 2936 27,ῐι
1168 2875 1243 2944 sqq.
1256 2874 1264 2933 ;
1277 2858 1338 2920 los.
1355 2860 1434 2935 8,30
1445 2854 1550 2945 sqq),
1610 2895 1612 2898 -

222 2960 265 3026 ab
282 2960 353 3026 Elia
369 2961 404 3026 in
426 2959 580 3026 Carmelo
597 2960 630 3049 (3
655 2963 739 3045 Reg.
760 2965 858 3036 1831
876 2959 982 3048 sqq).
1001 2962 1073 3041 So,
1092 2960 1154 3025 ubi
1170 2959 1213 3026 de
1228 2959 1395 3027 altaribus
1416 2965 1554 3051 praeter

220 3065 453 3134 sanctuarium
467 3065 679 3134 exstruendis
691 3071 863 3152 ageretur,
880 3069 1005 3152 Moyses
1016 3064 1143 3155 aliique
1157 3066 1202 3133 ad
1214 3067 1363 3134 formam
1377 3070 1433 3133 lla.
1450 3073 1551 3150 2022

221 3195 272 3260 sq.
288 3171 560 3250 revertebantur,
580 3173 652 3238 sive
666 3171 760 3260 quod
777 3193 851 3239 cam
871 3171 986 3258 legem
1008 3170 1121 3262 quoad
1135 3171 1207 3240 sola
1228 3172 1414 3240 sanctuarii
1430 3173 1553 3240 altaria

220 3285 414 3344 revocatam
436 3285 628 3358 censerent,
649 3279 720 3345 sive
741 3279 857 3367 potius
877 3278 986 3367 quod,
1015 3277 1057 3345 de
1079 3301 1227 3368 quorum
1253 3279 1414 3346 altarium
1441 3281 1553 3346 forma

217 3384 320 3452 lahve
334 3383 421 3450 nihil
438 3383 618 3464 sanxisset,
636 3406 677 3450 ea
698 3384 764 3451 sibi
778 3383 1055 3475 patriarcharum
1067 3385 1136 3452 ritu
1153 3385 1358 3454 exstruenda
1375 3408 1446 3452 esse
1466 3384 1552 3452 exis-

135 3578 138 3587 ,
225 3491 397 3557 timarent.
416 3493 499 3556 Cum
517 3512 600 3556 vcro
613 3491 668 3556 lex
686 3495 743 3557 ux.
761 3495 862 3574 20,2t
879 3511 931 3580 sq.
956 3495 1046 3558 certe
1061 3490 1105 3558 sit
1123 3515 1162 3558 ex
1176 3498 1273 3582 parte
1286 3496 1319 3558 et
1336 3491 1552 3582 probabilius

226 3620 266 3663 ex
287 3597 424 3682 integro
445 3603 618 3678 revocata,
638 3596 724 3664 falso
743 3597 893 3664 affirmat
913 3597 1114 3664 Hoonaclser
1128 3622 1161 3688 p.
1183 3604 1242 3681 22,
1263 3620 1305 3666 ea
1322 3596 1399 3685 lege
1416 3620 1552 3666 conces-

224 3726 296 3770 sam
331 3725 401 3779 esse
434 3702 594 3770 llebracis
616 3703 752 3770 veniam
786 3703 945 3770 altarium
970 3702 1167 3794 ubicunque
1192 3703 1349 3772 libuisset
1377 3711 1552 3774 exstruen-

227 3810 362 3878 dorum.

269 3941 301 3985 v.
322 3923 364 3983 lt
383 3947 398 3977 «
417 3917 535 3984 Altera
552 3916 699 3983 deterre
718 3944 752 3996 »,
771 3939 840 4005 qua
861 3939 940 3983 voce
961 3915 1082 3983 merito
1102 3917 1150 3983 ait
1175 3916 1247 3986 cai.
1266 3939 1334 3986 non
1352 3918 1483 3986 excludi
1498 3917 1552 3986 la-

224 4031 325 4104 tereS,
345 4051 360 4084 «
377 4023 517 4112 societis
533 4022 619 4089 utili
633 4035 665 4089 et
677 4023 826 4114 offeretis
839 4045 941 4112 super
953 4046 991 4090 co
1003 4021 1201 4090 holocausto
1215 4035 1248 4090 et
1257 4024 1409 4114 pacifica
1426 4037 1547 4111 vestra,

225 4153 299 4197 oecs
314 4142 441 4198 cestros
461 4143 494 4196 et
515 4127 611 4196 boves
628 4158 643 4190 a
658 4168 703 4180 -
716 4131 811 4197 Sam.
830 4133 888 4196 Ps.
909 4131 980 4196 lon.
1000 4149 1013 4194 .·
1029 4129 1070 4196 dc
1088 4129 1203 4198 ovibus
1221 4143 1282 4197 ete.
1304 4169 1349 4180 -
1366 4159 1382 4192 «
1398 4133 1435 4198 in
1455 4131 1551 4198 omrai

223 4237 313 4320 loce,
333 4236 371 4302 in
387 4259 453 4324 qao
464 4235 631 4310 ncemorio
640 4237 753 4325 [uerit
767 4235 919 4302 nonanis
932 4236 1000 4302 mci
1013 4257 1027 4300 .·
1042 4235 1177 4303 veniam
1196 4236 1244 4304 od
1260 4250 1290 4304 te
1305 4251 1338 4304 et
1352 4236 1549 4305 benedicam

222 4342 285 4409 tibi
311 4370 340 4407 a.
368 4342 432 4408 Sed
456 4343 578 4409 melius
596 4364 674 4408 cum
703 4345 806 4410 Hebr.
835 4341 955 4410 chalal.
986 4343 1066 4429 Syr.
1090 4343 1194 4429 iunge
1217 4344 1376 4410 ultimum
1404 4344 1548 4410 incisum

220 4448 439 4539 praecedenti
460 4471 467 4517 :
495 4448 692 4537 ubicunque
714 4449 749 4515 in
766 4448 868 4515 altari
887 4449 950 4514 rite
969 4454 1135 4516 exstructo
1150 4450 1260 4518 cultus
1283 4454 1350 4517 Deo
1370 4449 1545 4532 reddetur,

219 4555 330 4623 aderit
343 4559 427 4622 [teus
442 4560 476 4621 et
487 4554 764 4622 benedictionem
782 4555 966 4641 largietur3
986 4555 1046 4622 ubi
1063 4577 1143 4621 vero
1157 4557 1280 4624 harum
1298 4555 1415 4644 legum
1431 4556 1548 4646 aliqua

217 4661 427 4749 negligatur,
442 4659 553 4728 deerit
563 4661 682 4728 divina
690 4661 898 4742 benedictio,
913 4700 957 4712 —
971 4661 1090 4751 utique
1106 4663 1273 4750 quamdiu
1286 4685 1325 4729 ea
1338 4663 1391 4729 lex
1404 4653 1544 4730 valebit.

244 4809 316 4858 Sam.
334 4809 402 4872 legit
421 4813 496 4864 mlv
519 4813 585 4863 ’ml
604 4815 649 4863 lla
672 4813 778 4866 vniam·
800 4813 877 4864 '’tls-
901 4806 954 4857 Ubi
975 4813 1082 4862 mint&
1105 4808 1201 4872 utique
1226 4807 1391 4860 ruendosum
1411 4811 1463 4861 est.
1482 4807 1538 4860 Sed
