3534 5384
634 1373 986 1460 minentem)

710 1669 920 1677 ——-—-

424 1921 455 1982 t.
478 1914 594 1980 Erodi
607 1927 642 1982 et
654 1915 800 1982 Leuitiei
813 1927 1015 2004 coirspeetus
1031 1917 1213 2005 pererratis.

191 2142 230 2203 tn
243 2136 495 2203 Commentario
515 2135 552 2202 in
571 2138 719 2203 Genesin
736 2137 1011 2226 exponebamuS.
1033 2137 1209 2228 quomodo
1222 2161 1307 2205 aem
1322 2161 1482 2230 praemo-

143 2243 238 2310 saico
249 2243 286 2309 in
300 2243 407 2332 stirpe
426 2243 535 2309 electa
549 2243 699 2310 formata
716 2243 759 2309 sit
779 2249 813 2310 et
827 2244 975 2310 creverit
990 2267 1086 2312 saera
1101 2244 1253 2312 traditio.
1269 2249 1393 2314 terum
1412 2269 1481 2315 non

144 2350 257 2439 quatis
276 2348 322 2416 ab
343 2348 444 2415 initio
462 2355 533 2416 erat
554 2371 626 2421 una
646 2353 679 2415 at
694 2349 857 2416 continua
870 2349 909 2416 in
929 2357 1065 2418 nostras
1082 2373 1205 2419 manus
1223 2351 1379 2442 persenit
1396 2354 1482 2423 haee

146 2455 302 2538 traditio,
322 2455 432 2522 sedin
446 2455 601 2546 quinque
619 2456 841 2524 Pentateuchi
855 2455 965 2523 libros
979 2455 1140 2526 discreta.
1158 2462 1245 2526 llaec
1259 2458 1383 2526 divisio
1395 2461 1482 2528 sitne

146 2562 361 2652 temporibus
374 2566 455 2630 LXX
468 2562 656 2652 antiquior,
673 2563 863 2652 quaeritur.
883 2567 1043 2631 Nostrum
1056 2564 1160 2631 brodi
1179 2564 1306 2632 librum
1325 2588 1346 2633 a
1363 2567 1482 2635 Genesi

146 2669 271 2736 merito
290 2669 455 2755 distingui
475 2683 662 2740 censemus.
686 2669 722 2736 si
739 2690 830 2735 unus
852 2667 897 2736 ab
909 2667 1011 2736 initio
1029 2669 1168 2737 Genesis
1186 2677 1220 2738 et
1241 2671 1374 2740 Euodus
1395 2672 1483 2740 liber

146 2782 262 2857 erant,
283 2775 504 2842 scribendum
526 2781 599 2847 erat
619 2777 675 2844 Ex.
695 2781 748 2856 t,t
768 2802 784 2834 α
803 2778 870 2841 ttae
895 2781 975 2841 suut
1002 2777 1242 2862 generationes
1262 2777 1413 2845 tiliorum
1436 2783 1483 2846 ts·

148 2883 221 2947 raet
237 2910 253 2942 »
264 2903 272 2962 ;
285 2881 320 2947 id
336 2887 501 2948 Geneseos
516 2885 688 2951 structura
702 2879 878 2966 exigebat3
896 2879 932 2947 id
946 2888 1038 2949 certe
1058 2881 1172 2950 brodo
1190 2883 1482 2974 superscripsisset

147 2993 276 3063 auctor,
289 2988 428 3077 qualem
438 2987 605 3059 neoterici
617 2987 749 3068 volunt,
760 2986 843 3076 ipsis
852 2988 1032 3055 eventibus
1043 2989 1144 3075 longe
1154 2989 1335 3079 posterior.
1346 2990 1381 3058 Si
1394 3013 1483 3060 uirus

148 3093 237 3160 liber
254 3101 368 3174 erant,
382 3115 452 3160 non
467 3099 542 3160 erat
559 3094 646 3168 ratio
661 3092 842 3182 repetendi
859 3097 917 3160 Ex.
936 3101 1028 3177 ms
1044 3095 1179 3162 elenchi
1192 3095 1344 3163 tiliorum
1356 3096 1479 3178 Jacob,

147 3223 225 3267 eum
237 3199 374 3266 elenchi
393 3203 475 3266 Gen.
495 3194 597 3282 3533
625 3221 700 3292 sqq.
724 3205 758 3266 et
779 3205 858 3282 t6,8
879 3221 956 3289 sqq.
974 3199 1114 3268 abunde
1128 3201 1339 3269 suffecissent
1357 3226 1365 3272 :
1383 3209 1436 3284 at,
1452 3203 1481 3270 si

147 3310 204 3372 Ex.
222 3314 274 3387 t,t
302 3329 412 3374 novus
434 3305 635 3374 ordiebatur
661 3305 763 3388 liber,
780 3328 850 3372 non
872 3313 945 3373 erat
970 3307 1098 3374 otiosus
1117 3307 1177 3374 itte
1202 3307 1378 3377 elenchus.
1399 3313 1476 3376 Lev.

146 3413 229 3479 item
246 3436 267 3479 a
283 3418 382 3479 Num.
400 3395 777 3498 meritodlstinguitur.
796 3411 886 3479 ticet
905 3412 999 3478 enim
1017 3413 1073 3480 lex
1092 3418 1168 3481 ber.
1184 3419 1228 3480 2⁷
1243 3416 1480 3504 praecedenti·

148 3518 210 3584 bus
224 3518 377 3606 legibus,
395 3519 465 3584 fere
478 3517 643 3598 dixerim,
655 3517 873 3606 negligenter
887 3518 930 3584 sit
949 3518 1099 3601 adnexa,
1115 3525 1151 3586 at
1172 3519 1268 3607 leges
1290 3525 1367 3590 Lev.
1388 3521 1480 3589 mul-

148 3633 219 3691 tnm
235 3624 436 3692 differunta
459 3623 675 3692 documentis
686 3627 784 3690 Num.
811 3632 879 3706 t-t,
897 3648 986 3715 quae
1002 3647 1163 3693 numeros
1179 3627 1333 3696 tradunt.
1353 3632 1478 3694 Verum

148 3731 250 3798 Exodi
271 3739 304 3797 et
331 3731 472 3797 Leu’tiri
494 3724 656 3800 continua
679 3735 728 3797 est
747 3731 902 3797 narratio
929 3753 937 3798 z
962 3732 1125 3822 pericope
1146 3754 1252 3819 agens
1278 3733 1321 3800 de
1343 3733 1478 3800 institu-

148 3837 240 3904 tione
254 3859 431 3905 sacrorum
451 3839 697 3904 Aaronicorum
713 3837 757 3903 ab
772 3841 828 3903 Ex.
850 3843 893 3905 tt
913 3837 957 3904 ad
977 3841 1055 3904 Lev.
1074 3846 1115 3905 10
1127 3839 1306 3928 pertingit.
1320 3843 1475 3908 Ceterum

148 3945 301 4032 quaestio
319 3966 382 4026 an,
403 3942 463 4034 qui
484 3965 576 4010 nunc
595 3947 651 4012 Ex.
670 3947 703 4008 et
722 3947 798 4010 Lev.
818 3943 980 4024 audiunt,
997 3943 1042 4010 ab
1062 3944 1136 4033 ipsa
1160 3945 1272 4034 prima
1292 3945 1478 4036 scriptione

148 4051 276 4116 tuerint
293 4051 363 4116 duo
378 4049 460 4115 libri
474 4049 641 4136 distincti,
659 4072 730 4119 non
748 4072 787 4116 eo
807 4050 880 4115 solo
896 4050 1082 4134 dirimitur,
1101 4050 1195 4140 quod
1206 4051 1405 4118 ostendatur
1420 4059 1479 4120 aut

148 4155 263 4224 adesse
284 4163 344 4224 aut
365 4156 554 4223 desiderari
579 4161 729 4226 extremo
750 4155 841 4222 libro
861 4155 973 4222 Exodo
999 4156 1206 4224 narrationis
1227 4157 1445 4226 intervallum
1469 4180 1476 4228 :

150 4262 260 4352 potuit
276 4261 393 4352 prima
411 4261 579 4328 librorum
599 4261 773 4330 distinctio
791 4261 865 4328 ficri
885 4269 1027 4351 propter
1045 4264 1195 4330 rationes
1214 4262 1319 4330 asolo
1338 4286 1403 4331 usu
1419 4287 1479 4354 pe-

149 4369 243 4450 titas,
260 4391 306 4436 sc.
323 4369 414 4458 quod
430 4390 501 4436 una
519 4367 685 4458 pellium,
704 4367 830 4458 quibus
845 4367 929 4434 libri
942 4367 1233 4452 inscribebantur,
1252 4372 1430 4456 congeries
1442 4371 1480 4438 in

148 4473 272 4541 iustam
297 4476 425 4542 molem
447 4474 651 4542 excrevisset
676 4475 826 4564 ideoque
849 4497 869 4540 a
895 4480 1060 4563 sequente
1087 4477 1285 4544 narratione
1307 4476 1482 4546 videretur

149 4580 375 4668 seiungenda.

193 4687 244 4754 Ab
255 4687 416 4755 Hebraeis
427 4687 465 4755 hi
475 4688 555 4755 libri
569 4713 590 4755 a
603 4688 723 4779 primis
734 4687 875 4754 vocibus
885 4687 1118 4778 appellantur,
1137 4690 1269 4758 Exodus
1284 4705 1376 4754 niun
1391 4677 1478 4758 atsi.

152 4794 318 4862 Leviticus
332 4810 435 4888 rripit.
450 4799 528 4862 thX
538 4797 680 4862 nomina
692 4794 887 4884 imposuere
900 4816 920 4860 a
934 4796 1037 4861 rebus
1051 4795 1202 4863 narratis
1211 4796 1318 4886 petita
1331 4813 1340 4862 τ
1351 4797 1480 4876 ”litetur

573 4922 749 4962 nvttucttottt.
766 4936 798 4946 ··
815 4921 840 4958 lit
858 4921 898 4957 El·
919 4923 950 4957 ΕΤ
968 4923 1023 4958 ΙΗ.
1041 4936 1072 4946 -
1091 4917 1100 4958 l
