<?xml version="1.0" encoding="UTF-8"?>
<!DOCTYPE html PUBLIC "-//W3C//DTD XHTML 1.0 Transitional//EN"
    "http://www.w3.org/TR/xhtml1/DTD/xhtml1-transitional.dtd">
<html xmlns="http://www.w3.org/1999/xhtml" xml:lang="en" lang="en">
 <head>
  <title>
</title>
<meta http-equiv="Content-Type" content="text/html;charset=utf-8" />
  <meta name='ocr-system' content='tesseract 3.04.00' />
  <meta name='ocr-capabilities' content='ocr_page ocr_carea ocr_par ocr_line ocrx_word'/>
</head>
<body>
  <div class='ocr_page' id='page_1' title='image "./commentariusine00hummgoog/commentariusine00hummgoog_0137.png"; bbox 0 0 3534 5384; ppageno 0'>
   <div class='ocr_carea' id='block_1_1' title="bbox 229 364 1110 423">
    <p class='ocr_par' dir='ltr' id='par_1_1' title="bbox 229 364 1110 423">
     <span class='ocr_line' id='line_1_1' title="bbox 229 364 1110 423; baseline -0.001 -1"><span class='ocrx_word' id='word_1_1' title='bbox 229 364 286 423; x_wconf 71' lang='lat'>126</span> <span class='ocrx_word' id='word_1_2' title='bbox 680 376 790 421; x_wconf 77' lang='lat' dir='ltr'>norals</span> <span class='ocrx_word' id='word_1_3' title='bbox 813 378 891 421; x_wconf 77' lang='lat' dir='ltr'>acm</span> <span class='ocrx_word' id='word_1_4' title='bbox 912 377 942 422; x_wconf 85' lang='lat' dir='ltr'>m</span> <span class='ocrx_word' id='word_1_5' title='bbox 964 376 1110 423; x_wconf 78' lang='lat' dir='ltr'>Anarrro.</span> 
     </span>
    </p>
   </div>
   <div class='ocr_carea' id='block_1_2' title="bbox 223 510 1564 1027">
    <p class='ocr_par' dir='ltr' id='par_1_2' title="bbox 223 510 1564 1027">
     <span class='ocr_line' id='line_1_2' title="bbox 229 510 1564 603; baseline 0.001 -26"><span class='ocrx_word' id='word_1_6' title='bbox 229 514 357 602; x_wconf 82' lang='lat' dir='ltr'>gyptiis</span> <span class='ocrx_word' id='word_1_7' title='bbox 371 512 415 579; x_wconf 89' lang='lat' dir='ltr'>ad</span> <span class='ocrx_word' id='word_1_8' title='bbox 430 515 617 582; x_wconf 79' lang='lat' dir='ltr'><strong>cataractas</strong></span> <span class='ocrx_word' id='word_1_9' title='bbox 632 532 751 600; x_wconf 86' lang='lat' dir='ltr'>nsque.</span> <span class='ocrx_word' id='word_1_10' title='bbox 769 533 801 579; x_wconf 88' lang='lat' dir='ltr'>v.</span> <span class='ocrx_word' id='word_1_11' title='bbox 821 517 864 579; x_wconf 80' lang='lat'>36</span> <span class='ocrx_word' id='word_1_12' title='bbox 881 538 898 573; x_wconf 91' lang='lat'>«</span> <span class='ocrx_word' id='word_1_13' title='bbox 915 511 1082 579; x_wconf 77' lang='lat' dir='ltr'><em>Dominus</em></span> <span class='ocrx_word' id='word_1_14' title='bbox 1096 523 1209 579; x_wconf 76' lang='lat' dir='ltr'>orrtem</span> <span class='ocrx_word' id='word_1_15' title='bbox 1226 510 1320 577; x_wconf 70' lang='lat' dir='ltr'>dedit</span> <span class='ocrx_word' id='word_1_16' title='bbox 1333 511 1483 601; x_wconf 73' lang='lat' dir='ltr'>qratiam</span> <span class='ocrx_word' id='word_1_17' title='bbox 1497 536 1564 603; x_wconf 79' lang='lat' dir='ltr'>po-</span> 
     </span>
     <span class='ocr_line' id='line_1_3' title="bbox 223 616 1560 709; baseline 0 -24"><span class='ocrx_word' id='word_1_18' title='bbox 223 619 310 708; x_wconf 78' lang='lat' dir='ltr'>pulo</span> <span class='ocrx_word' id='word_1_19' title='bbox 319 641 434 687; x_wconf 83' lang='lat' dir='ltr'>coram</span> <span class='ocrx_word' id='word_1_20' title='bbox 443 616 640 708; x_wconf 72' lang='lat' dir='ltr'>Aeqyptiis,</span> <span class='ocrx_word' id='word_1_21' title='bbox 653 617 954 685; x_wconf 79' lang='lat' dir='ltr'>ntoommodorent</span> <span class='ocrx_word' id='word_1_22' title='bbox 966 617 1031 700; x_wconf 81' lang='lat' dir='ltr'>eis,</span> <span class='ocrx_word' id='word_1_23' title='bbox 1045 630 1077 685; x_wconf 82' lang='lat' dir='ltr'>ot</span> <span class='ocrx_word' id='word_1_24' title='bbox 1088 618 1322 709; x_wconf 76' lang='lat' dir='ltr'>spoliaverant</span> <span class='ocrx_word' id='word_1_25' title='bbox 1332 618 1519 709; x_wconf 71' lang='lat' dir='ltr'>Aeqyptios</span> <span class='ocrx_word' id='word_1_26' title='bbox 1530 646 1560 685; x_wconf 70' lang='lat' dir='ltr'>n.</span> 
     </span>
     <span class='ocr_line' id='line_1_4' title="bbox 229 723 1560 814; baseline -0.001 -22"><span class='ocrx_word' id='word_1_27' title='bbox 229 729 480 793; x_wconf 84' lang='lat' dir='ltr'>Commemorat</span> <span class='ocrx_word' id='word_1_28' title='bbox 496 727 585 791; x_wconf 84' lang='lat' dir='ltr'>Tost.</span> <span class='ocrx_word' id='word_1_29' title='bbox 605 750 621 786; x_wconf 80' lang='lat' dir='ltr'>o</span> <span class='ocrx_word' id='word_1_30' title='bbox 644 746 794 792; x_wconf 88' lang='lat' dir='ltr'>errorem</span> <span class='ocrx_word' id='word_1_31' title='bbox 811 723 1042 814; x_wconf 89' lang='lat' dir='ltr'>quorumdam</span> <span class='ocrx_word' id='word_1_32' title='bbox 1059 725 1280 808; x_wconf 88' lang='lat' dir='ltr'>ludaeorum,</span> <span class='ocrx_word' id='word_1_33' title='bbox 1303 724 1364 814; x_wconf 90' lang='lat' dir='ltr'>qui</span> <span class='ocrx_word' id='word_1_34' title='bbox 1383 724 1560 802; x_wconf 83' lang='lat' dir='ltr'>dixerunt,</span> 
     </span>
     <span class='ocr_line' id='line_1_5' title="bbox 230 830 1562 921; baseline -0.001 -22"><span class='ocrx_word' id='word_1_35' title='bbox 230 832 323 921; x_wconf 89' lang='lat' dir='ltr'>quod</span> <span class='ocrx_word' id='word_1_36' title='bbox 337 832 455 899; x_wconf 85' lang='lat' dir='ltr'>ludaei</span> <span class='ocrx_word' id='word_1_37' title='bbox 462 835 665 921; x_wconf 80' lang='lat' dir='ltr'>acceperant</span> <span class='ocrx_word' id='word_1_38' title='bbox 674 830 781 917; x_wconf 84' lang='lat' dir='ltr'>gratis</span> <span class='ocrx_word' id='word_1_39' title='bbox 795 831 884 898; x_wconf 89' lang='lat' dir='ltr'>dona</span> <span class='ocrx_word' id='word_1_40' title='bbox 900 839 933 898; x_wconf 91' lang='lat' dir='ltr'>et</span> <span class='ocrx_word' id='word_1_41' title='bbox 944 831 1040 898; x_wconf 91' lang='lat' dir='ltr'>nullo</span> <span class='ocrx_word' id='word_1_42' title='bbox 1055 831 1158 900; x_wconf 88' lang='lat' dir='ltr'>modo</span> <span class='ocrx_word' id='word_1_43' title='bbox 1174 835 1335 921; x_wconf 87' lang='lat' dir='ltr'>poterant</span> <span class='ocrx_word' id='word_1_44' title='bbox 1351 832 1562 899; x_wconf 86' lang='lat' dir='ltr'>committere</span> 
     </span>
     <span class='ocr_line' id='line_1_6' title="bbox 228 926 1563 1027; baseline 0.001 -24"><span class='ocrx_word' id='word_1_45' title='bbox 228 940 358 1006; x_wconf 87' lang='lat' dir='ltr'>furtum</span> <span class='ocrx_word' id='word_1_46' title='bbox 375 965 406 1004; x_wconf 88' lang='lat'>».</span> <span class='ocrx_word' id='word_1_47' title='bbox 423 938 482 1004; x_wconf 85' lang='lat' dir='ltr'>Hie</span> <span class='ocrx_word' id='word_1_48' title='bbox 497 958 594 1004; x_wconf 87' lang='lat' dir='ltr'>error</span> <span class='ocrx_word' id='word_1_49' title='bbox 605 936 730 1004; x_wconf 84' lang='lat' dir='ltr'>veritas</span> <span class='ocrx_word' id='word_1_50' title='bbox 744 943 806 1005; x_wconf 89' lang='lat' dir='ltr'>est.</span> <span class='ocrx_word' id='word_1_51' title='bbox 823 926 893 1003; x_wconf 64' lang='lat' dir='ltr'>Sar</span> <span class='ocrx_word' id='word_1_52' title='bbox 908 936 946 1004; x_wconf 91' lang='lat' dir='ltr'>in</span> <span class='ocrx_word' id='word_1_53' title='bbox 961 937 1113 1005; x_wconf 87' lang='lat' dir='ltr'>hebraeo</span> <span class='ocrx_word' id='word_1_54' title='bbox 1125 958 1307 1027; x_wconf 82' lang='lat' dir='ltr'>nunquam</span> <span class='ocrx_word' id='word_1_55' title='bbox 1325 935 1438 1003; x_wconf 89' lang='lat' dir='ltr'>induit</span> <span class='ocrx_word' id='word_1_56' title='bbox 1454 938 1563 1025; x_wconf 76' lang='lat' dir='ltr'>signi-</span> 
     </span>
    </p>
   </div>
   <div class='ocr_carea' id='block_1_3' title="bbox 230 1042 1564 1880">
    <p class='ocr_par' dir='ltr' id='par_1_3' title="bbox 230 1042 1564 1880">
     <span class='ocr_line' id='line_1_7' title="bbox 230 1042 1564 1131; baseline 0 -20"><span class='ocrx_word' id='word_1_57' title='bbox 230 1044 424 1112; x_wconf 82' lang='lat' dir='ltr'>ficationem</span> <span class='ocrx_word' id='word_1_58' title='bbox 435 1043 696 1125; x_wconf 82' lang='lat' dir='ltr'>commodandi,</span> <span class='ocrx_word' id='word_1_59' title='bbox 712 1044 792 1111; x_wconf 85' lang='lat' dir='ltr'>licet</span> <span class='ocrx_word' id='word_1_60' title='bbox 804 1066 880 1111; x_wconf 87' lang='lat' dir='ltr'>eam</span> <span class='ocrx_word' id='word_1_61' title='bbox 893 1042 1019 1112; x_wconf 86' lang='lat' dir='ltr'>habeat</span> <span class='ocrx_word' id='word_1_62' title='bbox 1033 1045 1070 1111; x_wconf 89' lang='lat' dir='ltr'>in</span> <span class='ocrx_word' id='word_1_63' title='bbox 1082 1044 1247 1112; x_wconf 86' lang='lat' dir='ltr'>chaldaeo</span> <span class='ocrx_word' id='word_1_64' title='bbox 1265 1064 1272 1111; x_wconf 94' lang='lat'><strong>:</strong></span> <span class='ocrx_word' id='word_1_65' title='bbox 1291 1065 1375 1131; x_wconf 82' lang='lat' dir='ltr'>ergo</span> <span class='ocrx_word' id='word_1_66' title='bbox 1395 1056 1427 1109; x_wconf 84' lang='lat' dir='ltr'>et</span> <span class='ocrx_word' id='word_1_67' title='bbox 1442 1067 1564 1111; x_wconf 76' lang='lat' dir='ltr'>onora-</span> 
     </span>
     <span class='ocr_line' id='line_1_8' title="bbox 230 1149 1563 1241; baseline -0.001 -23"><span class='ocrx_word' id='word_1_68' title='bbox 230 1164 430 1218; x_wconf 67' lang='lat' dir='ltr'>remouens.</span> <span class='ocrx_word' id='word_1_69' title='bbox 449 1154 564 1241; x_wconf 82' lang='lat' dir='ltr'><strong>Neque</strong></span> <span class='ocrx_word' id='word_1_70' title='bbox 579 1159 710 1239; x_wconf 80' lang='grc' dir='ltr'>ἔχρησαν</span> <span class='ocrx_word' id='word_1_71' title='bbox 725 1150 842 1239; x_wconf 84' lang='lat' dir='ltr'><em>(LXX)</em></span> <span class='ocrx_word' id='word_1_72' title='bbox 853 1152 1045 1219; x_wconf 78' lang='lat' dir='ltr'>necessario</span> <span class='ocrx_word' id='word_1_73' title='bbox 1061 1149 1237 1218; x_wconf 87' lang='lat' dir='ltr'>derivatur</span> <span class='ocrx_word' id='word_1_74' title='bbox 1251 1173 1270 1218; x_wconf 88' lang='lat' dir='ltr'>a</span> <span class='ocrx_word' id='word_1_75' title='bbox 1284 1161 1427 1240; x_wconf 80' lang='grc' dir='ltr'>κίχρημι,</span> <span class='ocrx_word' id='word_1_76' title='bbox 1442 1158 1563 1218; x_wconf 88' lang='lat' dir='ltr'>mutuo</span> 
     </span>
     <span class='ocr_line' id='line_1_9' title="bbox 232 1245 1563 1348; baseline 0.002 -25"><span class='ocrx_word' id='word_1_77' title='bbox 232 1259 332 1341; x_wconf 87' lang='lat' dir='ltr'>dare;</span> <span class='ocrx_word' id='word_1_78' title='bbox 348 1256 437 1325; x_wconf 88' lang='lat' dir='ltr'>seda</span> <span class='ocrx_word' id='word_1_79' title='bbox 454 1262 558 1346; x_wconf 77' lang='grc' dir='ltr'>χράω,</span> <span class='ocrx_word' id='word_1_80' title='bbox 577 1256 758 1347; x_wconf 84' lang='lat' dir='ltr'>praebere.</span> <span class='ocrx_word' id='word_1_81' title='bbox 771 1262 856 1324; x_wconf 92' lang='lat' dir='ltr'>ltem</span> <span class='ocrx_word' id='word_1_82' title='bbox 865 1245 919 1322; x_wconf 67' lang='lat' dir='ltr'>bsr</span> <span class='ocrx_word' id='word_1_83' title='bbox 933 1279 1003 1325; x_wconf 91' lang='lat' dir='ltr'>non</span> <span class='ocrx_word' id='word_1_84' title='bbox 1012 1279 1150 1348; x_wconf 88' lang='lat' dir='ltr'>semper</span> <span class='ocrx_word' id='word_1_85' title='bbox 1158 1261 1255 1325; x_wconf 87' lang='lat' dir='ltr'>sonat</span> <span class='ocrx_word' id='word_1_86' title='bbox 1270 1256 1435 1324; x_wconf 79' lang='lat' dir='ltr'>iniustam</span> <span class='ocrx_word' id='word_1_87' title='bbox 1450 1258 1563 1348; x_wconf 88' lang='lat' dir='ltr'>priva·</span> 
     </span>
     <span class='ocr_line' id='line_1_10' title="bbox 231 1363 1561 1456; baseline -0.001 -26"><span class='ocrx_word' id='word_1_88' title='bbox 231 1365 373 1446; x_wconf 89' lang='lat' dir='ltr'>tionem,</span> <span class='ocrx_word' id='word_1_89' title='bbox 391 1365 444 1431; x_wconf 89' lang='lat' dir='ltr'>uti</span> <span class='ocrx_word' id='word_1_90' title='bbox 465 1384 579 1453; x_wconf 86' lang='lat' dir='ltr'>neque</span> <span class='ocrx_word' id='word_1_91' title='bbox 597 1363 742 1453; x_wconf 78' lang='lat' dir='ltr'>spoliari</span> <span class='ocrx_word' id='word_1_92' title='bbox 761 1386 874 1456; x_wconf 90' lang='lat' dir='ltr'>neque</span> <span class='ocrx_word' id='word_1_93' title='bbox 897 1372 1049 1449; x_wconf 80' lang='grc' dir='ltr'>σκυλεύω,</span> <span class='ocrx_word' id='word_1_94' title='bbox 1067 1384 1156 1455; x_wconf 86' lang='lat' dir='ltr'>qnae</span> <span class='ocrx_word' id='word_1_95' title='bbox 1173 1386 1300 1451; x_wconf 84' lang='lat' dir='ltr'>graeca</span> <span class='ocrx_word' id='word_1_96' title='bbox 1314 1387 1378 1431; x_wconf 83' lang='lat' dir='ltr'>vox</span> <span class='ocrx_word' id='word_1_97' title='bbox 1396 1364 1439 1432; x_wconf 87' lang='lat' dir='ltr'>de</span> <span class='ocrx_word' id='word_1_98' title='bbox 1456 1363 1561 1431; x_wconf 91' lang='lat' dir='ltr'>armis</span> 
     </span>
     <span class='ocr_line' id='line_1_11' title="bbox 230 1468 1560 1560; baseline 0.002 -25"><span class='ocrx_word' id='word_1_99' title='bbox 230 1471 320 1537; x_wconf 89' lang='lat' dir='ltr'>hosti</span> <span class='ocrx_word' id='word_1_100' title='bbox 333 1469 468 1538; x_wconf 78' lang='lat' dir='ltr'>deviato</span> <span class='ocrx_word' id='word_1_101' title='bbox 487 1468 710 1538; x_wconf 76' lang='lat' dir='ltr'><strong>detrahendis</strong></span> <span class='ocrx_word' id='word_1_102' title='bbox 724 1470 921 1551; x_wconf 78' lang='lat' dir='ltr'>adhibetur,</span> <span class='ocrx_word' id='word_1_103' title='bbox 938 1469 1030 1560; x_wconf 88' lang='lat' dir='ltr'>quod</span> <span class='ocrx_word' id='word_1_104' title='bbox 1043 1472 1172 1539; x_wconf 87' lang='lat' dir='ltr'>iustum</span> <span class='ocrx_word' id='word_1_105' title='bbox 1185 1492 1305 1537; x_wconf 89' lang='lat' dir='ltr'>omnes</span> <span class='ocrx_word' id='word_1_106' title='bbox 1324 1470 1560 1539; x_wconf 80' lang='lat' dir='ltr'>aestimabant.</span> 
     </span>
     <span class='ocr_line' id='line_1_12' title="bbox 234 1566 1563 1679; baseline 0.001 -37"><span class='ocrx_word' id='word_1_107' title='bbox 234 1575 354 1643; x_wconf 74' lang='lat' dir='ltr'>Chald.</span> <span class='ocrx_word' id='word_1_108' title='bbox 371 1578 474 1644; x_wconf 88' lang='lat' dir='ltr'>vertit</span> <span class='ocrx_word' id='word_1_109' title='bbox 493 1598 577 1679; x_wconf 51' lang='grc' dir='ltr'>χρη,</span> <span class='ocrx_word' id='word_1_110' title='bbox 602 1597 788 1661; x_wconf 76' lang='lat' dir='ltr'>eeoouor·e,·</span> <span class='ocrx_word' id='word_1_111' title='bbox 801 1578 879 1665; x_wconf 71' lang='lat' dir='ltr'>Syr.</span> <span class='ocrx_word' id='word_1_112' title='bbox 898 1566 978 1672; x_wconf 59' lang='grc' dir='ltr'>γὸτι,</span> <span class='ocrx_word' id='word_1_113' title='bbox 996 1577 1141 1646; x_wconf 65' lang='lat' dir='ltr'>eradere.</span> <span class='ocrx_word' id='word_1_114' title='bbox 1165 1582 1255 1666; x_wconf 83' lang='lat' dir='ltr'>Ergo</span> <span class='ocrx_word' id='word_1_115' title='bbox 1280 1599 1348 1645; x_wconf 89' lang='lat' dir='ltr'>non</span> <span class='ocrx_word' id='word_1_116' title='bbox 1372 1581 1450 1644; x_wconf 89' lang='lat' dir='ltr'>sunt</span> <span class='ocrx_word' id='word_1_117' title='bbox 1464 1598 1563 1643; x_wconf 85' lang='lat' dir='ltr'>noeu-</span> 
     </span>
     <span class='ocr_line' id='line_1_13' title="bbox 230 1682 1563 1775; baseline 0.001 -27"><span class='ocrx_word' id='word_1_118' title='bbox 230 1682 329 1750; x_wconf 91' lang='lat' dir='ltr'>sandi</span> <span class='ocrx_word' id='word_1_119' title='bbox 341 1682 505 1765; x_wconf 85' lang='lat' dir='ltr'>Hebraei,</span> <span class='ocrx_word' id='word_1_120' title='bbox 521 1682 615 1774; x_wconf 90' lang='lat' dir='ltr'>quod</span> <span class='ocrx_word' id='word_1_121' title='bbox 637 1706 678 1751; x_wconf 88' lang='lat' dir='ltr'>ea</span> <span class='ocrx_word' id='word_1_122' title='bbox 691 1689 812 1751; x_wconf 89' lang='lat' dir='ltr'>mutuo</span> <span class='ocrx_word' id='word_1_123' title='bbox 832 1684 1042 1773; x_wconf 78' lang='lat' dir='ltr'>acceperint,</span> <span class='ocrx_word' id='word_1_124' title='bbox 1060 1706 1149 1774; x_wconf 85' lang='lat' dir='ltr'>quae</span> <span class='ocrx_word' id='word_1_125' title='bbox 1169 1705 1350 1775; x_wconf 87' lang='lat' dir='ltr'>nunquam</span> <span class='ocrx_word' id='word_1_126' title='bbox 1371 1706 1405 1752; x_wconf 89' lang='lat' dir='ltr'>se</span> <span class='ocrx_word' id='word_1_127' title='bbox 1430 1683 1563 1750; x_wconf 88' lang='lat' dir='ltr'>restitu-</span> 
     </span>
     <span class='ocr_line' id='line_1_14' title="bbox 231 1790 789 1880; baseline 0 -24"><span class='ocrx_word' id='word_1_128' title='bbox 231 1797 325 1857; x_wconf 80' lang='lat' dir='ltr'>turos</span> <span class='ocrx_word' id='word_1_129' title='bbox 339 1811 409 1857; x_wconf 88' lang='lat' dir='ltr'>esse</span> <span class='ocrx_word' id='word_1_130' title='bbox 424 1790 553 1879; x_wconf 88' lang='lat' dir='ltr'>oppido</span> <span class='ocrx_word' id='word_1_131' title='bbox 568 1790 789 1880; x_wconf 80' lang='lat' dir='ltr'>praescirent.</span> 
     </span>
    </p>
   </div>
   <div class='ocr_carea' id='block_1_4' title="bbox 0 0 1780 5384">
    <p class='ocr_par' dir='ltr' id='par_1_4' title="bbox 0 0 1780 5384">
     <span class='ocr_line' id='line_1_15' title="bbox 0 0 1780 5384; baseline 0 0"><span class='ocrx_word' id='word_1_132' title='bbox 0 0 1780 5384; x_wconf 95' lang='lat' dir='ltr'> </span> 
     </span>
    </p>
   </div>
  </div>
 </body>
</html>
