3534 5384
704 349 771 391 nav.
794 332 886 405 aare
908 349 969 402 soe.
1448 335 1505 392 aii

177 487 325 552 iruetum
349 482 519 572 usquead
541 483 734 572 proximum
751 479 953 549 iubilaeum.
975 505 1007 548 v.
1035 487 1076 548 10
1100 509 1116 544 a
1137 480 1266 564 Qtradsi
1289 503 1414 570 aqrum
1429 504 1506 572 pas-

176 591 333 658 sessioais
346 613 428 658 suae
451 589 601 674 [raverit]
628 615 664 671 r,
683 627 726 639 -
747 590 847 654 Hebr.
866 609 879 653 .·
895 586 936 652 de
956 610 1052 676 aqra.
1075 593 1120 656 De
1137 609 1222 675 agro
1242 610 1312 654 non
1331 609 1412 655 suae
1431 609 1507 678 pos·

175 697 341 780 sessionis,
359 698 419 765 sed
433 696 478 763 ab
489 681 556 762 alio
572 701 687 784 empto
698 694 917 782 agitnrinfra
930 717 962 761 v.
981 701 1024 761 22
1036 716 1087 784 sq.
1103 735 1146 745 -
1161 723 1177 756 0
1194 697 1251 782 [rt]
1264 695 1509 762 consecraverit

178 803 339 881 bomine,
358 803 458 870 iuata
476 824 672 870 mensenam
685 801 846 868 sententis
860 799 1101 868 aestimabitur
1115 801 1288 892 [pretinm]
1302 829 1336 880 u,
1354 827 1371 862 «
1387 805 1421 868 et
1430 822 1508 868 eon-

177 916 358 1000 sequenter
380 909 474 977 inxta
495 908 722 999 quantitatem
746 908 840 996 agri,
861 930 931 996 quo
949 907 1040 974 enim
1066 913 1115 974 est
1129 928 1213 994 ager
1227 908 1349 989 maior,
1373 929 1414 972 eo
1431 908 1509 997 plus

177 1015 232 1083 vel
260 1015 374 1084 minus
395 1015 535 1083 seminis
554 1015 710 1105 impendi
728 1014 847 1094 debet,
871 1021 910 1082 ut
927 1021 1094 1081 seratur»
1114 1012 1246 1102 (1000).
1269 1013 1341 1080 «Si
1364 1013 1508 1102 triqirua

178 1121 303 1188 madiis
329 1121 449 1188 hordei
484 1123 621 1208 [seritur
643 1121 768 1209 terra],
795 1120 1055 1210 quinquaqinta
1089 1119 1182 1187 siclis
1206 1117 1432 1186 venumdetur
1453 1142 1509 1186 ar-

178 1228 276 1317 qrati
298 1256 327 1294 ».
345 1233 408 1296 Pro
427 1225 474 1299 311
493 1227 621 1295 madiis
641 1242 830 1295 naumann
847 1227 953 1294 habet
972 1229 1091 1306 Heba,
1114 1226 1205 1316 quod
1220 1231 1346 1316 aequat
1367 1233 1407 1293 10
1427 1226 1509 1316 ephi

180 1335 249 1423 (ΕΖ.
281 1335 393 1422 tati)
416 1339 449 1400 et
473 1332 659 1401 seeundum
681 1331 855 1400 Rabbinos
881 1338 923 1400 30
948 1337 1021 1400 sata
1048 1333 1103 1422 (ef.
1128 1354 1217 1422 quae
1239 1331 1440 1400 dicebamus
1465 1331 1508 1399 ad

179 1444 258 1508 Gen.
289 1440 394 1528 18,6).
414 1445 503 1526 Ergo
522 1461 630 1508 unum
654 1438 795 1506 ohomer
813 1444 941 1528 aequat
959 1445 1060 1506 393·9
1081 1439 1132 1506 lit.
1156 1438 1284 1506 Medius
1304 1439 1412 1526 igitur
1429 1439 1465 1505 h.
1483 1438 1506 1506 1.

178 1553 292 1613 saneto
314 1547 407 1613 Hier.
426 1546 518 1614 idem
533 1554 583 1614 est
600 1552 704 1635 atque
718 1551 844 1627 satum,
866 1546 949 1612 dum
973 1545 1018 1612 ad
1034 1546 1148 1612 Matth.
1166 1552 1266 1629 13,33
1282 1553 1393 1613 satum
1412 1544 1511 1612 docet

178 1675 326 1742 aequare
342 1653 496 1720 modium
511 1675 590 1719 eum
604 1651 817 1720 dimidiabo
833 1651 908 1718 sieli
923 1651 1112 1719 ereduntur
1122 1651 1258 1719 efficere
1274 1656 1396 1720 11150
1418 1653 1459 1717 ir.

215 1852 286 1902 Hine
299 1853 387 1902 oritur
401 1855 543 1916 quaestio,
559 1853 589 1902 hi
609 1853 642 1903 50
661 1853 722 1902 01011
742 1853 837 1903 datiae
855 1853 912 1902 stnt
933 1851 1020 1902 semel
1040 1853 1148 1902 tantum
1167 1865 1203 1902 an
1223 1852 1375 1916 quotannis
1392 1851 1508 1916 (110010,

179 1941 260 2000 item,
282 1939 366 1990 calm.
388 1938 463 2005 010).
485 1941 604 2005 segetes
625 1943 699 1992 inter
721 1942 777 1992 (100
796 1941 931 2002 10011000,
948 1940 1068 2004 demptis
1083 1941 1165 1990 annis
1179 1941 1345 1998 sabbaticis,
1364 1945 1446 1989 erant
1466 1940 1509 1989 ta.

180 2029 272 2079 Facile
290 2031 410 2093 supponi
431 2034 523 2094 potest
538 2043 573 2080 ex
592 2043 650 2081 uno
668 2031 782 2081 chomor
800 2031 916 2080 seminis
935 2037 1017 2080 natos
1036 2041 1099 2080 esse
1118 2031 1272 2093 quotannis
1287 2028 1320 2078 ‘20
1336 2029 1451 2078 ohomer
1464 2041 1511 2078 se·

179 2119 280 2180 getis:
304 2130 385 2181 ergo,
407 2119 527 2182 demptis
552 2120 796 2182 singulis-annuis
814 2121 888 2169 coris
911 2119 1040 2176 seminis,
1063 2117 1113 2167 108
1139 2118 1240 2168 choros
1265 2118 1348 2167 annis
1373 2115 1421 2176 11,
1445 2119 1463 2164 i.
1484 2130 1509 2167 e.

180 2205 348 2257 3113311110.
362 2206 393 2257 Si
403 2207 436 2257 50
447 2209 508 2256 sicli
518 2208 605 2258 semel
616 2210 724 2257 tantum
731 2208 922 2266 solvebantur,
933 2219 985 2270 pro
998 2205 1137 2256 1115010.
1151 2205 1509 2264 010000010131-13311110.,

179 2304 207 2345 et
221 2307 272 2358 pro
289 2294 299 2345 1
314 2294 348 2345 ir.
364 2297 529 2346 emebantur
548 2295 615 2346 tiri
638 2297 694 2347 iitr.
712 2295 744 2346 Id
763 2296 838 2346 haud
856 2297 949 2360 potest
968 2295 1087 2345 admitti.
1107 2295 1136 2345 Si
1155 2293 1284 2346 adstruas
1300 2294 1332 2344 50
1348 2295 1431 2346 siclos
1444 2307 1510 2358 pen-

179 2397 226 2433 sos
241 2396 304 2434 esse
318 2385 483 2447 quotannis,
500 2385 626 2449 exeeptis
638 2387 720 2435 annis
735 2384 900 2446 sabbatius,
917 2396 985 2448 ergo
1000 2383 1195 2447 pendebantur
1209 2383 1241 2433 50
1254 2385 1285 2446 ><
1298 2383 1331 2434 tt
1342 2403 1378 2426 =
1388 2383 1457 2433 2100
1472 2384 1511 2432 si-

179 2473 214 2521 011
229 2485 280 2523 seu
295 2471 363 2522 5013
378 2471 412 2523 ir.
429 2488 435 2520 :
449 2485 501 2536 pro
517 2473 526 2523 1
544 2473 578 2523 ir.
594 2474 759 2524 eruebantur
774 2473 805 2523 52
822 2473 876 2522 litr.
895 2472 952 2524 Gur
967 2478 1024 2523 100
1038 2474 1151 2536 exigno,
1166 2485 1202 2522 00
1214 2472 1304 2522 dicam
1319 2471 1436 2535 indigno
1449 2483 1513 2536 pre·

182 2563 220 2611 110
235 2560 323 2611 voluit
337 2562 414 2612 Deus
425 2561 585 2612 sacerdotes
600 2564 705 2625 privari
717 2561 874 2625 segetibus,
891 2575 962 2626 quas
976 2575 1012 2612 ex
1026 2561 1100 2612 votis
1111 2561 1313 2626 perceperant?
1328 2559 1366 2610 Ut
1386 2565 1510 2624 temporo

178 2645 260 2699 tamis
274 2650 328 2700 hae
341 2654 453 2712 segetes
472 2649 583 2701 iaeilius
597 2653 625 2701 et
644 2651 749 2701 eortius
766 2651 796 2700 in
811 2651 909 2702 turbas
927 2649 1106 2709 (1101001001,
1117 2663 1153 2700 00
1172 2649 1331 2701 sacerdotes
1346 2649 1444 2700 tierent
1461 2660 1510 2700 aa·

178 2752 235 2802 quo
248 2738 363 2790 ditiores
377 2751 470 2802 00000
484 2741 671 2804 importunius
686 2743 819 2802 urgerent
832 2740 920 2789 laicos
936 2738 971 2788 ad
986 2738 1124 2789 eiusmodi
1139 2741 1204 2789 vota
1219 2737 1381 2790 emittenda.

222 2953 253 2995 v.
275 2936 315 2994 17
331 2957 346 2988 a
363 2931 387 2994 S
392 2929 404 2993 i
417 2929 535 2994 statim
547 2931 589 2996 ab
604 2952 695 2995 0000
710 2929 906 3018 incipientis
918 2929 1061 2996 iubiiaei
1073 2929 1201 2995 eat-erit
1212 2950 1347 3018 aqrum,
1367 2931 1507 3017 [quauta

180 3033 289 3101 ualere
305 3042 450 3124 patest‚]
480 3046 574 3102 tauto
598 3035 836 3103 aestimabitur
861 3065 896 3119 a,
922 3041 993 3102 tota
1013 3035 1075 3102 illa
1101 3034 1237 3122 argenti
1255 3036 1306 3101 vis
1326 3035 1505 3124 pendetur.

179 3163 212 3207 v.
242 3146 282 3208 18
305 3167 321 3203 s
343 3142 407 3208 Siu
429 3153 546 3208 autem
567 3155 646 3232 past
673 3143 896 3233 aliquantum
923 3142 1103 3233 temporis,
1128 3142 1329 3232 supputabit
1353 3139 1510 3208 sacerdos

172 3247 361 3336 partenium
380 3249 479 3315 r'uata
495 3271 682 3334 armorum,
704 3249 767 3338 qui
787 3248 916 3339 reliqui
937 3261 1036 3329 0001,
1058 3271 1239 3316 rrrrrueruru
1260 3270 1365 3339 usqua
1385 3246 1433 3314 ad
1457 3247 1509 3313 iu-
1570 3233 1572 3238 ¹

179 3352 343 3440 bilaeum‚
362 3366 394 3420 et
408 3354 604 3422 detrabatur
618 3379 661 3421 ea
674 3355 789 3445 pretio
812 3384 828 3417 0
850 3356 1040 3446 completo,
1061 3354 1153 3445 quod
1169 3378 1200 3421 v.
1224 3361 1264 3423 10
1280 3355 1506 3428 statuebatur,

177 3459 215 3526 id
228 3460 320 3550 qnod
333 3462 594 3550 correspondeat
606 3461 707 3530 annis
719 3484 740 3530 0
754 3461 906 3530 inbitaeo
916 3463 1071 3552 proxime
1086 3462 1257 3528 celebrato
1268 3459 1402 3551 elapsis.
1416 3483 1448 3526 v.
1469 3465 1509 3527 10

182 3596 197 3625 «
217 3566 346 3648 Quodsi
367 3567 534 3656 10010ον11]
553 3567 720 3635 redimere
739 3592 865 3659 aqrum
882 3567 960 3650 ille,
976 3568 1038 3659 qui
1059 3580 1210 3651 uouerat,
1228 3566 1332 3635 addet
1349 3567 1509 3657 quintam

171 3685 310 3762 partem
331 3674 533 3741 aestimatae
552 3677 738 3766 peerruiae,
763 3689 797 3743 01
808 3675 997 3765 possidebit
1010 3697 1089 3742 eum
1111 3703 1140 3742 r.
1159 3675 1207 3741 Gi.
1230 3698 1262 3742 v.
1282 3681 1444 3742 10101.
1467 3681 1509 3740 00

181 3807 197 3840 «
214 3779 275 3847 Sia
292 3794 407 3849 aedem
426 3780 596 3870 ¹inolererit]
613 3781 797 3866 redimere,
815 3782 878 3849 sed
894 3781 997 3849 alteri
1007 3781 1145 3849 cuilibet
1156 3782 1264 3870 [eterit
1287 3781 1509 3847 renurruiatus

178 3886 283 3967 10100
297 3909 386 3968 retra,
408 3886 470 3976 qui
484 3893 647 3974 00000011,
668 3888 836 3956 redimere
851 3912 920 3956 000
928 3889 1062 3978 poterit
1081 3916 1112 3955 0.
1135 3891 1238 3955 Hebr.
1259 3910 1272 3952 .·
1286 3887 1317 3954 si
1330 3909 1399 3953 000
1416 3885 1510 3953 rede-

179 3992 242 4058 mit
265 4004 343 4073 010,
364 4005 395 4060 01
410 3995 441 4060 si
450 3994 580 4062 uendit.
598 4001 640 4063 at
655 3995 829 4085 quomodo
839 4001 962 4086 potest,
978 3995 1038 4086 qui
1056 3996 1126 4063 iam
1142 3991 1314 4062 abdicavit
1333 4015 1458 4080 agrum
1472 3994 1509 4060 in

178 4119 301 4165 manns
319 4100 521 4178 sacerdotis,
542 4103 691 4169 eundem
715 4103 865 4169 vendere
880 4101 1000 4169 alteri?
1020 4103 1129 4168 Sensit
1150 4100 1250 4190 Vulq.
1270 4101 1341 4180 hic,
1360 4099 1410 4166 uti
1425 4099 1509 4166 alias

177 4205 271 4295 apud
289 4205 470 4290 Hebraeos
489 4205 668 4275 diversum
682 4230 754 4276 esse
767 4207 1099 4294 subintelligendum
1113 4208 1306 4275 subiectum
1321 4229 1328 4274 :
1346 4205 1374 4274 si
1384 4228 1509 4273 vovens

177 4333 246 4378 non
271 4311 436 4394 redimat,
466 4320 501 4381 et
528 4313 687 4382 sacerdos
715 4315 843 4382 vendat
866 4313 986 4398 tertio,
1012 4315 1143 4404 expirat
1168 4312 1415 4402 redemptionis
1438 4313 1508 4390 ius,

178 4417 249 4484 imo
269 4441 370 4486 omne
392 4421 546 4486 voventis
571 4420 641 4503 ius,
663 4420 712 4488 ita
737 4427 775 4489 ut
790 4443 904 4512 neque
924 4444 1015 4489 anno
1042 4420 1185 4488 iubilaei
1206 4419 1348 4510 recipiat
1371 4439 1506 4505 agrum,

178 4525 239 4590 sed
254 4525 283 4591 is
299 4525 391 4614 apud
402 4526 595 4594 sacerdotes
609 4533 824 4616 parmaneat.
844 4531 891 4594 Ne
907 4527 1009 4595 multi
1019 4527 1085 4594 hae
1102 4527 1233 4594 ratione
1248 4526 1285 4593 in
1296 4524 1508 4592 sacerdotum

178 4651 300 4698 manus
324 4633 508 4698 transirent
531 4633 625 4718 agri,
648 4633 791 4701 Hebraei
815 4635 886 4700 sine
908 4633 1014 4701 dubio
1047 4633 1113 4723 ipsi
1139 4639 1236 4700 erant
1257 4629 1402 4698 canturi.
1426 4633 1511 4697 Haeo

179 4757 259 4802 vero
279 4737 332 4803 lex
355 4737 401 4804 ad
427 4739 645 4806 redimendos
669 4762 770 4827 agros
792 4739 976 4825 incitabat,
1001 4746 1035 4807 et
1052 4740 1102 4807 ita
1127 4738 1271 4826 singulis
1296 4737 1456 4805 tribubus
1478 4743 1513 4805 et

578 4869 752 4906 0001001000.
770 4885 801 4893 -
818 4869 843 4907 ut
861 4871 903 4907 ax.
921 4871 951 4906 ar
969 4869 1023 4906 aas.
1041 4883 1072 4892 —
1089 4859 1119 4905 ³5
