3534 5384
702 398 767 444 nav.
791 383 865 454 aut)
886 398 950 450 sco.
1433 385 1490 446 tet

160 557 215 603 ces
241 516 448 602 sacerdotes
460 554 529 600 non
546 554 616 599 esse
635 539 768 600 unctos.
786 555 818 598 v.
838 539 879 599 10
902 558 917 591 α
937 530 1028 598 Tulit
1043 544 1077 598 et
1094 533 1267 600 unctionis
1282 534 1409 619 oleum,
1426 557 1493 623 quo
1530 579 1531 586 κ
1589 525 1617 596 ’,ῑέ

158 642 274 709 linivit
288 639 547 708 tabernaculum
566 661 643 705 cum
658 638 752 707 amni
764 636 972 729 supellectili
984 659 1050 704 sua
1063 665 1079 698 s
1090 660 1099 721 ;
1109 661 1142 706 v.
1159 645 1197 706 11
1213 667 1229 700 a
1242 662 1385 731 euntque
1396 663 1495 708 sanc-

159 749 294 838 tificans
321 747 517 837 aspersisset
531 745 642 814 altare
660 757 788 835 septem
807 743 958 828 uicibus,
980 744 1082 812 unalt
1104 743 1196 812 illud
1215 759 1247 812 et
1272 748 1388 814 omnia
1411 762 1523 815 oasa¹
1582 773 1584 778 ¹

1641 841 1643 848 ,
1676 843 1718 870 .„

160 855 249 939 eius,
268 855 470 944 labrumque
485 874 562 920 cum
576 852 649 918 basi
660 875 724 919 sua
741 851 971 939 sanctificavit
982 852 1078 940 [olco]
1096 882 1125 917 n.
1142 875 1173 919 v.
1201 859 1242 920 12
1263 882 1278 914 «
1300 854 1401 934 Quod
1408 855 1495 943 secit-

161 961 244 1028 a¹eus
270 983 371 1052 super
392 971 496 1049 eaput
523 961 657 1042 Aaron,
686 960 788 1026 tenuit
808 981 886 1025 eum
909 970 942 1024 et
960 958 1216 1028 consecrauit».
1234 960 1425 1046 Hebraeae,
1442 987 1496 1028 ex-

160 1068 279 1135 tremis
299 1067 412 1134 tribus
432 1065 528 1134 hisce
554 1064 707 1132 versibus
726 1063 949 1132 consecrandi
968 1064 1111 1132 verbum
1132 1065 1284 1133 scribens
1305 1061 1497 1136 disfinctius

162 1175 276 1257 effert,
295 1175 469 1241 unctionis
483 1172 641 1239 effectum
656 1171 860 1261 primarium
875 1192 947 1238 esse
962 1171 1270 1254 consecrationem,
1288 1196 1423 1263 quares
1437 1197 1496 1242 seu

162 1303 311 1370 persona
327 1281 371 1347 ab
386 1301 452 1347 usu
465 1279 613 1370 prolana
629 1284 836 1346 removetur.
857 1279 905 1346 cf.
927 1277 1030 1345 Eccli.
1048 1285 1126 1360 155
1140 1301 1216 1368 sqq.

207 1411 239 1454 v.
265 1395 304 1455 13
326 1414 342 1448 «
368 1386 475 1455 Filios
489 1408 626 1477 quoque
643 1385 715 1452 eius
732 1384 861 1452 oblatos
879 1413 917 1468 »,
935 1407 994 1452 seu
1010 1384 1170 1452 accedere
1185 1387 1309 1468 iussas,
1332 1417 1347 1449 (ι
1364 1388 1498 1455 cesticit

162 1493 291 1560 tunicis
314 1492 431 1578 lineis,
454 1505 487 1559 et
506 1491 617 1559 cinait
636 1491 773 1572 balteis,
795 1491 1026 1580 imposuitque
1046 1493 1185 1579 mitras,
1210 1505 1247 1558 ut
1269 1493 1413 1562 iusserat
1434 1498 1500 1562 Do·
1592 1529 1593 1532 ¹
1634 1485 1759 1506 ’

168 1599 284 1667 minus
301 1628 329 1668 ›>.

546 1796 570 1858 β.
587 1795 785 1844 Consecutionis
797 1795 917 1844 caedicio
935 1796 993 1844 Lev.
1008 1797 1118 1856 art-m.

581 1942 612 1987 u.
638 1937 728 1984 Vitulus
741 1953 788 1998 pro
799 1945 898 1998 peccma
912 1936 973 1986 Lev.
988 1939 1098 1998 aut-17.

209 2121 242 2164 v.
267 2104 307 2165 tt
335 2127 349 2158 a
377 2096 512 2164 Obtulit
535 2109 567 2163 et
588 2097 733 2163 vitulum
751 2119 814 2187 pro
833 2083 1004 2186 peccato;⁸
1019 2119 1164 2187 cutnque
1179 2120 1282 2188 supet·
1306 2112 1411 2190 caput
1431 2100 1504 2167 eius

161 2203 358 2295 posuissent
375 2206 494 2271 Aaron
512 2216 546 2269 et
556 2203 628 2294 filit
651 2203 724 2270 eius
743 2225 866 2269 manus
887 2225 966 2270 sitas
992 2230 1027 2288 a,
1045 2227 1078 2269 v.
1103 2211 1143 2272 15
1160 2221 1177 2266 a
1196 2205 1389 2273 immolauit
1403 2228 1502 2290 eccam
1596 2195 1597 2198 ¹
1698 2185 1756 2300 ᾗ

165 2310 330 2378 hauriens
339 2309 546 2400 sanquinem
562 2311 607 2396 [et
621 2311 737 2396 tincto]
753 2307 876 2398 dipito,
891 2308 1004 2397 tetipit
1014 2332 1144 2376 cornua
1154 2310 1348 2402 altatisper
1359 2336 1498 2403 puritas,

165 2440 233 2507 quta
249 2417 388 2508 expiato
403 2429 436 2483 ct
450 2417 664 2504 sanctificato
675 2414 776 2505 scidit
791 2416 988 2507 [reliquunt]
996 2418 1200 2506 sanquinem
1213 2416 1262 2485 ad
1271 2419 1501 2509 fiendamenta

167 2525 240 2591 eius
266 2553 296 2590 ».
323 2529 470 2592 Rursum
491 2523 590 2613 Vulp.
614 2521 687 2589 cius
704 2523 919 2590 ceremoniae
944 2523 1101 2590 effectum
1123 2525 1297 2592 obscurat.
1314 2529 1418 2593 llebr.
1437 2550 1450 2593 .·
1468 2541 1499 2594 et

166 2630 321 2720 eapiauit
346 2632 475 2712 altare,
495 2643 529 2696 et
550 2630 748 2720 (reliquum)
770 2627 978 2719 sanquinem
1002 2629 1103 2721 fudit
1123 2631 1171 2697 ael
1194 2631 1293 2698 basin
1311 2631 1448 2720 altaris,
1468 2649 1500 2701 ct

167 2737 376 2804 consecrauit
387 2735 534 2804 illutlatl
546 2736 776 2826 expiationem
784 2734 988 2823 faciendam
1000 2758 1101 2825 super
1116 2735 1215 2804 illud.
1231 2739 1383 2806 Primum
1393 2739 1500 2807 altare

167 2845 241 2912 oleo
256 2848 473 2911 consecratur
488 2843 525 2909 in
544 2864 644 2910 usum
666 2843 800 2922 cultus,
817 2841 898 2908 dein
918 2841 1013 2908 idem
1034 2844 1203 2928 sanguine
1223 2849 1441 2912 consecratur
1455 2847 1498 2913 ad

165 2949 350 3039 specialem
376 2971 476 3016 usum
496 2948 707 3039 expiationis.
735 2949 817 3014 Hinc
842 2946 968 3014 clarius
989 2948 1189 3037 perspicieS,
1213 2949 1299 3039 quid
1324 2951 1390 3018 sibi
1417 2953 1498 3018 velit

168 3056 250 3122 hinc
268 3054 420 3145 pontifex
441 3054 516 3121 oleo
535 3058 569 3122 et
583 3055 753 3141 sanguine
769 3058 1001 3137 consecratus,
1024 3054 1107 3121 hinc
1125 3055 1316 3122 sacerdotes
1334 3057 1407 3125 solo
1419 3080 1498 3125 san-

168 3161 274 3248 guiue
288 3145 488 3228 consecrati.
511 3160 607 3227 Salus
621 3159 679 3227 ille
694 3161 799 3227 semel
810 3160 848 3226 in
861 3181 952 3227 anno
967 3165 1122 3228 sanctum
1138 3167 1333 3230 sanctorum
1348 3163 1499 3250 ingredi-

168 3273 238 3352 tur,
253 3266 347 3356 qaad
363 3272 413 3334 est
426 3268 600 3333 coelorum
614 3266 730 3354 imago
748 3266 862 3355 (Hebr.
886 3272 955 3348 9,'t.
972 3267 1043 3357 tt).
1069 3288 1101 3333 v.
1122 3273 1162 3333 16
1186 3296 1201 3329 «
1222 3267 1370 3359 adipem
1384 3292 1461 3338 ceco
1481 3301 1495 3332 η

169 3396 322 3456 amnem,
339 3401 356 3434 «
374 3373 438 3463 qui
453 3356 527 3440 erat
541 3395 643 3463 super
656 3372 796 3454 uitalia,
810 3373 1035 3440 etreticulum
1055 3373 1190 3458 iecoris,
1207 3373 1360 3466 duosque
1374 3399 1498 3445 renun-

169 3479 262 3548 culos
275 3502 353 3546 cum
368 3479 537 3548 eminulis
548 3480 619 3546 suis
637 3508 653 3541 »
668 3518 713 3531 -
726 3479 787 3546 sed
800 3480 925 3569 reliqui
945 3491 978 3546 et
996 3479 1136 3569 adipem
1150 3504 1267 3548 cortem
1286 3519 1330 3532 —-
1348 3510 1363 3545 u
1381 3483 1464 3551 aelol
1483 3526 1498 3535 -

169 3588 331 3677 vitsuper
344 3586 454 3655 altare
469 3614 504 3670 a,
520 3609 553 3654 v.
577 3593 619 3655 17
636 3614 651 3646 «
674 3586 820 3654 uitulum
835 3609 912 3654 cum
927 3585 1017 3676 pelle
1040 3598 1072 3653 et
1096 3589 1253 3654 carnibus
1273 3599 1305 3655 et
1325 3591 1408 3679 fimo
1425 3613 1495 3659 cre-

169 3716 266 3760 mans
279 3706 376 3760 eatra
390 3708 515 3774 castro,
526 3694 617 3759 sieut
625 3706 850 3784 praeccperat
858 3692 1026 3760 Dominus
1043 3722 1073 3760 ».
1090 3697 1213 3761 Carnes
1225 3695 1327 3763 huius
1336 3696 1496 3765 victimae

168 3820 234 3888 pro
244 3805 385 3888 peccato
399 3812 607 3882 cremantur,
623 3800 785 3889 quianon
801 3805 874 3866 erat
890 3821 1037 3889 aequum
1051 3799 1241 3867 sacerdotes
1255 3801 1329 3868 cius
1340 3803 1497 3870 victimae

169 3905 253 3994 quid
279 3906 503 3988 manducare,
529 3929 618 3997 quae
645 3929 708 3997 pro
730 3908 886 3996 ipsorum
910 3907 1058 3996 maeatis
1083 3906 1277 3991 offerretur3
1301 3915 1500 3976 cremantur

170 4022 267 4077 extra
282 4023 410 4098 castra,
427 4013 638 4103 quiacarnes
653 4012 813 4080 victimae
826 4034 891 4102 pro
900 4018 1040 4102 peccato
1055 4034 1125 4079 non
1136 4019 1234 4080 erant
1244 4013 1496 4082 comburendae

169 4119 208 4184 in
233 4117 353 4199 altari3
374 4127 572 4187 cremantur
597 4141 678 4186 sane
704 4118 825 4186 eodem
848 4123 943 4186 extra
965 4123 1075 4186 castra
1103 4120 1195 4204 loco,
1213 4119 1274 4188 ubi
1301 4122 1403 4187 etiam
1430 4123 1500 4194 aliu

171 4223 342 4313 quaedam
358 4224 601 4294 cremabantur
617 4225 674 4314 (cf.
694 4226 801 4312 ml·

580 4485 609 4534 2.
631 4484 702 4531 Aries
715 4484 741 4532 iu
757 4485 913 4533 bolmauttmn
928 4485 985 4536 Lev.
1003 4489 1105 4550 &IS-tl.

218 4693 250 4737 v.
271 4677 312 4738 18
330 4697 346 4733 «
368 4669 498 4737 Obtulit
519 4683 550 4736 et
570 4669 716 4739 arietem
734 4671 773 4736 in
792 4671 1029 4741 holocaustum
1047 4698 1082 4757 »3
1103 4712 1144 4726 -
1163 4684 1256 4746 verte
1277 4673 1498 4748 holocausti:

173 4775 230 4845 hic
245 4777 333 4846 aries
346 4782 488 4846 vocatur
503 4777 591 4845 acies
606 4776 814 4862 holocausti,
838 4777 891 4845 uti
906 4779 995 4846 alter
1009 4805 1040 4848 v.
1062 4787 1105 4848 m
1124 4783 1213 4851 aries
1238 4787 1499 4856 consecrationis

568 4904 741 4943 numentum.
759 4919 790 4930 -
806 4905 833 4942 ut
849 4907 890 4942 ux.
909 4907 939 4942 m·
955 4907 1008 4944 unu.
1027 4921 1058 4932 -
1075 4901 1105 4948 26
