3534 5384
501 364 618 431 312
1302 374 1589 421 NOVORUM
1634 376 1946 421 sAcaomm
1990 376 2356 421 INSTITUTIO.

505 513 947 580 Chananaeos
991 510 1158 578 deus
1203 512 1461 578 Moloch
1505 510 1699 577 bovis
1739 513 1965 577 forma
2009 509 2686 600 repraesentabatur;
2730 508 2916 598 apud
2946 508 3161 594 Baby-

500 619 722 685 lonios
751 623 817 685 et
846 622 1125 705 Assyros
1162 617 1355 705 genii
1394 615 1581 683 bovis
1610 622 1727 684 aut
1755 616 1973 683 leonis
1998 638 2289 707 corpore
2307 670 2322 697 ‚
2358 617 2663 682 humano
2694 616 2916 703 capite
2946 614 3162 700 finge-

501 725 777 792 bantur.
816 723 1210 791 Cuiusmodi
1241 724 1539 791 numinis
1574 723 1916 809 imagines
1945 745 2169 813 neque
2199 722 2270 789 in
2299 745 2370 789 se
2400 728 2593 789 erant
2623 723 2843 788 malac
2885 727 3004 789 aut
3033 720 3160 786 mi-

503 853 633 898 nus
657 830 1009 912 decenteS,
1042 853 1265 919 neque
1300 828 1481 919 quod
1513 829 1931 896 crediderim
1961 829 2276 919 primitus
2310 827 2719 918 prohibitae.

591 942 697 1018 At,
738 935 1083 1027 quomodo
1118 936 1347 1026 plebS‚
1392 959 1567 1025 quae
1607 935 1814 1002 modo
1861 940 1930 1001 et
1971 935 2222 1002 Iahven
2267 942 2334 1002 et
2373 939 2635 1022 Moysen
2684 935 3157 1020 ignoraverat,

506 1066 586 1111 eo
627 1043 853 1109 subito
896 1043 1259 1133 abripitur,
1301 1047 1375 1109 ut
1403 1042 1478 1109 in
1508 1042 1723 1108 vitulo
1762 1063 1972 1109 aureo
2002 1047 2216 1108 Deum
2257 1040 2451 1108 exodi
2492 1040 2830 1108 celebret?
2862 1038 3162 1107 Exodum

506 1149 764 1239 quippe
782 1202 797 1231 ‚
833 1148 889 1215 si
919 1150 1025 1217 cui
1059 1149 1328 1215 numini
1358 1149 1596 1215 effecta
1619 1146 1992 1214 tribuenda
2020 1153 2227 1230 esset,
2263 1148 2384 1213 uni
2410 1147 2613 1214 Iahve
2639 1146 2940 1213 adscribi
2969 1166 3164 1234 posse

508 1277 742 1322 omnes
780 1255 1033 1345 oppido
1068 1261 1339 1321 norant.
1377 1254 1597 1321 Verba
1624 1254 1745 1321 illa
1773 1254 1962 1343 plebi
1997 1254 2478 1344 praecinuerat
2517 1258 2764 1320 Aaron.
2813 1252 3165 1319 Admirare

508 1361 636 1427 viri
685 1361 1156 1429 calliditatem.
1208 1360 1673 1427 Postulaverat
1719 1361 1778 1426 is
1832 1362 2134 1439 inaures,
2178 1362 2457 1427 fortasse
2505 1359 2659 1426 illas
2704 1363 3035 1445 negatum
3080 1358 3166 1422 iri

508 1468 882 1534 confidens,
913 1467 1404 1535 Liberalissime
1423 1466 1888 1557 proferuntur.
1918 1466 2101 1538 Nihil
2117 1465 2349 1534 animo
2374 1468 2628 1533 fractus
2653 1466 2837 1532 filius
2862 1469 3161 1543 Amram‚

511 1574 815 1641 labentes
843 1575 1047 1642 Iahve
1077 1596 1185 1641 res
1213 1578 1590 1653 erecturus,
1627 1572 1854 1641 media
1885 1574 2206 1640 incedere
2243 1573 2351 1640 via
2393 1572 2731 1654 decernit,
2773 1600 2804 1632 «
2849 1593 3166 1660 compro-

510 1681 787 1746 missum
816 1708 845 1739 ι)
878 1681 1245 1770 experitur,
1280 1702 1416 1769 quo
1447 1679 2009 1769 superstitionem
2046 1679 2324 1769 quidem
2355 1678 2718 1757 concedat,
2756 1675 3167 1744 monotheis-

511 1807 705 1853 mum
735 1787 969 1855 salvet.
1002 1786 1261 1877 Arripit
1282 1808 1485 1876 opuS‚
1519 1785 1868 1866 discurrit,
1894 1786 2088 1852 iubet
2121 1806 2135 1853 :
2169 1786 2472 1873 exsurgit
2500 1786 2746 1865 forma,
2783 1781 3170 1850 accendun-

508 1899 623 1959 tur
664 1892 900 1979 igneS‚
935 1893 1216 1960 tandem
1253 1893 1479 1959 forma
1521 1892 1865 1959 confracta
1902 1891 1974 1958 in
2019 1892 2328 1960 omnium
2367 1890 2580 1958 oculis
2619 1891 2881 1957 relucet
2917 1889 3173 1955 vitulus

512 2022 784 2068 aureus,
822 2004 988 2066 Ecce
1018 2004 1191 2066 Deus
1220 2003 1409 2080 tuuS‚
1439 2000 1667 2079 Israel,
1704 1999 2038 2065 exclamat
2064 2006 2325 2080 Aaron,
2362 1998 2478 2087 qui
2505 2004 2571 2063 te
2607 1997 2841 2064 eduxit
2863 1995 2950 2062 de
2991 2002 3175 2062 terra

513 2107 839 2194 Aegypti!
879 2110 1119 2171 Vocem
1147 2104 1424 2194 arripit,
1458 2106 1851 2190 ingeminat
1875 2103 2274 2187 multitudo,
2311 2110 2379 2171 et
2410 2126 2533 2193 per
2559 2110 2778 2170 totum
2809 2104 2948 2169 iam
2984 2124 3172 2170 cam-

511 2234 685 2302 pum
728 2212 962 2278 laudes
1000 2211 1202 2278 Iahve
1242 2211 1564 2278 laudibus
1596 2210 1793 2277 vituli
1832 2210 2151 2278 confusae
2189 2214 2530 2278 resonant.

588 2410 851 2461 Ceterum
877 2410 1107 2460 adverte
1145 2411 1271 2459 LXX
1309 2410 1577 2472 dixitque,
1607 2414 1663 2460 et
1699 2413 1821 2473 Syr.
1858 2410 2060 2459 eduxit.
2096 2409 2236 2460 Tota
2264 2412 2520 2474 quaestio
2559 2411 2819 2473 primitus
2851 2411 2970 2460 erat
2998 2408 3178 2458 solius

516 2499 920 2563 punctationis‚
951 2499 1232 2562 verbaque
1270 2501 1431 2549 erant
1467 2500 1643 2562 ipsius
1682 2500 1871 2549 Aaron
1911 2502 1966 2549 et
2004 2499 2364 2548 simulacrum
2395 2500 2515 2549 erat
2552 2499 2727 2562 ipsius
2769 2498 2958 2547 Iahve.
2991 2497 3177 2547 Punc-

515 2589 787 2637 tationem
822 2587 1160 2650 posteriores
1200 2586 1440 2638 Hebraei
1483 2589 1663 2650 magis
1701 2589 1793 2651 pie
1833 2600 2001 2650 quam
2042 2588 2325 2650 sapienter
2362 2594 2677 2646 mutavere,
2713 2589 2774 2636 ut
2820 2588 3104 2637 Aaronem
3141 2600 3177 2634 a

518 2677 844 2740 suspicione
870 2676 1252 2739 blasphemiae
1281 2678 1607 2727 eximerent.

606 2865 670 2908 v.
707 2850 746 2909 5
774 2868 807 2903 «
840 2840 1038 2923 Quod
1064 2864 1219 2908 cum
1248 2841 1523 2909 vidisset
1544 2843 1778 2908 Aaron
1809 2868 1869 2925 »‚
1895 2882 1984 2891 —
2004 2841 2215 2931 quid?
2240 2862 2475 2908 omnes
2494 2840 2687 2907 illam
2718 2861 2953 2906 vocem
2983 2861 3180 2907 suam

518 2950 763 3030 facere,
800 2970 1033 3016 omnes
1057 2949 1188 3016 sibi
1221 2949 1307 3015 ad
1352 2957 1618 3038 tempus
1650 2971 1791 3015 esse
1831 2948 2281 3038 obsequentes
2315 2967 2329 3015 :
2364 2947 2522 3014 ideo
2549 2945 2888 3013 iudicavit
2924 2968 2993 3012 se
3030 2950 3180 3013 tuto

518 3054 889 3144 procedere
920 3077 1116 3146 posse
1144 3055 1215 3121 in
1242 3060 1466 3122 astuto
1497 3056 1742 3122 mentis
1772 3054 2053 3122 consilio
2080 3093 2169 3105 —
2201 3082 2232 3114 «
2270 3053 2664 3142 aedificavit
2701 3052 2920 3119 altare
2951 3074 3182 3119 coram

523 3185 621 3248 ee,
655 3175 720 3227 ec
750 3162 1130 3251 [praeconis
1159 3164 1341 3248 voce]
1379 3161 1705 3228 clamavit
1733 3160 1962 3228 dicem
1993 3182 2018 3226 .·
2054 3163 2220 3229 Cras
2248 3160 2646 3227 solemnitas
2673 3160 2953 3227 Domini
2978 3171 3074 3225 est
3116 3186 3175 3242 »‚

524 3267 917 3335 solemnitas
964 3267 1193 3334 Iahve.
1240 3290 1306 3332 v.
1356 3274 1395 3334 6
1446 3296 1477 3328 «
1534 3269 2040 3358 Szcrqentesque
2090 3289 2291 3333 mane
2342 3293 2404 3348 »‚
2451 3266 2497 3333 i.
2550 3286 2611 3332 e.
2666 3265 2978 3354 sequenti
3031 3265 3176 3343 die,

530 3402 562 3435 «
599 3372 987 3440 obtulerunt
1030 3373 1427 3441 holocausta
1458 3386 1522 3441 et
1559 3372 1817 3440 hostias
1844 3373 2209 3463 pacificas,
2249 3385 2314 3439 ec
2347 3372 2521 3439 sedit
2548 3374 2854 3462 populus
2888 3370 3184 3438 mandec-

527 3502 680 3546 care
717 3492 784 3545 et
810 3479 1031 3547 bibere
1066 3508 1097 3542 »
1136 3480 1337 3569 epulo
1374 3501 1585 3561 sacr0,
1627 3508 1658 3541 «
1706 3493 1772 3547 et
1812 3491 2250 3546 surrexerunt
2295 3477 2529 3546 ludere
2568 3506 2627 3560 »‚
2673 3500 2809 3568 qua
2849 3500 3008 3545 voce
3049 3479 3184 3543 im-

528 3585 774 3676 primis
810 3588 1047 3674 utique
1078 3586 1255 3652 sacri
1285 3609 1347 3652 v,
1398 3593 1478 3653 19
1510 3587 1702 3653 chori
1729 3587 2233 3672 intelliguntur.
2276 3585 2439 3652 Vide
2474 3584 2940 3652 Hebraeorum
2973 3584 3186 3650 ritum

530 3692 1061 3759 antemosaicum
1106 3693 1427 3759 festorum
1468 3691 2065 3760 celebrandorum.

618 3797 838 3880 DiceS,
885 3820 964 3864 ex
1009 3799 1116 3864 his
1168 3799 1446 3865 tandem
1485 3798 1770 3865 indubie
1809 3798 2104 3888 perspici
2142 3798 2226 3866 de
2265 3799 2498 3886 Moysis
2537 3797 2749 3866 rebus
2790 3797 3187 3886 desperasse

530 3910 896 3973 Aaronem.
932 3910 1181 3971 Tamen
1213 3928 1297 3971 ne
1322 3906 1408 3972 sis
1440 3903 1527 3970 ad
1566 3903 2166 3972 condemnandum
2191 3927 2349 3972 eum
2376 3906 2598 3972 virum
2641 3904 2944 3994 pronior.
2977 3909 3188 3969 Norat

532 4011 648 4079 ille
703 4033 1028 4097 magnam
1066 4010 1569 4079 solemnitatem
1617 4011 1759 4077 sine
1809 4010 2054 4100 pingui
2099 4012 2303 4101 epulo
2347 4010 2684 4078 celebrari
2731 4010 2915 4077 haud
2961 4032 3180 4099 posse.

533 4123 776 4184 Annon
816 4122 951 4184 tres
1000 4117 1189 4183 mille
1239 4118 1365 4184 viri
1411 4118 1520 4183 isti
1560 4141 1625 4185 V.
1681 4123 1764 4183 28
1809 4117 2022 4185 veluti
2065 4117 2481 4207 impotentes
2525 4116 2940 4184 concidunt?
2995 4116 3189 4182 Pleni

536 4229 749 4289 erant.
802 4229 931 4291 Cur
977 4245 1045 4289 se
1090 4245 1234 4290 non
1284 4223 1702 4291 defendunt?
1740 4223 1916 4290 Nudi
1964 4229 2161 4290 erant
2203 4224 2292 4313 (v,
2338 4224 2478 4313 25),
2517 4246 2608 4290 sc.
2655 4222 2894 4290 nudati
2949 4222 3180 4289 armis,

536 4328 926 4396 Nudaverat
964 4352 1077 4396 eos
1107 4329 1361 4420 quippe
1396 4334 1618 4397 Aaron
1653 4329 1741 4396 ad
1775 4330 2274 4397 solemnitatem
2306 4330 2615 4397 vocando
2647 4352 2661 4398 ε
2699 4351 2837 4395 non
2870 4336 3017 4395 erat
3047 4351 3189 4394 mo-

538 4434 667 4518 riS,
712 4442 785 4502 ut
813 4438 1058 4503 armati
1097 4435 1599 4504 solemnitatem
1635 4436 1910 4503 obirent
1946 4443 2065 4503 aut
2104 4436 2307 4525 epulo
2353 4435 2867 4503 accumberent.
2918 4435 3188 4502 Levitae

537 4564 700 4608 vero
748 4564 811 4608 v,
847 4548 932 4608 26
960 4564 1061 4631 sq.
1098 4564 1240 4608 non
1278 4549 1473 4609 erant
1520 4542 1730 4632 pleni.
1780 4542 2110 4629 Intelligis
2146 4541 2285 4608 iam
2332 4543 2618 4608 Aaronis
2661 4541 3022 4608 consilium
3069 4541 3184 4628 (cf.

538 4655 578 4714 2
610 4652 775 4734 Reg.
818 4650 1046 4737 1338)
1080 4670 1095 4716 ε
1125 4671 1266 4715 non
1295 4654 1440 4715 erat
1467 4649 1525 4716 is
1547 4671 1772 4738 neque
1805 4649 2009 4715 Iahve
2034 4671 2259 4736 neque
2291 4646 2526 4734 Moysis
2555 4649 2941 4730 immemor,
2978 4648 3190 4714 caede

540 4756 971 4823 sacerdotum
1018 4756 1413 4823 decreverat
1451 4755 1811 4822 turbarum
1853 4755 2061 4821 finem
2104 4755 2352 4821 facere.
2400 4755 2477 4821 Ni
2514 4760 2763 4841 Moyses
2801 4759 3192 4844 opportune
