3534 5384
745 393 832 436 niusa
855 392 1009 436 rennuens.
1480 381 1536 438 207

203 533 264 581 crito
279 539 376 582 cestro.
396 533 434 582 l’u
455 545 517 581 uero
535 538 578 579 sto
598 531 640 580 bic
663 536 814 590 neruimes
834 529 932 593 loquar
947 531 982 578 ed
995 537 1017 580 te
1038 530 1130 580 umato
1145 532 1275 580 inundato
1294 538 1319 580 ot
1335 533 1538 598 iustificationes

204 629 310 670 mearet
326 621 443 680 indicto,
461 634 528 683 quoe
544 619 647 668 docebis
663 632 704 667 eos
723 632 841 681 quosque
859 619 961 683 socient
976 620 1007 668 iu
1025 625 1113 679 terre,
1131 631 1212 681 quam
1227 633 1273 682 epo
1288 621 1356 671 dubo
1377 623 1414 671 eis
1430 624 1461 670 in
1475 637 1537 687 pos·

203 710 354 760 sessionem.
369 709 463 760 Verba
477 708 548 759 hace
562 714 627 758 sunt
640 712 719 770 apta,
735 709 855 758 sednon
868 708 997 758 nituntur
1011 706 1168 758 sufficiente
1182 711 1347 759 auctoritate
1360 712 1464 760 critica.

496 926 547 974 nn
564 925 791 973 nabornam
807 926 1009 975 conrnnrnn
1026 926 1072 973 nx.
1090 928 1246 986 soen-neae.

249 1104 473 1195 sequentibus
487 1105 589 1171 lahve
604 1106 733 1194 eliqua,
751 1126 820 1170 non
835 1102 951 1170 omnia
970 1102 1127 1191 decalogi
1142 1104 1306 1172 mandata
1321 1105 1470 1194 penitius
1485 1129 1539 1172 cx-

204 1212 309 1301 plieat
323 1217 356 1277 et
370 1210 487 1300 aliqua
501 1211 630 1295 officia,
647 1212 787 1301 quaein
802 1209 872 1275 illis
884 1231 954 1276 non
969 1211 1050 1276 satis
1065 1209 1355 1299 exprimebantur,
1373 1213 1535 1279 inculcat.

205 1319 397 1384 Generatim
406 1316 565 1404 longiora
579 1318 745 1386 mandata
757 1319 794 1383 in
804 1315 949 1403 singulis
959 1317 1189 1407 paragraphis
1205 1318 1317 1408 prima
1329 1319 1536 1400 scribuntur,

206 1423 289 1490 dum
301 1422 345 1490 ad
358 1423 487 1491 calcem
501 1423 695 1492 adnectitur
707 1423 885 1510 congeries
897 1421 1095 1489 breviorum
1112 1424 1366 1492 mandatorum.
1385 1424 1540 1492 Mandata

206 1532 322 1597 omnia
340 1531 375 1596 iu
396 1529 537 1597 unicum
557 1535 795 1616 congeruntur
816 1527 977 1595 divinum
1002 1528 1178 1617 cloquium
1196 1530 1314 1619 (2022
1335 1559 1351 1592 a
1374 1532 1461 1598 Dixit
1480 1536 1540 1598 llo-

206 1635 377 1703 minusad
391 1639 524 1724 lloyseu
541 1637 587 1725 »)‚
605 1636 689 1704 dum
702 1636 740 1703 in
753 1641 831 1703 lev,
849 1635 987 1723 eloquia
1001 1641 1080 1702 sunt
1094 1635 1196 1725 plura
1211 1643 1244 1702 et
1259 1637 1429 1704 breviora.

252 1747 377 1830 Legum
395 1742 619 1809 distinctionis
637 1744 824 1832 pervarias
840 1741 1095 1831 inscriptiones,
1111 1743 1286 1828 fortunius
1302 1749 1335 1811 et
1348 1743 1535 1829 ciceastriae,

209 1872 296 1939 quae
308 1849 344 1915 in
356 1855 432 1916 Lev.
448 1848 503 1914 vix
515 1871 586 1915 non
600 1849 729 1938 ubique
742 1848 957 1928 observatur,
976 1847 1119 1934 vestigia
1128 1849 1240 1915 solum
1253 1851 1288 1916 h.
1305 1849 1326 1914 l.
1343 1849 1540 1918 discernun-

207 1963 263 2022 tur
279 1954 409 2022 leviora
423 1962 472 2036 et,
489 1960 528 2021 ut
541 1956 589 2021 ita
603 1954 734 2035 dicam,
751 1953 916 2021 cautiora.
935 1952 1091 2020 Nondum
1112 1954 1241 2043 ubique
1260 1947 1389 2042 Moyses
1406 1957 1539 2043 legibus

207 2061 311 2148 sigilli
322 2062 431 2128 instar
447 2062 611 2150 appendit
627 2083 754 2128 nomen
769 2061 871 2127 labve
889 2059 899 2149 (
914 2089 928 2122 o
947 2065 1018 2146 Ego
1036 2060 1139 2128 lahve
1160 2089 1188 2142 o,
1207 2061 1250 2128 cf.
1269 2064 1395 2151 1212).
1414 2067 1540 2130 Tamen

209 2169 312 2235 lahve
336 2167 520 2235 auctoritas
537 2167 733 2258 appellatur
753 2167 851 2233 initio
869 2166 1006 2256 primae
1027 2166 1110 2256 lepis·
1126 2173 1227 2251 ΜΞ
1250 2188 1257 2234 :
1282 2197 1297 2229 o
1316 2174 1380 2236 Vos
1395 2170 1537 2253 vidistis,

207 2275 299 2364 quod
319 2274 360 2340 de
373 2274 469 2341 coelo
482 2275 616 2341 loeutus
634 2274 699 2341 sim
720 2273 817 2340 vobis
845 2301 875 2338 ».
895 2275 1144 2342 Resonantibus
1165 2275 1263 2364 quasi
1281 2275 1395 2342 adhuc
1412 2279 1449 2342 in
1471 2282 1536 2344 He-

208 2380 393 2448 braeorum
408 2380 549 2448 auribus
568 2379 851 2470 portentosisillis
864 2380 906 2447 de
924 2379 1019 2446 coelo
1034 2379 1190 2463 vocibus,
1209 2403 1285 2448 eam
1298 2381 1413 2470 legem
1426 2385 1539 2472 prolo-

209 2488 325 2577 quitur
339 2492 438 2555 Deus.
459 2491 498 2553 Et
513 2486 651 2554 adverte
666 2486 757 2553 hauc
771 2488 884 2573 legem
901 2491 1076 2570 dosii-26,
1096 2509 1184 2576 quae
1200 2493 1269 2554 tota
1283 2493 1333 2555 est
1345 2488 1387 2555 de
1401 2513 1437 2555 re
1453 2491 1540 2557 solos

208 2594 400 2661 secerdotes
417 2595 622 2681 attingente,
649 2598 765 2660 tamen
780 2615 852 2659 non
873 2592 979 2680 dirigi
998 2593 1043 2660 ad
1061 2595 1186 2660 veteris
1200 2594 1331 2662 ordinis
1348 2596 1541 2664 sacerdotes

208 2701 264 2790 (cf.
282 2708 360 2784 21,1
387 2729 404 2763 «
420 2705 571 2790 Loquere
586 2700 631 2767 ad
645 2699 838 2767 sacerdotes
856 2727 871 2760 o
885 2701 908 2784 t,
926 2699 988 2766 scd
1001 2699 1044 2765 ad
1062 2727 1078 2761 e
1097 2699 1185 2766 filios
1200 2702 1304 2768 lsrael
1323 2729 1352 2785 »,
1368 2703 1539 2788 ignoratis

206 2829 342 2876 rursum
365 2807 422 2897 (el.
450 2812 568 2890 192&
590 2806 684 2895 nae)
710 2805 845 2895 antiqui
864 2805 993 2872 ordinis
1011 2804 1280 2874 sacerdotibus¹.
1309 2811 1436 2875 Tamen
1456 2809 1539 2875 hacc

205 2915 271 2994 lex,
290 2913 383 3003 quod
399 2914 528 2980 cultum
549 2918 677 3002 spectet
692 2913 875 3001 ipsumque
896 2913 1019 2993 altare,
1038 2917 1072 2978 et
1087 2912 1200 3001 prima
1221 2912 1382 2980 scribitur
1404 2921 1437 2981 et
1457 2939 1540 2981 ase-

207 3020 391 3109 quentibus
405 3019 594 3086 secernitur
608 3017 830 3108 inscriptione
843 3025 922 3098 ild
943 3039 950 3085 :
970 3049 985 3079 «
1004 3023 1091 3085 Haec
1107 3025 1186 3085 sunt
1199 3019 1338 3104 iudicia,
1355 3045 1444 3112 qnae
1459 3046 1539 3112 pro-

209 3147 316 3216 pones
330 3128 379 3193 cis
396 3155 425 3191 o.

254 3237 344 3310 Quae
361 3231 539 3321 inscriptio
552 3231 764 3299 cstomnium
778 3231 896 3317 legum
908 3253 983 3321 cap.
1003 3238 1122 3316 21-23,
1140 3231 1270 3299 dumin
1286 3239 1362 3301 Lev.
1380 3235 1540 3326 frequen-

207 3340 312 3406 tiores
334 3341 435 3406 etiam
455 3345 534 3406 sunt
548 3337 797 3427 inscriptiones.
815 3337 976 3426 Pericope
993 3361 1075 3405 vero
1097 3361 1174 3428 cap.
1198 3346 1301 3407 21-23
1324 3341 1456 3408 orroeos
1470 3344 1541 3429 sor-

207 3445 312 3511 mrelis
327 3445 552 3532 distinguitur
564 3468 604 3512 ex
615 3444 667 3526 iis,
686 3466 773 3533 quae
784 3445 820 3509 in
835 3448 912 3509 Les.
929 3450 1008 3510 sunt
1023 3445 1275 3534 frequentiores
1295 3453 1416 3528 :2231
1436 3475 1453 3510 «
1473 3450 1541 3514 Viri

207 3552 514 3619 sanctioritismibi
527 3581 541 3610 »
557 3551 613 3639 (cf.
635 3553 1537 3642 19,6ottov.11,tssq.;19,n;20,e.26;21,8eto.t,

209 3664 242 3725 et
256 3665 357 3741 23,13
380 3688 397 3718 a
418 3660 550 3739 Omnia,
572 3678 660 3746 quae
682 3656 750 3723 dini
773 3657 887 3738 vobis,
906 3657 1072 3723 custodite
1092 3686 1108 3718 »
1135 3657 1191 3748 (cl.
1215 3664 1291 3728 Lev.
1312 3666 1390 3741 18,5
1406 3668 1460 3728 26.
1479 3669 1537 3744 303

211 3772 322 3846 19,19.
345 3771 404 3847 373
421 3772 513 3845 20,8.
531 3771 589 3842 223
607 3770 699 3846 ηε).
718 3770 758 3830 31
780 3763 875 3850 etc.);
899 3762 980 3829 dein
999 3769 1158 3847 imo-33
1173 3765 1212 3830 in
1228 3766 1414 3833 solemnem
1434 3769 1539 3856 epilo-

209 3895 292 3961 qom.
307 3872 440 3938 desinit.
463 3871 624 3956 Singulae
638 3869 719 3936 illae
735 3869 902 3935 formulae
920 3869 1127 3960 adscriptam
1147 3870 1278 3939 babent
1291 3874 1412 3940 eodem
1429 3897 1536 3944 versu.

209 3979 397 4045 seeundum
415 3978 594 4063 vulgarem
613 3998 774 4042 versuum
791 3976 1062 4058 distinctionem,
1085 3976 1226 4044 brevem
1246 3979 1397 4068 aliquam
1413 3980 1536 4066 legem,

209 4086 305 4174 prior
317 4086 428 4170 legem
444 4083 621 4170 sanguinis
635 4104 705 4149 non
719 4081 934 4162 comedendi,
952 4082 1059 4149 altere
1073 4083 1185 4169 legem
1200 4085 1379 4153 nominum
1399 4087 1539 4154 deorum

209 4191 400 4258 alienorum
415 4214 484 4257 non
499 4213 557 4256 ore
573 4190 701 4271 solum,
718 4188 778 4255 sed
798 4190 903 4255 etiam
919 4195 1032 4255 mente
1053 4189 1354 4262 excludendorum.
1372 4197 1454 4260 Post
1464 4194 1540 4261 illas

209 4298 375 4364 formulas
393 4298 529 4383 legibus
550 4302 666 4363 auctas
684 4300 756 4361 tam
781 4299 897 4362 llasor.
922 4317 1027 4385 quam
1044 4300 1134 4362 Sam.
1157 4297 1375 4384 distinguunt
1393 4306 1537 4384 textum,

245 4581 265 4624 1.
283 4575 358 4636 Ergo,
373 4572 444 4637 quod
461 4575 506 4621 Ex.
519 4576 591 4631 20,ἳῦ
603 4585 681 4620 vox«
699 4570 818 4620 sacerdus
834 4587 846 4615 o
861 4569 1032 4630 desideretur,
1051 4585 1101 4620 non
1120 4569 1198 4622 elficit
1219 4572 1290 4624 laicis
1311 4575 1445 4640 quibusvis
1462 4580 1539 4627 luisse

208 4655 249 4705 fas
265 4654 292 4704 in
310 4657 372 4712 suis,
392 4666 457 4715 qnae
472 4655 529 4702 tum
545 4651 609 4714 erigi
630 4649 816 4707 consueverint,
835 4650 959 4700 altaribus
973 4651 1093 4713 perieulis
1110 4653 1310 4715 peragendarum
1328 4659 1493 4708 insectatione
1500 4675 1539 4718 m,

208 4747 274 4800 quae
294 4734 355 4785 lieet
368 4733 490 4783 sacrificia
505 4730 594 4781 stricte
608 4735 711 4793 accepte
732 4745 784 4779 non
799 4732 896 4790 essent,
911 4743 1000 4780 onrues
1019 4733 1104 4780 tuuieu
1120 4745 1206 4782 sacrae
1221 4733 1321 4783 habitae
1342 4737 1404 4786 sint.
1422 4738 1483 4787 Eam
1499 4739 1537 4786 al-

209 4817 302 4866 tarium
320 4815 481 4878 privatorum
491 4810 702 4862 consuetudinem
717 4809 822 4860 minime
836 4809 1024 4859 demonstravit
1040 4809 1199 4860 Hooneclcer
1217 4827 1240 4875 p.
1259 4819 1288 4864 27
1303 4827 1360 4878 sqq.
