3534 5384
749 475 814 518 tav.
838 460 909 532 aaa
932 475 997 547 sco.
1481 457 1537 516 527

201 621 320 697 sponte
332 604 458 697 'qiqrret
475 607 600 674 humata
616 636 632 669 »
650 620 710 674 tuo
726 636 741 668 α
760 630 830 674 aon
844 621 963 694 rocetos,
988 619 1020 674 et
1036 631 1118 675 accos
1132 607 1373 698 primitiarum
1393 619 1531 673 tuorum

203 737 273 781 non
287 713 427 805 colliqes
441 714 556 804 [quasi
569 713 790 803 vindemiam]
809 737 944 782 :ocinus
961 713 1052 782 enim
1068 713 1292 804 requietionis
1305 726 1415 780 terroe
1432 725 1478 780 est
1496 735 1532 793 »;

204 844 236 886 v.
252 827 292 886 6«
310 821 370 888 sed
390 833 489 888 erant
508 821 599 887 cobis
619 821 656 887 in
678 821 806 906 cibum,
830 820 895 887 tibi
916 833 949 886 et
968 843 1063 887 seruo
1086 833 1155 907 tuo,
1181 819 1330 886 ancillae
1353 832 1387 885 et
1410 841 1538 886 merce-

203 929 302 994 nario
319 940 377 994 tito
395 940 428 994 et
446 925 612 1009 advenae,
631 925 693 1016 qui
713 928 984 1017 percoriaontur·
1005 926 1102 1018 opud
1120 941 1151 995 te
1174 946 1207 1005 »;
1227 949 1260 993 v.
1284 933 1303 992 l
1327 954 1342 988 κ
1364 925 1528 993 iumentis

204 1035 271 1100 tuis
289 1045 322 1101 et
333 1034 516 1124 pecoribus
534 1033 667 1116 omnio,
690 1055 777 1124 quoe
796 1045 996 1115 noscuntur,
1011 1036 1223 1124 praebebunt
1243 1031 1356 1100 cibum
1379 1061 1408 1100 s.

237 1257 266 1293 v.
282 1245 296 1293 5
312 1245 370 1306 agit
384 1242 419 1292 de
433 1244 482 1302 iis,
499 1254 571 1305 quae
587 1255 657 1304 agro
671 1253 728 1292 non
743 1245 804 1293 sato
819 1244 847 1292 et
858 1243 942 1292 vinca
954 1255 1011 1292 non
1025 1244 1124 1318 putata
1141 1247 1302 1292 nascuntur.
1318 1239 1390 1291 Hinc
1405 1241 1527 1290 additum

202 1332 296 1396 sepelis
312 1338 372 1381 tuce
384 1333 449 1381 sunt
458 1331 552 1393 spicae
565 1343 581 1382 e
595 1333 690 1394 granis
708 1333 833 1394 tempore
848 1332 948 1380 messis
962 1331 1088 1382 deciduis
1107 1333 1199 1381 natae.
1217 1329 1289 1389 Quid
1304 1331 1359 1379 sint
1374 1335 1454 1410 wli
1469 1334 1536 1387 ml)

201 1435 217 1470 c
231 1426 363 1471 contextu
375 1424 453 1484 patet
469 1433 475 1468 :
492 1422 557 1469 sunt
571 1432 643 1470 uvae
658 1424 741 1470 natae
760 1422 789 1468 in
802 1421 907 1469 vitibus
921 1431 978 1470 non
995 1421 1112 1484 putatis.
1134 1419 1210 1482 Vulq.
1226 1419 1289 1468 ill
1304 1417 1355 1484 (roi
1371 1413 1535 1486 ἂγιάσματος)

199 1509 329 1560 videntur
342 1509 394 1559 bas
404 1521 474 1559 uvas
488 1520 665 1572 comparasse
677 1509 813 1557 nasircets
825 1521 883 1558 non
898 1509 996 1558 tonsis.
1009 1509 1069 1558 lmo
1081 1508 1140 1559 llw.
1154 1508 1335 1570 (Altartdmer
1349 1520 1376 1571 p.
1391 1505 1450 1572 489)
1463 1508 1529 1558 hinc

198 1596 295 1659 interi,
312 1599 503 1648 nasicaeorum
521 1597 679 1647 institutum
694 1601 820 1660 tempore
834 1597 907 1646 sacri
923 1597 1080 1647 narratoris
1094 1598 1150 1646 iam
1164 1597 1305 1646 exstitisse
1319 1595 1534 1660 perantiquum.
1563 1613 1569 1628 a

151 1732 153 1735 .
199 1685 222 1736 Ε
240 1691 337 1738 contra
351 1685 451 1737 Chald.
465 1687 549 1736 vertit
563 1690 655 1769 Ἰριν
669 1684 717 1751 (ci.
728 1684 776 1735 Ea.
795 1684 866 1745 rac)
881 1689 909 1735 ct
926 1683 986 1748 Syr.
1005 1689 1180 1769 parnense,
1195 1683 1424 1748 permisissem.
1440 1689 1533 1765 prii,

198 1787 266 1837 ergo
287 1775 354 1824 cites
372 1781 562 1824 consecrator:
580 1775 652 1824 sicut
675 1786 714 1824 sc.
740 1775 870 1824 homines
891 1775 1130 1825 consecrabantur
1154 1785 1235 1824 coma
1257 1775 1383 1834 intonsa,
1400 1775 1440 1824 ita
1461 1774 1534 1824 vites

197 1863 357 1926 palmitibus
372 1875 429 1912 non
442 1864 556 1928 putatis.
572 1862 650 1914 Haec
668 1863 819 1926 explicatio
836 1863 911 1912 sistit
930 1864 959 1912 in
974 1862 1075 1914 radicis
1090 1861 1301 1925 significatione
1316 1866 1468 1923 consueta,
1485 1873 1534 1912 ne·

199 1964 253 2016 que
266 1951 419 2016 quidquam
435 1952 519 2003 babet
532 1951 568 2002 de
582 1953 775 2003 nasicaeorum
789 1953 934 2002 instituta.

645 2164 673 2214 b.
689 2165 732 2214 De
742 2164 863 2215 lubilaeo
877 2163 946 2215 Lev.
963 2163 1092 2224 ria-55.

236 2348 281 2408 De
295 2345 428 2407 iubiioeo
443 2348 582 2408 notanda
597 2347 781 2426 sequentia.

236 2447 265 2504 l.
281 2446 391 2505 Annus
410 2443 536 2506 iubilaei
552 2461 680 2523 semper
698 2444 760 2505 tuit
774 2445 1078 2523 quinquagesimus
1097 2461 1164 2505 non
1183 2443 1447 2522 quadragesimus
1464 2461 1523 2504 no-

196 2558 265 2602 nus.
282 2544 329 2604 lta
343 2542 440 2604 habet
454 2542 603 2621 explicite
618 2560 648 2603 v.
666 2543 715 2603 lb.
734 2566 750 2597 «
769 2541 990 2604 Numerandae
1006 2565 1021 2597 »
1040 2542 1306 2620 praescribuntur
1321 2560 1351 2603 v.
1368 2543 1388 2602 8
1409 2546 1533 2620 sepiem

194 2639 412 2701 hebdomadae
433 2657 590 2702 annorum
610 2640 723 2701 eadem
743 2641 876 2700 omnino
897 2641 1035 2712 ratione,
1053 2645 1149 2717 atque
1171 2641 1265 2710 tilii
1288 2662 1303 2696 α
1324 2640 1533 2701 numeraban-

195 2741 247 2798 tur
267 2761 282 2794 >›
304 2743 429 2816 septem
447 2737 667 2799 hebdomadae
690 2737 832 2805 dierum,
848 2754 927 2814 quas
950 2736 1128 2814 excipiebat
1149 2734 1218 2796 dias
1241 2740 1463 2814 pentecostes,
1480 2737 1535 2814 qui

196 2836 485 2914 quinquagesimus
504 2839 584 2906 erat,
601 2851 665 2894 non
684 2831 950 2911 quadragesimus
965 2850 1081 2893 nonus.
1101 2832 1411 2911 Quinquagesimum
1431 2833 1530 2894 fuisse

195 2937 268 3008 post
279 2931 341 2990 los.
359 2936 390 2992 et
405 2929 567 2990 Philonem
582 2947 709 2992 sensere
725 2931 915 3008 interpretes
933 2931 1066 2991 omnino
1084 2930 1244 3009 plerique.

236 3028 350 3088 Contra
370 3027 457 3105 quod
479 3027 631 3105 placitum
655 3031 826 3089 moventur
851 3027 1059 3090 difficultates
1081 3029 1286 3107 potissimum
1310 3027 1407 3100 duae,
1428 3045 1492 3088 non
1517 3047 1533 3088 e

196 3142 285 3189 sacro
306 3129 396 3185 textu
411 3125 540 3203 petitae.
557 3124 666 3187 Prima
687 3130 749 3196 est,
768 3126 896 3203 quoties
917 3127 1094 3187 iubilaeum
1116 3126 1304 3187 immediate
1324 3143 1535 3204 consequere-

197 3227 249 3284 tur
262 3239 383 3283 annum
401 3223 616 3294 sabbaticum‚
633 3222 713 3284 duos
733 3224 912 3284 successive
928 3241 1028 3284 annos
1044 3223 1197 3285 carituros
1225 3224 1321 3284 luisse
1338 3226 1483 3284 semente
1504 3228 1535 3284 et

197 3337 314 3392 messe,
332 3337 432 3381 unum
447 3337 568 3381 annum
587 3321 869 3399 quadragesimum
891 3325 1041 3383 octavum
1053 3320 1203 3382 debuisse
1220 3321 1357 3382 triennii
1373 3338 1535 3381 annonam

195 3418 384 3498 producere.
401 3418 624 3498 Respondent,
639 3423 766 3496 praeter
784 3419 844 3478 soli
865 3419 1065 3480 fertilitatem
1079 3419 1310 3480 recurrendum
1333 3419 1386 3480 hic
1406 3435 1476 3478 esse
1496 3418 1536 3479 ad

197 3516 367 3595 specialem
382 3516 438 3576 Dei
451 3515 710 3577 benedictionem
719 3534 750 3577 v.
765 3517 857 3578 isat
872 3521 904 3577 et
916 3533 983 3595 cap.
998 3519 1037 3576 26
1050 3515 1260 3595 promissam;
1279 3517 1421 3578 futuram
1434 3516 1531 3577 fuisse

198 3632 269 3675 eam
286 3613 544 3675 benedictionem
561 3614 832 3675 continuationem
852 3613 1026 3692 quamdam
1041 3615 1103 3674 cibi
1123 3615 1275 3675 Hebraeis
1291 3614 1323 3675 in
1338 3613 1465 3675 deserto
1481 3615 1531 3673 in-

198 3712 279 3790 signi
307 3711 402 3790 plane
427 3711 581 3774 miraculo
603 3712 750 3790 praebiti.
775 3712 911 3773 Facilior
935 3713 1034 3773 etiam
1057 3711 1193 3774 habetur
1215 3712 1385 3790 responsio
1411 3729 1449 3772 ex
1474 3712 1535 3784 iis,

198 3827 280 3888 quae
299 3809 339 3869 ad
355 3828 385 3870 v.
402 3811 438 3870 ll
455 3813 488 3870 et
501 3829 531 3870 v.
550 3811 644 3870 lii-ie
664 3811 820 3871 dicemus.
837 3809 995 3872 Obiicitur
1012 3815 1177 3888 praeterea
1192 3827 1294 3871 canon
1310 3809 1409 3870 Rabbi
1425 3809 1532 3881 Adde,

199 3907 255 3985 qui
275 3924 456 3985 supponens
478 3925 580 3969 annos
599 3908 777 3968 sabbaticos
797 3925 815 3967 a
832 3907 944 3968 mundi
969 3907 1098 3968 exordio
1119 3908 1281 3968 observari
1307 3905 1537 3978 consuevisse,

199 4003 292 4064 docet
305 4004 464 4083 cuiusque
478 4009 612 4065 eventus
624 4005 658 4065 in
670 4009 821 4083 computo
834 4006 997 4066 sabbaticc
1012 4005 1119 4065 locum
1135 4005 1261 4065 definiri
1275 4020 1385 4082 posse,
1397 4020 1536 4064 numero

199 4118 386 4162 annoruma
407 4103 520 4163 mundi
535 4102 664 4164 exordio
683 4103 723 4163 ad
741 4120 818 4162 eum
840 4107 993 4164 eventum
1015 4103 1119 4163 diviso
1139 4120 1197 4181 per
1218 4107 1354 4181 septem.
1374 4102 1469 4180 Atqui
1486 4119 1538 4162 se-

200 4197 340 4261 cundum
361 4217 435 4270 nos,
453 4200 579 4260 nonnisi
602 4201 765 4262 subtracto
785 4201 928 4279 primum
949 4201 1161 4262 iubilaeorum
1182 4201 1221 4260 ab
1247 4200 1338 4260 initio
1360 4199 1476 4261 mundi
1497 4199 1536 4260 ad

201 4301 352 4357 eventum
373 4315 525 4370 numero,
541 4299 708 4359 residuum
732 4296 875 4359 dividere
898 4298 942 4360 ias
967 4302 1051 4359 esset
1071 4315 1129 4376 per
1149 4302 1288 4376 septem.
1311 4297 1535 4376 RespondeaS‚

201 4410 277 4455 eum
289 4412 445 4456 canonem
460 4397 673 4474 excogitatum
688 4413 757 4456 esse
774 4400 885 4473 quarto
907 4400 978 4475 post
993 4395 1155 4457 Christum
1178 4396 1324 4468 saecula,
1340 4395 1471 4474 quando
1487 4394 1537 4453 iu-

202 4489 304 4553 bilaea
317 4492 390 4553 inde
408 4510 426 4553 a
442 4493 549 4554 diruta
562 4511 581 4554 a
596 4493 745 4554 Romanis
764 4494 1001 4572 Hierosolyma,
1016 4495 1082 4554 imo
1102 4493 1281 4554 secundum
1303 4493 1442 4571 aliquam
1463 4491 1535 4551 Tal-

202 4587 416 4650 mudistarum
430 4590 635 4651 traditionem
650 4590 724 4651 inde
739 4592 778 4650 ab
794 4591 905 4651 exsilio
920 4591 1108 4670 babylonico
1124 4591 1303 4670 computari
1318 4589 1492 4649 desierant.

240 4689 270 4747 ἢ.
284 4689 391 4748 Annus
407 4688 552 4763 iubilaei,
566 4689 612 4749 uti
630 4688 728 4750 etiam
743 4689 817 4749 anni
832 4688 1002 4762 sabbatici,
1019 4706 1084 4749 non
1099 4689 1277 4768 incipiebat
1291 4687 1383 4749 initio
1398 4685 1471 4746 anni
1487 4702 1534 4744 sa·

201 4786 246 4846 cri
262 4803 370 4846 mense
388 4786 497 4858 Nisan,
515 4785 571 4847 sed
586 4786 678 4847 initio
692 4785 766 4847 anni
780 4787 884 4847 civilis
902 4803 1013 4847 mense
1030 4787 1123 4846 Tisri.
1140 4787 1249 4858 Quoad
1266 4802 1371 4846 annos
1389 4783 1531 4844 sabbati-

201 4902 255 4946 cos
275 4884 376 4944 habes
388 4902 416 4943 v.
434 4885 452 4942 3
468 4902 529 4963 sq,
545 4885 598 4962 qui
620 4885 839 4946 demonstrant
860 4901 981 4947 annum
1003 4883 1212 4963 incipientem
1233 4902 1251 4944 a
1272 4883 1426 4944 sementis
1445 4886 1533 4942 tem-
