3534 5384
703 421 768 466 nav.
793 406 886 478 taus
908 423 974 474 sao.

421 639 448 688 b.
471 639 512 689 De
530 639 609 702 lepra
628 639 718 690 carnis
737 640 899 703 capillatae,
922 647 996 723 pm,
1018 638 1086 690 Lev.
1111 639 1252 700 toas-37.

217 825 300 911 Arp.
317 860 362 873 -
381 821 510 890 Indicia
529 822 649 889 eadem
668 830 747 890 sunt
766 827 869 913 atque
894 828 993 890 antea
1019 843 1027 888 ε
1052 824 1186 890 macule
1203 823 1336 912 reliqua
1351 831 1428 892 cute
1444 824 1502 890 de·

173 928 306 996 missior
323 939 389 1009 est,
414 929 560 996 crinium
581 930 675 996 color
701 933 864 1011 mutatur,
889 931 1024 997 macula
1047 929 1264 996 diffunditur.
1291 934 1416 998 Tamen
1438 930 1503 996 cri-

173 1037 271 1102 nium
284 1035 379 1102 color
392 1058 462 1103 non
474 1035 513 1102 in
527 1035 645 1103 album
661 1040 824 1118 mutatur,
838 1035 899 1102 sed
913 1037 950 1102 in
965 1035 1098 1124 flauum
1117 1037 1253 1126 (Mem).

210 1211 290 1274 Ἄπαξ
300 1213 439 1284 λεγόμενον
452 1223 513 1273 2:33·
527 1213 571 1284 (el.
588 1218 597 1265 l
615 1217 694 1267 Esdr.
712 1213 787 1284 8,27)
803 1218 890 1281 aliqui
907 1223 1041 1268 revocant
1055 1217 1091 1268 ad
1105 1223 1176 1278 zm,
1194 1230 1262 1280 ergo
1277 1216 1335 1268 lore
1354 1217 1431 1267 color
1448 1219 1509 1267 auri

176 1308 286 1358 similis.
299 1305 461 1357 Consonant
470 1307 595 1369 reliquae
605 1307 764 1366 versionem
776 1307 839 1356 tn
850 1301 1004 1366 ξανθίζουσα,
1020 1305 1116 1356 cteta.
1129 1311 1211 1389 pain
1225 1307 1315 1364 ruber,
1329 1307 1390 1368 Syr.
1404 1311 1509 1362 utana

176 1394 249 1444 color
261 1394 343 1444 solem
357 1396 478 1444 imitans.
495 1394 587 1458 Lepre
604 1396 724 1458 partium
743 1396 938 1458 capillaturam
952 1399 1067 1446 vocatur
1082 1397 1166 1446 etiam
1180 1401 1252 1476 pm,
1270 1395 1372 1444 evulsio
1389 1392 1433 1462 (ol.
1448 1395 1510 1443 ΠΧ

177 1480 298 1550 opesopes,
312 1483 513 1547 lragmentum;
529 1484 579 1546 Aa.
592 1477 754 1550 ἀπόσπασμα,
769 1497 835 1546 pars
847 1481 1005 1547 decerpta),
1021 1497 1090 1534 sene
1108 1483 1197 1547 quod,
1214 1485 1261 1548 qui
1276 1496 1310 1534 ea
1323 1484 1403 1548 lepre
1416 1486 1510 1534 essent

177 1572 278 1632 allecti,
292 1573 409 1624 barbam
420 1585 506 1636 saepe
519 1572 670 1633 vellerent,
685 1575 742 1623 imo
756 1574 827 1622 cutis
842 1571 1000 1635 lragmenta
1012 1585 1075 1622 cum
1088 1573 1213 1623 crinibus
1228 1573 1390 1623 evellerent.

219 1743 252 1786 v.
271 1725 313 1786 29
337 1748 352 1781 «
375 1718 434 1787 Vir
447 1719 516 1785 sive
535 1720 669 1804 naulica,
688 1720 725 1785 iu
746 1720 839 1785 corius
859 1719 970 1810 capite
989 1719 1044 1785 oel
1064 1721 1168 1785 barba
1193 1719 1438 1808 perminaoerit
1465 1720 1479 1785 l
1499 1761 1508 1769 ·

170 1849 241 1918 pra
262 1855 277 1885 »
295 1863 340 1876 -
354 1827 456 1892 Har.
466 1826 580 1915 plapa
604 1848 617 1891 .·
640 1825 742 1894 llebr.
759 1826 887 1916 quippe
902 1848 1019 1893 vocem
1034 1841 1116 1894 nats
1135 1826 1172 1892 h.
1194 1825 1218 1892 l.
1244 1848 1423 1917 nunquam
1444 1827 1507 1893 ad-

177 1933 283 2015 hibet,
301 1932 365 1998 nisi
375 1931 435 1998 nbi
445 1931 593 2022 delepra
604 1955 625 1999 a
636 1932 813 1999 secerdote
824 1932 944 2018 agnita
956 1937 1096 2018 agotum
1113 1937 1147 1998 et
1161 1931 1197 1998 in
1212 1953 1288 2023 sqq.
1306 1947 1366 2025 pn:
1381 1933 1509 2021 pluries

177 2037 312 2119 scribit,
335 2037 395 2103 ubi
419 2044 498 2104 ante
525 2061 556 2105 r.
581 2045 623 2107 29
650 2037 903 2129 scripsissetis:
926 2077 971 2087 —
991 2066 1006 2100 a
1032 2037 1159 2105 videbit
1187 2040 1268 2125 [eos]
1291 2038 1448 2106 sacerdos
1472 2067 1506 2122 r,

178 2168 211 2210 v.
229 2151 270 2211 30
288 2170 304 2204 a
321 2156 354 2210 et
368 2144 537 2230 siquidem
560 2144 724 2212 durrcilior
739 2146 852 2235 suerit
872 2147 966 2212 locus
992 2167 1094 2212 carae
1115 2145 1294 2236 [reliqua],
1313 2159 1344 2212 et
1360 2144 1506 2235 capillus

175 2250 288 2340 slavus
303 2249 496 2341 [solitoque]
511 2251 696 2318 subtilior:
713 2251 962 2318 contaminabit
979 2273 1033 2318 cos
1047 2279 1062 2312 »
1073 2305 1080 2334 ‚
1093 2252 1290 2319 immundos
1304 2251 1507 2332 declarabit,

180 2357 262 2446 prtia
277 2371 354 2449 pru,
372 2357 498 2424 evulsio
514 2373 576 2441 cst,
600 2365 634 2426 et
655 2359 721 2426 hoc
743 2381 872 2425 nomen
896 2360 1010 2425 statim
1034 2359 1259 2427 declaratur:
1284 2386 1299 2420 a
1317 2359 1399 2450 quia
1416 2357 1509 2448 lepra

181 2463 304 2554 capitis
319 2487 360 2530 ac
375 2464 498 2532 barbae
519 2478 569 2531 cst
593 2493 623 2532 ».
645 2488 677 2532 v.
701 2472 741 2533 31
767 2493 783 2526 α
805 2465 869 2532 Sin
886 2478 1001 2531 autem
1018 2464 1141 2532 uiderit
1156 2464 1267 2531 locum
1286 2465 1442 2532 inaculac
1456 2487 1511 2532 ae-

180 2570 317 2662 qualem
345 2571 499 2660 [vicinae]
529 2572 642 2655 cami,
668 2584 700 2638 et
723 2571 888 2660 capillum
919 2571 1078 2662 niprum,
1105 2570 1256 2638 recludet
1281 2595 1359 2638 eum
1382 2584 1509 2662 septem

181 2677 299 2744 dicbus
323 2706 353 2744 s.
379 2678 497 2746 omisit
516 2677 616 2769 Vulp.
640 2679 860 2764 negationem
879 2699 887 2744 :
904 2678 965 2744 scd
978 2677 1124 2765 capillus
1140 2678 1240 2766 nipcr
1254 2701 1324 2743 uon
1339 2691 1388 2744 est
1405 2679 1442 2745 iu
1456 2702 1506 2745 eo.

182 2784 243 2852 Ubi
264 2785 329 2851 islo
352 2785 421 2851 duo
448 2784 665 2870 obtinebant,
697 2784 789 2851 lacus
811 2782 965 2852 maculae
991 2781 1143 2872 aequalis
1167 2790 1201 2848 et
1227 2783 1371 2872 capillus
1394 2785 1507 2872 niger,

180 2913 250 2957 non
271 2896 344 2957 erat
365 2890 609 2974 recludendus,
633 2889 692 2956 sed
714 2890 863 2957 mundus
886 2889 1114 2955 declarandus
1135 2887 1297 2976 (atltae).
1315 2890 1397 2956 Male
1420 2893 1512 2956 LXX

181 2998 358 3082 corrigunt
373 3011 437 3059 :ns
453 3019 515 3085 pro
531 3011 611 3070 aaa,
629 3001 810 3077 ξανθίζουσα.
841 2997 943 3062 Heba.
968 2997 1061 3062 Sam.
1085 2994 1205 3062 Cloald.
1220 2997 1298 3084 Spa.
1321 2995 1511 3086 loquuntur

183 3100 225 3167 de
240 3123 336 3184 casu,
353 3101 414 3168 nbi
428 3102 563 3169 macula
579 3102 719 3193 quidem
733 3124 804 3168 non
818 3089 992 3169 erat'infra
1007 3107 1118 3168 cutem
1133 3101 1305 3190 depressa,
1325 3101 1384 3168 sed
1397 3123 1509 3191 neque

182 3207 325 3274 aderant
343 3207 458 3297 capilli
475 3207 584 3294 nigri3
602 3230 711 3276 unum
731 3209 846 3298 leprae
866 3207 1034 3275 indicium
1052 3207 1185 3290 deerat,
1208 3207 1352 3275 alterum
1373 3206 1507 3285 aderat;

183 3315 210 3380 is
229 3336 325 3381 cesus
340 3335 459 3403 reapse
474 3318 547 3381 eret
565 3314 702 3381 dubius.
722 3337 755 3381 v.
776 3321 819 3383 32
841 3342 857 3376 «
874 3316 920 3380 Et
935 3313 989 3380 die
1008 3313 1149 3404 septimo
1166 3313 1367 3381 intuebitur.
1384 3313 1423 3381 Si
1441 3336 1510 3381 aare

183 3422 323 3488 creverit
348 3420 503 3502 naucula,
531 3434 565 3487 et
591 3420 736 3511 capillus
758 3421 813 3488 sui
843 3422 965 3488 coloris
987 3435 1053 3502 est,
1076 3434 1108 3487 et
1133 3420 1227 3487 locus·
1256 3421 1385 3510 plapae
1413 3421 1511 3487 carui

183 3528 358 3619 [reliquae]
375 3527 531 3618 aequalis
548 3556 582 3610 »‚
601 3552 634 3594 v.
654 3534 696 3594 33
720 3558 734 3590 α
753 3528 895 3595 radetur
911 3528 1009 3594 doaso
1032 3555 1065 3607 s,
1087 3532 1124 3593 ul
1143 3527 1269 3593 clarius
1283 3532 1359 3615 post
1380 3532 1510 3616 septem

183 3634 257 3701 dies
274 3635 451 3702 observari
472 3634 592 3724 possit,
614 3657 659 3702 an
678 3634 822 3702 creverit
841 3634 972 3701 scabies
995 3633 1135 3723 (Meu),
1162 3663 1178 3695 a
1200 3635 1326 3724 absque
1346 3632 1418 3700 loco
1436 3656 1510 3699 ma-

184 3739 280 3806 culae
304 3768 339 3823 »,
365 3742 423 3831 qui
444 3740 519 3808 radi
536 3741 608 3808 sine
630 3741 770 3808 vulnere
791 3741 886 3808 haud
904 3745 1033 3831 posset,
1065 3769 1080 3802 a
1106 3753 1139 3806 et
1163 3738 1359 3806 includetur
1384 3749 1509 3829 septem

184 3845 300 3913 diebus
315 3845 396 3913 aliis
413 3875 443 3912 ».
465 3870 497 3914 v,
517 3855 560 3916 at
584 3875 599 3909 a
619 3847 661 3914 Si
681 3846 737 3913 dic
751 3847 894 3938 septimo
910 3848 980 3914 visa
993 3846 1102 3936 fucrit
1120 3846 1249 3913 stetisse
1257 3846 1371 3936 plapa
1387 3846 1422 3910 iu
1439 3843 1510 3910 laco

183 3975 261 4034 suo,
289 3976 350 4019 nec
371 3953 538 4020 ltocmilior
557 3976 658 4020 carne
679 3954 852 4044 palmum,
871 3951 1053 4020 arctandabit
1079 3975 1174 4036 etim,
1198 3952 1343 4042 lotisque
1365 3948 1511 4016 vestibus

183 4060 254 4126 suis
270 4059 419 4126 sacrandus
433 4060 498 4127 crit
514 4089 544 4128 ».
566 4085 599 4127 v.
618 4067 659 4128 35
677 4089 691 4121 «
708 4060 773 4126 Sin
792 4073 907 4127 autem
925 4072 1002 4151 post
1017 4058 1297 4126 emandationem
1315 4080 1430 4124 rursus
1443 4080 1511 4124 cre-

183 4166 270 4232 verit
284 4167 419 4234 macula
432 4153 555 4235 in'cute
569 4196 598 4250 n,
613 4191 646 4234 v.
665 4172 707 4233 36
725 4197 740 4228 o
751 4191 820 4234 nou
830 4179 970 4257 quaeret
983 4166 1133 4256 amplius
1148 4164 1341 4248 saccerdos,
1363 4193 1378 4226 o
1396 4176 1509 4231 atroam

184 4272 329 4362 capillus
345 4275 382 4338 iu
397 4273 530 4362 slavum
550 4273 707 4356 [colorem
732 4274 778 4341 sit
800 4274 1033 4361 iutmutatusl,
1051 4271 1136 4363 quia
1157 4270 1298 4362 [aperte]
1315 4270 1512 4338 immundus

184 4393 234 4445 est
249 4407 283 4460 s,
301 4379 405 4468 idque
418 4380 556 4447 abunde
570 4380 747 4468 colligitur
766 4404 783 4448 e
799 4380 954 4448 maculae
968 4380 1193 4448 incrementa.
1211 4402 1245 4446 v.
1265 4385 1308 4444 37
1328 4405 1344 4440 «
1363 4379 1515 4445 Parrasi

185 4485 315 4552 steterit
329 4487 482 4569 macula,
503 4500 536 4554 ct
551 4487 671 4578 capilli
689 4488 785 4577 cipri
801 4488 956 4577 suerint,
979 4487 1110 4554 clarecit
1131 4486 1327 4572 [taurinen]
1352 4496 1509 4552 satiatum

187 4615 271 4677 esse,
299 4605 331 4659 et
355 4593 586 4683 [confidenter]
608 4617 685 4660 eccm
703 4595 905 4684 prouocatio!
927 4593 1095 4660 mundum
1125 4621 1154 4661 ».
1182 4595 1282 4658 Heba.
1307 4591 1509 4658 nervosius:

186 4713 311 4768 sauata
332 4712 382 4766 est
397 4700 523 4791 playa,
541 4701 688 4767 mundus
710 4714 757 4767 est
782 4700 872 4789 ipsc,
895 4714 926 4766 ct
950 4699 1116 4766 necandum
1141 4698 1291 4764 declaret
1310 4721 1386 4762 erton
1401 4717 1510 4762 sacer·
1578 4701 1584 4705 ’

189 4807 260 4876 dos.
