3534 5384
770 434 819 477 nx.
844 419 982 490 911500.
1138 466 1141 475 .
1486 423 1540 485 101

210 570 335 655 lloyses
352 567 502 633 cinerem
527 588 643 634 versus
662 570 811 654 quatuor
832 566 918 633 coeli
945 572 1061 655 partes
1080 566 1280 655 spargebat,
1302 568 1404 637 simul
1426 573 1542 639 verbis

209 653 408 739 declarabat
419 673 572 740 cinerem
591 673 804 762 itasparsum
818 672 1016 759 symbolum
1033 692 1104 741 esse
1118 672 1241 763 plagae
1256 675 1397 743 coelitus
1409 676 1448 744 in
1463 679 1542 745 uui-

209 800 342 847 versam
364 785 559 869 Aegyptum
582 778 833 847 immittendae.
851 783 938 868 Apte
961 800 1007 845 sc.
1031 777 1172 846 morbus
1191 782 1396 867 contagione
1416 806 1542 873 propa-

209 890 310 973 gatus
328 890 549 976 comparatur
566 885 702 975 pulveri
713 907 778 976 per
792 906 873 951 aera
894 884 1106 952 circumlato.
1132 912 1148 947 a
1169 888 1282 953 Erunt
1295 888 1408 978 [erana]
1428 889 1464 955 in
1481 890 1542 955 ha-

207 991 356 1059 miuibus
380 1003 412 1058 et
441 992 601 1059 iumentis
629 991 748 1059 ulcera
774 1002 807 1058 et
834 990 967 1059 vesicae
997 1002 1169 1081 turpentes
1197 991 1235 1057 in
1262 993 1422 1061 uniuersa
1451 1008 1541 1063 terra

208 1096 360 1189 Aegypti
377 1125 406 1165 u.
426 1100 529 1165 Hebr.
546 1119 559 1163 .·
574 1098 684 1165 eterit
699 1097 810 1187 (cinis)
826 1096 865 1164 in
879 1096 1075 1165 hominihus
1085 1098 1331 1189 pecoribusque
1347 1099 1384 1166 in
1400 1100 1540 1191 inflam-

209 1204 376 1272 mationes
397 1218 475 1287 ete,
498 1205 574 1271 illas
598 1205 773 1273 moraliter
796 1204 922 1271 efficiet
943 1209 1046 1293 atque
1070 1202 1278 1294 praesignat.
1300 1228 1333 1273 v.
1353 1213 1394 1275 10
1412 1236 1428 1269 a
1447 1209 1511 1274 Tul
1529 1248 1542 1257 -

208 1321 354 1401 ruentque
379 1310 528 1377 cinerem
546 1309 588 1376 de
604 1309 757 1394 camino,
775 1323 809 1376 et
827 1322 991 1381 steterumt
1011 1333 1124 1379 coram
1143 1310 1341 1395 Pharaone,
1364 1325 1396 1379 et
1415 1315 1541 1403 sparsit

207 1416 308 1485 illum
323 1418 456 1506 Moyses
471 1416 509 1484 in
531 1416 682 1502 eoelum;
691 1420 862 1508 factaque
879 1430 962 1483 sunt
982 1416 1098 1485 ulcera
1120 1418 1308 1485 vesicarum
1328 1421 1539 1508 carpentium

207 1522 245 1589 in
268 1522 465 1591 hominihus
482 1536 516 1591 et
537 1524 575 1590 in
594 1524 757 1591 iunaerrtr's
782 1551 814 1591 a.
838 1547 870 1594 v.
899 1530 939 1591 11
966 1550 982 1587 a
1003 1526 1072 1591 Nec
1088 1536 1253 1614 poterant
1274 1525 1425 1613 malefici
1449 1540 1538 1593 stare

208 1651 323 1697 coram
351 1632 471 1720 Moyse
493 1642 638 1721 propter
660 1630 797 1714 ulcera,
818 1652 906 1720 quae
930 1631 968 1695 in
989 1628 1176 1698 illiserunt
1197 1643 1231 1698 et
1252 1631 1401 1699 inomni
1425 1635 1539 1720 [terrai

205 1736 357 1827 Aegypti
373 1762 404 1805 a.
425 1735 528 1805 Hebr.
546 1738 632 1803 verti
648 1743 758 1827 potest
777 1748 810 1803 et
826 1736 865 1802 in
884 1737 1041 1803 omnihus
1060 1735 1253 1827 Aegyptiis.
1278 1742 1350 1804 Non
1365 1745 1448 1828 puto
1463 1761 1540 1805 ver-

206 1842 331 1911 borum
353 1850 490 1910 sensum
515 1843 706 1910 necessario
730 1844 824 1911 hunc
840 1864 911 1911 esse
932 1842 1057 1933 (Dei),
1076 1843 1251 1911 maleficos
1274 1848 1456 1913 attentasse
1479 1847 1541 1912 boc

204 1950 345 2035 signum
373 1950 515 2017 imitari.
545 1949 722 2039 Expressio
747 1948 861 2016 differt
891 1948 935 2015 ab
959 1949 1068 2017 altera
1093 1956 1185 2032 r,11.
1210 1956 1270 2031 DQ
1291 1956 1361 2031 8,7.
1382 1957 1435 2019 18.
1459 1955 1538 2018 Cum

203 2055 365 2146 Aegyptii
385 2055 569 2124 munditiei
587 2060 696 2124 essent
714 2077 882 2145 perquam
904 2054 1063 2138 studiosi,
1085 2056 1181 2127 nulla
1200 2056 1332 2123 ratione
1351 2056 1427 2123 fieri
1443 2064 1539 2147 pote-

204 2166 275 2243 rat,
288 2169 326 2229 at
339 2161 405 2228 viri
418 2161 589 2228 ulceribus
603 2161 732 2229 foedati
746 2166 1005 2250 perseverarent
1020 2184 1136 2229 eoram
1151 2183 1233 2249 rege
1247 2166 1280 2230 et
1290 2182 1406 2229 coram
1416 2168 1535 2249 Mopso,

204 2269 265 2357 qui
283 2288 403 2355 regem
418 2267 562 2335 adierat.
576 2266 842 2335 Confunduntur
852 2266 998 2335 malefici
1008 2290 1064 2351 eo,
1083 2268 1176 2357 quod
1191 2290 1261 2336 non
1275 2267 1388 2336 solum
1397 2268 1534 2359 plagam

204 2373 281 2441 aliis
301 2378 474 2462 nequeant
496 2373 673 2459 infligere,
695 2372 756 2441 sed
779 2395 822 2441 ne
840 2394 876 2441 se
896 2374 989 2463 ipsos
1009 2373 1149 2464 quidem
1175 2395 1195 2441 a
1218 2374 1324 2463 plaga
1338 2373 1533 2443 defendere.

203 2502 236 2545 v.
268 2485 309 2546 ln
332 2509 347 2541 «
375 2478 623 2569 induravitque
649 2478 818 2547 Dominus
839 2502 898 2546 ror
923 2478 1136 2561 Pharaonis,
1158 2491 1190 2547 et
1213 2502 1283 2547 nan
1306 2478 1532 2563 audibilem,

203 2584 292 2651 sicut
311 2585 442 2652 lacertus
459 2597 509 2652 est
523 2584 690 2652 Dominus
703 2584 751 2652 ad
764 2587 907 2674 Moysen
927 2612 958 2654 o.

577 2772 711 2831 Plagarum
727 2772 801 2819 serien
817 2771 939 2833 posterior
955 2771 1001 2820 Ex.
1018 2774 1162 2832 9,13-1·1,36.

565 2888 683 2935 Binariua
698 2890 713 2935 4
731 2904 737 2933 :
748 2887 837 2949 plagae
853 2903 882 2934 a
898 2902 952 2935 aere
968 2886 1015 2935 Ex.
1033 2889 1177 2947 areunae.

643 2994 676 3035 pa
686 2994 769 3046 plana
782 3004 788 3035 :
801 2993 906 3047 arando
917 2994 965 3037 Ex.
977 2992 1096 3041 mia-3⁶.

244 3128 328 3214 Ara.
348 3164 388 3177 -
410 3126 542 3192 Priores
567 3126 693 3215 plagae
720 3149 778 3194 sex
799 3148 919 3194 omnes
938 3146 1018 3193 eum
1032 3124 1185 3193 lluminis
1200 3125 1426 3193 inundatione
1447 3149 1533 3216 qua-

200 3230 381 3299 damtenus
404 3232 705 3299 connectebantur.
728 3231 792 3300 Ubi
811 3234 882 3299 iam
904 3232 994 3300 illud
1008 3232 1090 3299 anni
1110 3237 1251 3321 tempus.
1261 3232 1416 3317 advenit,
1438 3234 1494 3301 cui
1513 3257 1533 3298 a

200 3337 451 3424 germinatione
467 3342 624 3426 segetum
638 3360 782 3421 nomen,
800 3343 921 3405 contra
935 3345 1066 3425 segetes
1081 3337 1289 3407 convertitur
1300 3339 1358 3405 Dei
1368 3338 1533 3425 indigna-

198 3444 258 3511 tio.
277 3448 368 3521 Quae
383 3450 622 3534 portentorum
641 3445 756 3513 classis
774 3446 928 3512 solemne
947 3468 980 3511 v.
1002 3450 1107 3512 13-16
1127 3444 1305 3511 exordium
1323 3444 1445 3528 habet,
1464 3469 1531 3534 qua

197 3550 302 3618 simul
320 3573 340 3618 a
357 3551 641 3641 praecedentibus
659 3551 852 3619 evidentius
872 3550 1090 3619 discernitur.
1113 3556 1189 3641 lpsa
1208 3551 1353 3639 septima
1373 3552 1479 3641 plaga
1492 3552 1533 3617 il-

198 3657 356 3724 lustriore
369 3656 447 3724 stilo
469 3656 686 3726 describitur.
708 3663 753 3725 De
768 3680 810 3725 ea
823 3659 941 3725 futura
959 3680 1031 3725 non
1047 3657 1119 3723 sine
1138 3656 1251 3724 ironia
1269 3680 1302 3724 v.
1323 3659 1530 3727 11191111-

198 3786 259 3830 rao
275 3762 450 3848 edocetur,
467 3759 587 3831 dies'et
601 3765 689 3832 hora
701 3763 877 3847 indicitur,
890 3764 1042 3854 portenti
1057 3763 1261 3850 magnitudo
1275 3786 1309 3829 v.
1329 3769 1369 3833 18
1390 3766 1532 3854 empha-

196 3870 263 3937 tice
288 3873 525 3955 annuntiatur,
555 3893 588 3939 v.
623 3876 725 3939 naus
756 3868 903 3937 vividius
937 3869 1159 3953 describitur;
1186 3868 1231 3937 ed
1262 3870 1380 3958 lloysis
1410 3877 1530 3938 nutum

196 3975 320 4065 incipit
344 3982 560 4067 portentum,
582 3998 622 4044 eo
645 3982 764 4044 orente
789 3982 912 4058 cessat;
935 3998 1040 4066 quam
1063 3976 1341 4043 intercessionem
1361 3966 1530 4061 elllagita-

198 4089 295 4149 verat
308 4083 453 4149 Pharao.

241 4210 274 4254 v.
297 4194 338 4257 13
361 4216 377 4249 a
393 4188 554 4279 Dixitque
569 4188 737 4256 Dominus
749 4187 797 4256 ad
806 4192 951 4278 Moysen
964 4209 977 4253 :
990 4190 1093 4255 Mane
1108 4210 1292 4279 censurae,
1306 4201 1402 4257 etsta
1414 4211 1529 4256 caram

197 4292 395 4377 Pharaone,
420 4307 452 4362 et
475 4294 567 4362 dices
587 4294 636 4363 ad
657 4317 736 4362 eum
754 4316 767 4361 .·
781 4298 873 4361 Haec
892 4293 977 4361 dicit
989 4295 1157 4363 Dominus
1172 4323 1188 4357 a
1209 4299 1299 4363 Dens
1320 4322 1337 4359 a
1358 4294 1529 4363 Hebraea-

195 4422 274 4467 rum
293 4400 463 4467 :Dimitte
483 4400 653 4492 populum
667 4424 798 4484 mercna,
815 4414 854 4468 ut
869 4401 1039 4489 sacrificet
1053 4401 1141 4469 mihi
1156 4429 1186 4471 »,.
1204 4406 1322 4469 Censet
1345 4404 1445 4485 rost,
1467 4403 1529 4469 hac

195 4505 298 4574 etiam
313 4508 387 4575 vice
402 4512 536 4595 lloysen
550 4508 749 4576 convenisse
763 4529 899 4595 regem,
922 4508 1064 4596 quarmo
1077 4507 1143 4575 iret
1156 4507 1319 4599 adaquas
1336 4529 1343 4576 :
1361 4508 1398 4575 id
1413 4516 1527 4577 tanuen

196 4635 265 4680 non
280 4620 329 4680 est
342 4619 492 4696 certum,
512 4616 624 4705 potuit
643 4637 702 4682 rex
726 4620 820 4682 metu
839 4614 1053 4701 contagionis
1074 4637 1109 4681 se
1125 4614 1220 4681 domi
1232 4616 1421 4683 continere.
1436 4638 1468 4683 v.
1488 4623 1526 4683 tt

198 4748 215 4782 a
231 4720 322 4801 Quia
334 4720 372 4787 in
383 4719 447 4787 hac
460 4722 530 4789 viee
542 4722 679 4789 mittam
692 4743 809 4789 omnes
819 4721 945 4811 plagas
959 4742 1051 4787 meas
1068 4749 1101 4805 »‚
1124 4743 1196 4788 non
1213 4741 1331 4789 omnes
1345 4743 1430 4810 quas
1450 4722 1529 4787 mit-

193 4830 265 4893 tere
278 4849 434 4916 possum,
451 4827 511 4895 sud
533 4856 549 4889 a
570 4829 708 4917 quasin
730 4833 763 4895 te
781 4827 916 4895 mittere
930 4826 1096 4893 destinavi
1114 4854 1129 4889 u
1154 4827 1293 4916 (Post),
1315 4856 1330 4889 α
1349 4848 1450 4917 semer
1469 4851 1526 4896 aar
