3534 5384
249 341 309 400 ert
737 357 775 399 rx
795 355 928 400 rausero
951 357 983 401 nt
1004 357 1097 401 sum.

254 489 340 578 139).
360 492 404 555 De
428 487 503 574 lege
523 487 661 555 talionis
687 511 766 554 oum
785 489 867 576 lege·
883 487 1087 576 evangelica
1111 489 1225 557 uatth.
1247 495 1326 572 5,38
1346 512 1420 580 sqq.
1445 513 1584 580 compa-

251 602 347 677 rata,
365 596 407 665 ci.
430 597 676 662 Knnbenbnucr
693 595 731 661 in
743 616 822 662 eum
841 596 967 661 locum.

547 830 582 876 (2)
596 828 631 868 Ad
641 830 704 877 tepent
714 829 798 868 ruiturus
808 829 974 868 aequamentum
986 827 1054 878 quood
1064 839 1132 868 serrat
1143 827 1184 869 Er.
1194 830 1252 876 riso
1266 839 1299 877 sq.

290 1005 402 1072 Seruis
417 1004 583 1072 mutilatis
596 1004 670 1070 loco
681 1003 845 1094 pecuniae
861 1002 1064 1071 conceditur
1074 1003 1226 1070 libertae.
1243 1027 1276 1070 v.
1295 1010 1337 1071 26
1358 1032 1374 1066 κ
1393 1004 1435 1072 Si
1443 1026 1583 1095 percus-

246 1112 327 1178 serit
340 1111 513 1202 quispiam
528 1108 664 1177 oculum
679 1110 768 1178 cerci
781 1109 836 1176 sni
847 1124 912 1186 ortt
932 1109 1098 1191 ancillae,
1115 1123 1147 1178 et
1163 1110 1273 1177 luscos
1286 1133 1341 1178 eos
1351 1111 1471 1198 feccrit
1495 1139 1523 1192 a,
1539 1149 1584 1160 -

249 1221 351 1285 Hebr.
377 1239 390 1284 .·
413 1231 445 1285 et
467 1216 658 1307 corruperit
672 1238 750 1284 eum
767 1257 811 1268 -
834 1245 850 1276 (ι
872 1215 1021 1284 dimittet
1043 1238 1097 1282 ecs
1122 1217 1245 1284 liberos
1260 1239 1326 1308 pro
1348 1217 1446 1284 oculo
1469 1219 1583 1307 [qncm

248 1324 346 1421 eruit]
368 1353 398 1392 n.
416 1346 448 1392 v.
467 1330 510 1391 27
527 1351 543 1385 n
566 1327 708 1390 Dentem
723 1345 857 1413 qnoque
880 1321 912 1390 si
931 1322 1115 1390 excusserit
1130 1347 1223 1390 seruo
1241 1321 1298 1390 uel
1318 1322 1468 1390 ancillae
1483 1346 1579 1406 succ,

247 1432 430 1523 [similiter]
442 1430 590 1498 dimittet
606 1430 822 1497 resideres»
834 1452 901 1520 pro
913 1429 1023 1498 dente.
1040 1457 1057 1492 «
1073 1430 1169 1509 Quod
1180 1429 1237 1497 hic
1250 1429 1291 1498 de
1306 1430 1406 1497 oculo
1417 1434 1450 1496 et
1465 1431 1578 1510 dente,

249 1538 434 1605 extendunt
456 1536 607 1605 Rabbini
622 1537 667 1602 ad
681 1542 793 1602 cetera
808 1535 925 1603 omnia
942 1537 1117 1618 membra,
1135 1559 1221 1626 quae
1237 1535 1344 1603 semel
1360 1536 1484 1604 amissa
1496 1559 1583 1603 nun-

249 1666 352 1736 quam
371 1649 588 1735 reparantur.
610 1645 758 1720 Quatuor
778 1649 811 1710 et
831 1641 955 1729 viginti
975 1648 1178 1710 enumerant
1195 1647 1259 1711 eto.
1284 1671 1299 1706 »
1324 1641 1477 1732 (601..)
1503 1643 1582 1710 Sino

248 1751 354 1818 dubio
378 1751 434 1818 lex
459 1751 613 1817 humana
637 1754 671 1816 et
695 1771 773 1815 usus
797 1749 898 1838 plura
924 1749 1125 1839 supplevere
1154 1749 1190 1814 in
1217 1755 1286 1816 tam
1307 1749 1475 1816 concinna
1502 1749 1582 1836 lege

249 1857 376 1926 divina.
396 1861 452 1924 Ps.
473 1860 548 1925 Ion.
570 1856 661 1923 dicta
683 1855 858 1943 restringit
881 1854 926 1922 ad
941 1878 1056 1922 servos
1080 1855 1315 1940 chananaeos,
1333 1855 1430 1944 Sylo.
1448 1856 1494 1923 ad
1513 1878 1582 1923 non

250 1963 441 2033 Hebraeos:
457 1964 493 2030 in
506 1969 600 2030 textu
621 1962 711 2028 nihil
735 1968 795 2044 est,
818 1962 913 2051 quod
935 1963 966 2029 ei
982 1961 1186 2029 restrictiori
1208 1963 1332 2030 faveat.
1354 1961 1469 2030 Potuit
1485 1985 1582 2029 servo

248 2071 402 2138 Hebraeo
421 2076 559 2160 praeter
577 2069 771 2136 libertatem
790 2067 932 2135 concedi
949 2069 1098 2157 pecunie
1111 2090 1175 2159 pro
1195 2074 1271 2136 rata
1288 2069 1468 2159 temporie,
1488 2069 1580 2158 quod

248 2184 436 2268 superesset
450 2198 556 2266 usque
572 2173 617 2242 ad
635 2174 818 2264 septimum
837 2196 969 2241 annum
985 2175 1028 2262 (v,
1047 2175 1095 2264 Ξ).
1116 2179 1272 2242 Ceterum
1294 2175 1380 2242 haec
1395 2175 1450 2242 lex
1466 2175 1581 2242 effica-

250 2283 332 2350 citer
348 2281 596 2372 praepediebat
612 2279 807 2367 graviorem
820 2303 998 2348 servorum
1013 2281 1267 2370 percussionem
1284 2280 1338 2370 (oi.
1357 2304 1389 2350 v.
1409 2288 1451 2348 ‘20
1467 2279 1547 2370 sq.).

502 2525 525 2583 β.
539 2521 720 2569 Additamento
734 2521 782 2568 trio
796 2522 829 2567 ad
841 2521 922 2580 legem
933 2522 964 2568 de
978 2522 1133 2581 percussione
1147 2521 1194 2570 Ex.
1209 2523 1328 2582 21,i8·36.

661 2658 691 2702 n.
712 2655 748 2700 Dc
765 2654 820 2700 iore
835 2661 963 2714 cornupeta
979 2655 1026 2702 Ex.
1043 2655 1167 2714 21,28·32.

291 2855 324 2900 v.
347 2838 389 2900 28
405 2863 421 2894 n
437 2831 478 2899 Si
493 2835 549 2898 bos
564 2854 669 2898 cornu
681 2831 883 2919 percusserit
900 2830 1012 2899 cirum
1027 2845 1088 2898 cen
1103 2831 1298 2919 mulierem,
1317 2845 1348 2898 ct
1363 2831 1491 2898 retortu-i
1501 2832 1581 2919 fue-

248 2941 329 3027 rint,
349 2938 521 3030 lapidibus
532 2938 692 3004 obseretur
704 2966 735 3021 »‚
749 2965 765 2998 u
780 2939 817 3003 in
827 2937 1089 3007 detestationem
1101 2946 1134 3006 et
1144 2940 1325 3006 horrorem
1334 2937 1417 3006 facti
1428 2967 1444 3000 »
1460 2937 1577 3028 (Cei.)‚

246 3052 279 3113 et
304 3045 491 3113 seeundum
512 3044 601 3111 illud
619 3050 718 3111 Num.
737 3051 837 3126 35‚33
860 3067 868 3112 z
893 3071 909 3106 (ι
935 3068 999 3112 nec
1019 3046 1118 3112 aliter
1137 3045 1267 3135 expiari
1281 3049 1402 3135 potest,
1425 3045 1492 3112 nisi
1518 3067 1581 3133 per

246 3154 319 3219 eius
341 3153 563 3238 sanguinem,
581 3151 641 3242 qui
663 3151 805 3222 alterius
828 3151 1033 3237 sanguinem
1059 3151 1187 3218 fuderit
1204 3180 1234 3218 ».
1256 3157 1345 3219 Haeo
1360 3150 1415 3219 lex
1433 3151 1580 3218 affinita-

244 3265 315 3325 tem
327 3257 432 3325 habet
449 3258 633 3347 plurimam
653 3256 809 3323 cornilio
829 3263 910 3325 Gen.
929 3265 986 3338 s,5
1006 3280 1014 3326 :
1033 3286 1049 3320 n
1071 3260 1282 3346 Sanguinem
1298 3258 1493 3327 animorum
1509 3280 1579 3324 ves-

245 3371 378 3432 trarum
389 3365 564 3452 requiram
575 3363 616 3429 de
626 3384 730 3430 manu
744 3368 946 3431 cunctarum
958 3363 1148 3434 bestiarum
1161 3393 1191 3431 ».
1210 3395 1225 3427 n
1240 3369 1309 3442 Quo
1325 3369 1411 3432 Deus
1422 3365 1580 3432 homines

246 3470 357 3556 magis
387 3474 556 3536 averteret
583 3491 604 3535 a
627 3468 831 3537 crudelitate
860 3476 894 3536 et
922 3469 1165 3553 homicidio...,
1201 3471 1344 3538 sollicite
1376 3471 1579 3561 praescribit

246 3579 364 3642 mortis
379 3597 523 3664 poenam
536 3577 572 3642 in
586 3575 705 3656 bruta,
723 3598 812 3665 quae
827 3576 1005 3643 hominem
1022 3577 1241 3666 peremerint.
1259 3581 1345 3645 Sunt
1363 3576 1456 3644 enim
1475 3575 1579 3644 bruta

245 3681 391 3748 servitiis
410 3683 590 3749 hominum
611 3681 717 3763 iacta3
746 3704 864 3770 quere,
890 3705 967 3749 oum
990 3707 1052 3773 pro
1077 3685 1214 3752 servitio
1236 3683 1402 3751 damnum
1425 3683 1577 3751 inierant

245 3795 278 3855 et
287 3787 560 3870 incommodum,
574 3789 696 3855 merito
706 3788 915 3856 destruenda
928 3795 1008 3856 sunt
1022 3818 1038 3852 »
1052 3790 1210 3875 (Caini).
1226 3818 1242 3852 (ι
1259 3792 1305 3855 Et
1318 3811 1387 3855 non
1403 3789 1578 3856 comeden-

245 3907 301 3960 tnr
315 3917 433 3961 cernes
457 3893 530 3961 eins
548 3923 578 3974 a,
597 3894 681 3983 quia
698 3894 901 3962 immundae
921 3896 1095 3963 habentur
1116 3895 1215 3984 (Keil)
1234 3902 1267 3984 et
1281 3896 1422 3983 sanguis
1436 3919 1460 3988 a
1475 3918 1577 3964 corne

243 4023 312 4067 non
340 4009 388 4067 est
410 4005 597 4090 separatus.
625 4027 641 4063 κ
668 4000 832 4068 [tornines
856 4023 993 4091 qnoque
1020 4003 1112 4069 bouis
1137 4003 1298 4070 innocens
1320 4003 1384 4070 erit
1408 4030 1439 4084 u,
1466 4025 1577 4092 neque

244 4106 435 4197 quidquam
450 4107 574 4189 solvet,
593 4108 687 4196 quod
701 4108 749 4191 is,
767 4106 827 4199 qui
841 4107 1008 4176 damnum
1024 4108 1118 4191 tulit,
1137 4115 1293 4176 mortuus
1312 4108 1400 4175 nihil
1420 4107 1598 4205 etocipere¹

244 4218 357 4302 queat.
386 4217 473 4279 Haec
494 4212 548 4280 lex
569 4212 757 4281 universim
778 4215 930 4305 ponitur,
953 4214 1122 4304 pluraque
1146 4215 1370 4306 sequentibus
1388 4213 1525 4302 legibus
1545 4219 1578 4282 et

243 4317 323 4384 usui
346 4317 542 4386 definienda
564 4321 820 4410 relinquuntur.
848 4320 940 4387 Nihil
965 4321 1107 4388 omnino
1128 4321 1212 4388 dicit
1230 4322 1273 4389 de
1299 4343 1395 4398 casu,
1419 4344 1488 4410 quo
1515 4319 1577 4388 bos

243 4425 418 4491 hominem
432 4447 504 4492 non
518 4427 655 4509 occidit,
671 4427 732 4495 sed
744 4429 900 4515 graviter
915 4427 1121 4496 vulneravit.
1145 4428 1310 4517 Loquitur
1321 4433 1434 4495 textus
1447 4425 1490 4494 de
1504 4428 1577 4494 solo

245 4532 336 4616 bove,
357 4530 419 4598 ubi
437 4533 506 4598 iam
520 4535 615 4600 Sunt.
632 4534 771 4625 supplet
788 4547 820 4600 et
836 4557 934 4600 orrtrtc
939 4557 1057 4624 pecus.
1074 4539 1186 4603 Cornu
1201 4536 1339 4624 utique,
1354 4534 1391 4600 id
1405 4534 1498 4601 enim
1515 4534 1579 4602 ha-

245 4637 303 4704 bet
317 4654 381 4710 nti,
399 4637 490 4704 solus
513 4638 577 4706 bos
598 4642 776 4708 hominem
800 4641 959 4708 adultum
977 4640 1148 4730 perimere
1174 4643 1301 4731 potuit,
1319 4643 1375 4710 vix
1394 4641 1494 4709 aries.
1511 4641 1577 4707 Sed

245 4742 382 4834 quidde
395 4745 556 4831 ungulis?
569 4746 629 4815 Ubi
641 4754 757 4815 monet
770 4752 873 4831 Post,
887 4746 1028 4833 ungulis
1038 4747 1162 4838 perimi
1173 4747 1309 4815 nonnisi
1325 4748 1575 4838 imprudentes.
