3534 5384
702 385 766 428 mv.
790 369 881 437 ll‚l9
902 384 966 435 suo.

357 631 389 690 2.
416 624 473 691 Ad
486 625 642 714 lepcrnv.
672 629 752 691 1-20
775 623 1013 691 additamento
1037 629 1112 692 Lev.
1142 631 1313 709 liuzi-bl,

304 804 331 840 a.
353 789 546 854 Appendicula
563 789 599 839 ed
617 788 710 852 legem
730 789 764 838 de
783 789 896 839 alitibus
914 789 1111 853 multipedibus
1129 789 1197 840 Lev.
1221 789 1361 850 itui-25.

214 977 299 1062 Arp.
317 1012 361 1023 -
381 972 555 1041 Generalis
575 971 695 1038 alitum
723 971 802 1061 plus
824 992 929 1060 quam
951 971 1036 1038 duos
1057 970 1162 1062 pedes
1183 971 1386 1039 habentium
1401 995 1434 1040 r.
1455 979 1497 1039 20

168 1079 358 1171 prohibitio
375 1079 530 1147 itav.21
548 1077 851 1160 circumscribitur,
868 1081 907 1144 ut
914 1077 1208 1145 locustarumesus
1223 1078 1299 1166 lege
1311 1078 1495 1145 sanciatur.

169 1186 413 1276 Reliquorum,
429 1208 518 1276 qnae
533 1188 669 1252 mortua
681 1183 821 1267 fuerint,
838 1183 1044 1273 prohibetur
1058 1189 1233 1252 contactus
1246 1189 1317 1252 tam
1330 1185 1498 1252 mediatos

169 1315 273 1383 quam
292 1291 522 1360 immediatus.

214 1423 245 1466 v.
266 1406 306 1467 21
331 1428 347 1461 α
364 1397 543 1488 Quidquid
560 1411 674 1464 autem
686 1396 841 1464 ambulat
855 1396 994 1486 quidem
1009 1418 1111 1484 super
1126 1409 1272 1486 quatuor
1286 1397 1424 1488 ipedcsl,
1439 1398 1500 1464 sed

168 1505 267 1572 habet
280 1505 438 1596 loupioru
448 1517 539 1572 retro
555 1526 672 1585 crura,
680 1526 747 1594 per
762 1525 850 1593 quur
864 1503 945 1570 salit
959 1515 1198 1594 super-terrum
1212 1532 1227 1564 u
1239 1557 1247 1586 ,
1261 1528 1292 1570 v.
1304 1511 1347 1571 Ἡ
1361 1533 1377 1566 «
1391 1527 1498 1572 contr-

169 1611 248 1679 dere
268 1611 395 1679 debetis
402 1665 413 1697 ,
441 1625 480 1678 ut
493 1624 543 1678 est
561 1609 707 1677 briccius
722 1610 760 1676 iu
774 1631 989 1700 promerito,
1011 1622 1044 1677 et
1058 1622 1193 1677 attacus
1208 1622 1309 1699 atque
1324 1611 1497 1698 ophioma-

168 1718 265 1799 cluu,
282 1741 322 1785 ac
337 1716 487 1800 locrutu,
503 1717 644 1807 siuqulu
664 1718 763 1782 diruta
784 1739 895 1805 penus
908 1739 1010 1783 surim
1027 1743 1058 1784 u.
1082 1739 1114 1782 v.
1135 1722 1177 1784 23
1201 1746 1216 1778 «
1240 1717 1419 1807 Quidquid
1438 1742 1498 1786 au-

168 1837 234 1892 tem
249 1853 284 1906 u,
299 1829 437 1915 praeter
453 1825 515 1892 has
529 1828 679 1914 quatuor
693 1822 838 1913 species,
854 1851 870 1884 α
882 1846 925 1888 eu
939 1822 1133 1890 volucribus
1144 1836 1293 1913 quatuor·
1305 1826 1461 1914 [tautum]
1480 1853 1495 1886 »

167 1971 212 1984 -
228 1931 525 2012 delendoeavo13
545 1930 772 1998 includuntur
783 1930 989 2018 multipedes
1004 1927 1150 2019 quilibet
1164 1968 1207 1980 —
1226 1957 1242 1992 ι(
1261 1929 1361 1997 babet
1372 1931 1493 2020 pedes,

168 2037 372 2107 ersecrabr'le
384 2037 449 2105 erit
470 2035 563 2105 vobis
580 2064 616 2121 »,
637 2060 669 2103 v.
689 2043 731 2104 nt
748 2049 781 2102 et
800 2035 838 2102 in
851 2035 906 2102 lis
913 2035 1125 2126 pollicemini
1130 2089 1141 2121 ,
1163 2035 1255 2126 quod
1271 2036 1419 2104 incisum
1436 2061 1497 2127 np-

166 2145 294 2211 tissime
311 2145 357 2211 ad
377 2142 620 2234 praecedentia
647 2143 813 2226 trahitur;
842 2142 940 2232 Vulp.
961 2141 1069 2210 trabit
1090 2142 1134 2209 ed
1157 2144 1335 2233 sequentia
1351 2143 1497 2234 (pollue-

168 2250 251 2340 tur).
273 2256 377 2318 Porro
391 2274 425 2317 u.
456 2256 498 2317 nt
518 2272 568 2340 sq.
591 2254 642 2317 est
667 2250 710 2316 de
732 2249 814 2316 solis
834 2264 911 2340 qum
928 2264 1015 2344 piu,
1033 2248 1231 2316 volucribus
1250 2272 1297 2318 sc.
1323 2251 1381 2334 iis,
1410 2273 1496 2340 quae

167 2358 286 2448 plures
300 2357 436 2425 duobus
455 2357 584 2424 habent
598 2355 720 2446 pedes,
738 2379 759 2422 o
782 2377 949 2446 quorum,
970 2355 1020 2423 uti
1040 2355 1084 2422 nb
1111 2361 1186 2422 octo
1201 2379 1234 2424 v.
1258 2363 1300 2422 29
1320 2380 1371 2448 sq.
1394 2359 1498 2446 repti-

167 2463 253 2531 lium
274 2463 469 2554 speciebuS,
487 2467 646 2530 contactu
669 2460 813 2528 Hebraei
828 2461 990 2528 videntur
1007 2462 1159 2551 penitius
1175 2462 1406 2530 abhorruisse.
1424 2467 1496 2531 Non

165 2576 284 2637 tumen
297 2569 343 2637 ad
356 2570 418 2636 has
436 2569 593 2637 volucres
607 2568 905 2650 extendunturee‚
919 2590 1007 2657 quae
1022 2591 1055 2634 v.
1072 2574 1176 2636 32-38
1191 2570 1400 2637 sanciuntur.
1415 2575 1497 2638 Cum

166 2699 267 2757 vero,
294 2675 387 2767 quod
410 2676 452 2743 de
474 2675 528 2742 his
549 2674 747 2744 volucribus
767 2674 1017 2764 multipedibus
1029 2673 1214 2764 portandis
1231 2676 1402 2760 statuitur,
1421 2697 1498 2743 mox

168 2781 215 2872 (v.
231 2790 285 2851 28.
308 2782 364 2873 bb)
383 2782 428 2849 od
440 2804 565 2872 pecora
574 2782 658 2848 item
668 2780 883 2863 extendatur,
895 2779 990 2847 haud
1005 2779 1148 2847 dubium
1168 2787 1217 2848 est
1236 2779 1387 2871 idipsum
1402 2781 1498 2848 brevi

168 2891 272 2957 etiam
285 2888 483 2956 volucribus
501 2888 686 2978 bipedibus
701 2909 772 2954 esse
789 2885 1005 2976 applicitum.
1024 2913 1040 2948 α
1051 2886 1304 2976 thrricuuque
1319 2889 1498 2954 morticina

170 3019 288 3063 corum
314 2994 481 3084 temperet,
499 2995 678 3084 polluetur
698 3005 731 3059 cl
754 2993 818 3059 crit
838 2990 1036 3058 immundus
1062 3015 1168 3081 usquc
1196 2993 1244 3059 ud
1265 3015 1441 3086 uesperum
1465 3021 1495 3059 u.

169 3131 185 3164 «
203 3101 395 3168 Tenehutur
411 3100 582 3167 obstinere
604 3123 639 3166 sc
664 3100 709 3168 ab
733 3099 869 3167 actibus
887 3098 1096 3166 mundorum
1114 3121 1222 3188 usque
1247 3099 1292 3166 ed
1306 3101 1386 3167 solis
1402 3122 1497 3167 occa-

168 3228 257 3276 sum.
282 3209 401 3274 Postea
424 3205 573 3274 mundus
587 3211 659 3273 eret
681 3227 689 3274 :
712 3207 829 3296 lapsus
849 3205 940 3272 enim
963 3206 1127 3295 temporis
1152 3209 1352 3274 reverenter
1372 3207 1498 3274 servati

168 3313 334 3382 reddebat
349 3335 428 3380 eum
443 3312 611 3380 mundum
626 3342 642 3374 u
661 3312 782 3402 (Cat).
799 3336 833 3381 v.
854 3319 896 3380 25
913 3339 929 3374 u
946 3314 992 3378 Et
1006 3312 1035 3378 si
1050 3315 1194 3398 [necesse
1203 3313 1329 3400 suerit,
1356 3317 1404 3402 ut]
1416 3336 1497 3405 por-

168 3433 214 3488 tet
231 3420 411 3511 quippiam
429 3419 549 3487 horum
569 3433 762 3500 mortuum,
783 3419 910 3485 lavabit
928 3419 1130 3485 vestimentu
1149 3443 1230 3506 suu,
1249 3433 1281 3486 et
1301 3420 1498 3488 immundu-

166 3527 231 3595 erit
245 3551 349 3617 usque
361 3527 410 3594 ud
422 3549 578 3593 occasum
593 3526 673 3592 solr's
691 3554 721 3593 ».
739 3528 833 3594 Sam.
852 3527 888 3592 h.
906 3527 929 3591 l.
946 3532 979 3591 et
993 3528 1084 3592 LXX
1091 3548 1122 3591 v.
1142 3531 1183 3592 to
1197 3525 1353 3594 additum
1369 3527 1496 3595 habent

168 3647 200 3701 et
215 3635 383 3701 lavabitur
400 3633 515 3723 uptiis,
542 3655 611 3722 quo
626 3633 732 3722 plena
749 3632 902 3699 cernitur
920 3653 997 3699 cum
1017 3637 1116 3714 17,15
1136 3633 1335 3720 concordia,
1352 3633 1412 3700 ubi
1431 3634 1497 3700 im-

167 3741 317 3808 mundus
339 3746 372 3807 et
390 3747 498 3808 vestes
520 3747 554 3806 et
572 3731 721 3828 seipsum
747 3740 862 3805 lavore
882 3738 1032 3805 iubetur.
1051 3739 1084 3805 Si
1108 3738 1263 3806 additum
1283 3741 1494 3831 repudietur,

168 3845 351 3913 dicendum
366 3847 432 3913 erit
447 3846 481 3914 h.
502 3847 526 3914 l.
555 3844 705 3936 supponi
723 3853 902 3934 tamquam
921 3867 995 3911 rem
1011 3843 1222 3926 evidentem,
1244 3853 1295 3930 ut,
1314 3846 1373 3935 qui
1391 3853 1498 3913 vestes

169 3953 284 4020 lavare
297 3952 483 4039 obligetur,
501 3975 521 4019 a
535 3951 667 4018 fortiori
682 3955 836 4018 teneatur
847 3951 957 4017 lavari
969 3951 1052 4040 ipse.

202 4191 230 4226 v.
246 4177 278 4226 22
302 4176 413 4227 videtur
433 4189 578 4228 recensere
600 4179 720 4240 quatuor
741 4176 911 4226 locustarum
935 4188 1055 4238 genera,
1070 4177 1098 4225 et
1118 4176 1231 4240 quidem
1253 4175 1398 4225 elatarum.
1419 4175 1497 4236 Quae

167 4266 317 4330 quominus
338 4265 494 4316 accuratius
515 4265 747 4326 determinemus,
761 4264 943 4328 prohibemur
961 4277 1024 4314 cum
1045 4265 1189 4315 nominum
1210 4264 1381 4315 locustarum
1402 4265 1497 4314 multi-

167 4356 292 4418 plicitate
307 4351 350 4419 (ct.
366 4353 424 4405 Ioel
441 4353 483 4404 lt
503 4356 531 4404 et
549 4354 748 4404 Krobenbouer
760 4345 823 4420 ih),
840 4356 899 4403 tum
913 4353 1078 4417 imperfecte
1096 4355 1192 4404 nostra
1211 4354 1323 4404 illorum
1342 4353 1498 4403 animalcu-

166 4445 257 4494 lorum
271 4444 397 4494 scientla.
412 4443 453 4492 Ex
467 4442 518 4492 Ex.
536 4442 625 4504 10,i3.
644 4443 674 4493 ie
690 4443 841 4506 multisque
856 4443 920 4492 aliis
933 4444 1002 4493 locis
1014 4445 1145 4494 novimus
1162 4449 1258 4502 abitt,
1273 4456 1345 4506 quae
1360 4446 1403 4493 est
1417 4443 1496 4506 prul-

168 4532 209 4583 luc
230 4533 421 4596 miurotort'ur,
438 4544 522 4595 quam
544 4532 688 4582 h.l.l.l'1
712 4531 790 4595 Vulp.
812 4531 937 4581 scribunt
960 4531 1100 4591 bruchum,
1120 4533 1198 4594 reru.
1216 4538 1301 4593 ttzu,
1315 4534 1376 4596 Syr.
1394 4538 1493 4610 temp.

167 4622 271 4674 Iterato
286 4623 354 4672 item
370 4619 463 4687 (Num.
480 4619 574 4681 13,33;
592 4620 684 4671 lPar.
702 4621 780 4682 7,13;
797 4620 889 4672 Eoole.
906 4620 981 4681 12‚5;
999 4620 1036 4670 Is.
1055 4617 1145 4688 inlr)
1160 4623 1320 4672 recensetur
1335 4627 1392 4678 :art
1405 4618 1494 4686 (liebr.

168 4712 286 4778 diuidi,
305 4710 415 4769 locusta,
432 4703 509 4774 ἀκρίς,
524 4722 609 4773 quum
621 4710 665 4758 Pr.
680 4710 737 4758 lon.
751 4715 842 4766 unit:
857 4713 940 4759 vocat
955 4715 983 4758 et
995 4709 1088 4758 adiicit
1102 4715 1184 4765 mm
1201 4715 1267 4770 uin,
1282 4710 1358 4759 eliud
1371 4709 1496 4759 eiusdem

167 4802 249 4852 nobis
263 4812 367 4852 nomen
382 4796 541 4863 propalans.
560 4797 620 4849 lloc
634 4797 695 4848 solo
709 4799 772 4848 loco
787 4799 908 4847 citantur
924 4777 1020 4858 nitho,
1038 4803 1150 4858 attacus,
1169 4793 1271 4861 ἐπάκη,
1287 4799 1366 4860 reru.
1384 4803 1492 4858 ttllllllt
