<?xml version="1.0" encoding="UTF-8"?>
<!DOCTYPE html PUBLIC "-//W3C//DTD XHTML 1.0 Transitional//EN"
    "http://www.w3.org/TR/xhtml1/DTD/xhtml1-transitional.dtd">
<html xmlns="http://www.w3.org/1999/xhtml" xml:lang="en" lang="en">
 <head>
  <title>
</title>
<meta http-equiv="Content-Type" content="text/html;charset=utf-8" />
  <meta name='ocr-system' content='tesseract 3.04.00' />
  <meta name='ocr-capabilities' content='ocr_page ocr_carea ocr_par ocr_line ocrx_word'/>
</head>
<body>
  <div class='ocr_page' id='page_1' title='image "./commentariusine00hummgoog_0191.png"; bbox 0 0 3534 5384; ppageno 0'>
   <div class='ocr_carea' id='block_1_1' title="bbox 226 429 1072 519">
    <p class='ocr_par' dir='ltr' id='par_1_1' title="bbox 226 429 1072 519">
     <span class='ocr_line' id='line_1_1' title="bbox 226 429 1072 519; baseline -0.046 -8"><span class='ocrx_word' id='word_1_1' title='bbox 226 459 285 519; x_wconf 79' lang='lat'>180</span> <span class='ocrx_word' id='word_1_2' title='bbox 716 443 755 488; x_wconf 77' lang='lat' dir='ltr'>EX</span> <span class='ocrx_word' id='word_1_3' title='bbox 777 435 912 484; x_wconf 71' lang='lat' dir='ltr'>laureto</span> <span class='ocrx_word' id='word_1_4' title='bbox 934 431 966 477; x_wconf 82' lang='lat' dir='ltr'>tu</span> <span class='ocrx_word' id='word_1_5' title='bbox 988 429 1072 474; x_wconf 70' lang='lat' dir='ltr'>alum</span> 
     </span>
    </p>
   </div>
   <div class='ocr_carea' id='block_1_2' title="bbox 225 545 1615 2728">
    <p class='ocr_par' dir='ltr' id='par_1_2' title="bbox 225 545 1615 2728">
     <span class='ocr_line' id='line_1_2' title="bbox 225 545 1557 697; baseline -0.053 -20"><span class='ocrx_word' id='word_1_6' title='bbox 225 604 330 697; x_wconf 75' lang='lat' dir='ltr'>(Gai.)</span> <span class='ocrx_word' id='word_1_7' title='bbox 343 596 504 668; x_wconf 89' lang='lat' dir='ltr'>stationes</span> <span class='ocrx_word' id='word_1_8' title='bbox 519 585 659 676; x_wconf 79' lang='lat' dir='ltr'>llaphca</span> <span class='ocrx_word' id='word_1_9' title='bbox 673 585 706 648; x_wconf 87' lang='lat' dir='ltr'>at</span> <span class='ocrx_word' id='word_1_10' title='bbox 723 576 804 644; x_wconf 77' lang='lat' dir='ltr'>Alus</span> <span class='ocrx_word' id='word_1_11' title='bbox 819 611 864 622; x_wconf 90' lang='lat'>—</span> <span class='ocrx_word' id='word_1_12' title='bbox 881 595 898 632; x_wconf 85' lang='grc' dir='ltr'>ιι</span> <span class='ocrx_word' id='word_1_13' title='bbox 914 568 1014 633; x_wconf 74' lang='lat' dir='ltr'>iccata</span> <span class='ocrx_word' id='word_1_14' title='bbox 1032 578 1222 629; x_wconf 80' lang='lat' dir='ltr'>sermonem</span> <span class='ocrx_word' id='word_1_15' title='bbox 1233 550 1374 620; x_wconf 79' lang='lat' dir='ltr'>Donzini</span> <span class='ocrx_word' id='word_1_16' title='bbox 1389 577 1424 633; x_wconf 91' lang='lat'>»,</span> <span class='ocrx_word' id='word_1_17' title='bbox 1441 584 1485 597; x_wconf 89' lang='lat'><em>-</em></span> <span class='ocrx_word' id='word_1_18' title='bbox 1497 545 1557 634; x_wconf 89' lang='lat' dir='ltr'>qui</span> 
     </span>
     <span class='ocr_line' id='line_1_3' title="bbox 226 655 1558 805; baseline -0.05 -22"><span class='ocrx_word' id='word_1_19' title='bbox 226 719 305 805; x_wconf 84' lang='lat' dir='ltr'>apte</span> <span class='ocrx_word' id='word_1_20' title='bbox 322 711 359 775; x_wconf 94' lang='lat' dir='ltr'>h.</span> <span class='ocrx_word' id='word_1_21' title='bbox 387 704 411 770; x_wconf 94' lang='lat' dir='ltr'>l.</span> <span class='ocrx_word' id='word_1_22' title='bbox 435 692 588 780; x_wconf 78' lang='lat' dir='ltr'>intelligi</span> <span class='ocrx_word' id='word_1_23' title='bbox 610 691 720 780; x_wconf 92' lang='lat' dir='ltr'>potest</span> <span class='ocrx_word' id='word_1_24' title='bbox 738 681 901 750; x_wconf 86' lang='lat' dir='ltr'>columna</span> <span class='ocrx_word' id='word_1_25' title='bbox 924 671 1041 750; x_wconf 81' lang='lat' dir='ltr'>aubia,</span> <span class='ocrx_word' id='word_1_26' title='bbox 1064 687 1146 734; x_wconf 89' lang='lat' dir='ltr'>nam</span> <span class='ocrx_word' id='word_1_27' title='bbox 1167 691 1182 725; x_wconf 92' lang='grc' dir='ltr'>ιι</span> <span class='ocrx_word' id='word_1_28' title='bbox 1206 682 1318 728; x_wconf 91' lang='lat' dir='ltr'>sermo</span> <span class='ocrx_word' id='word_1_29' title='bbox 1340 655 1397 724; x_wconf 83' lang='lat' dir='ltr'>Dei</span> <span class='ocrx_word' id='word_1_30' title='bbox 1417 657 1558 721; x_wconf 84' lang='lat' dir='ltr'>vocatur</span> 
     </span>
     <span class='ocr_line' id='line_1_4' title="bbox 228 759 1561 896; baseline -0.053 -6"><span class='ocrx_word' id='word_1_31' title='bbox 228 839 329 891; x_wconf 90' lang='lat' dir='ltr'>omne</span> <span class='ocrx_word' id='word_1_32' title='bbox 358 814 514 896; x_wconf 87' lang='lat' dir='ltr'>signum,</span> <span class='ocrx_word' id='word_1_33' title='bbox 539 821 609 890; x_wconf 90' lang='lat' dir='ltr'>quo</span> <span class='ocrx_word' id='word_1_34' title='bbox 635 801 722 862; x_wconf 84' lang='lat' dir='ltr'>Deus</span> <span class='ocrx_word' id='word_1_35' title='bbox 742 788 950 855; x_wconf 87' lang='lat' dir='ltr'>voluntatem</span> <span class='ocrx_word' id='word_1_36' title='bbox 975 797 1072 845; x_wconf 88' lang='lat' dir='ltr'>suam</span> <span class='ocrx_word' id='word_1_37' title='bbox 1103 768 1298 840; x_wconf 88' lang='lat' dir='ltr'>manifestat</span> <span class='ocrx_word' id='word_1_38' title='bbox 1323 792 1338 826; x_wconf 87' lang='grc' dir='ltr'>ιι</span> <span class='ocrx_word' id='word_1_39' title='bbox 1367 759 1493 852; x_wconf 67' lang='lat' dir='ltr'>(Sala.)</span> <span class='ocrx_word' id='word_1_40' title='bbox 1516 794 1561 809; x_wconf 86' lang='lat'><em>-</em></span> 
     </span>
     <span class='ocr_line' id='line_1_5' title="bbox 230 863 1615 994; baseline -0.049 -2"><span class='ocrx_word' id='word_1_41' title='bbox 230 957 248 992; x_wconf 86' lang='grc' dir='ltr'>ιι</span> <span class='ocrx_word' id='word_1_42' title='bbox 274 909 505 994; x_wconf 83' lang='lat' dir='ltr'>castrametati</span> <span class='ocrx_word' id='word_1_43' title='bbox 525 917 605 973; x_wconf 79' lang='lat' dir='ltr'>sarit</span> <span class='ocrx_word' id='word_1_44' title='bbox 630 901 668 967; x_wconf 85' lang='grc' dir='ltr'>ιἰι</span> <span class='ocrx_word' id='word_1_45' title='bbox 693 891 895 988; x_wconf 75' lang='lat' dir='ltr'>Rephidim,</span> <span class='ocrx_word' id='word_1_46' title='bbox 917 885 1065 954; x_wconf 83' lang='lat' dir='ltr'>abinea</span> <span class='ocrx_word' id='word_1_47' title='bbox 1095 889 1168 946; x_wconf 82' lang='lat' dir='ltr'>erat</span> <span class='ocrx_word' id='word_1_48' title='bbox 1191 895 1284 964; x_wconf 79' lang='lat' dir='ltr'>aqua</span> <span class='ocrx_word' id='word_1_49' title='bbox 1307 868 1354 938; x_wconf 87' lang='lat' dir='ltr'>ad</span> <span class='ocrx_word' id='word_1_50' title='bbox 1377 863 1560 934; x_wconf 74' lang='lat' dir='ltr'>bibemlum</span> <span class='ocrx_word' id='word_1_51' title='bbox 1612 901 1615 908; x_wconf 89' lang='lat'><em>.</em></span> 
     </span>
     <span class='ocr_line' id='line_1_6' title="bbox 230 977 1560 1127; baseline -0.05 -27"><span class='ocrx_word' id='word_1_52' title='bbox 230 1029 359 1127; x_wconf 83' lang='lat' dir='ltr'>popula</span> <span class='ocrx_word' id='word_1_53' title='bbox 376 1055 405 1093; x_wconf 90' lang='grc' dir='ltr'>ιι.</span> <span class='ocrx_word' id='word_1_54' title='bbox 420 1045 452 1088; x_wconf 91' lang='lat' dir='ltr'>v.</span> <span class='ocrx_word' id='word_1_55' title='bbox 468 1027 490 1086; x_wconf 74' lang='lat'><strong>2</strong></span> <span class='ocrx_word' id='word_1_56' title='bbox 506 1043 522 1078; x_wconf 84' lang='grc' dir='ltr'>ιι</span> <span class='ocrx_word' id='word_1_57' title='bbox 542 1010 782 1095; x_wconf 77' lang='lat' dir='ltr'>Quiiurqatus</span> <span class='ocrx_word' id='word_1_58' title='bbox 802 1010 921 1068; x_wconf 82' lang='lat' dir='ltr'>contra</span> <span class='ocrx_word' id='word_1_59' title='bbox 934 995 1076 1079; x_wconf 75' lang='lat' dir='ltr'>Moysen</span> <span class='ocrx_word' id='word_1_60' title='bbox 1090 985 1142 1053; x_wconf 89' lang='lat' dir='ltr'>ait</span> <span class='ocrx_word' id='word_1_61' title='bbox 1153 1005 1166 1051; x_wconf 89' lang='lat'>.·</span> <span class='ocrx_word' id='word_1_62' title='bbox 1180 985 1232 1048; x_wconf 83' lang='lat' dir='ltr'>Da</span> <span class='ocrx_word' id='word_1_63' title='bbox 1246 977 1342 1047; x_wconf 82' lang='lat' dir='ltr'>uobis</span> <span class='ocrx_word' id='word_1_64' title='bbox 1359 994 1503 1062; x_wconf 78' lang='lat' dir='ltr'>aquam,</span> <span class='ocrx_word' id='word_1_65' title='bbox 1523 981 1560 1035; x_wconf 89' lang='grc' dir='ltr'>ιιι</span> 
     </span>
     <span class='ocr_line' id='line_1_7' title="bbox 233 1081 1561 1211; baseline -0.052 -2"><span class='ocrx_word' id='word_1_66' title='bbox 233 1142 397 1210; x_wconf 83' lang='lat' dir='ltr'>bibamus.</span> <span class='ocrx_word' id='word_1_67' title='bbox 422 1124 551 1211; x_wconf 79' lang='lat' dir='ltr'>Quibus</span> <span class='ocrx_word' id='word_1_68' title='bbox 570 1111 749 1206; x_wconf 79' lang='lat' dir='ltr'>respoudit</span> <span class='ocrx_word' id='word_1_69' title='bbox 765 1111 899 1195; x_wconf 76' lang='lat' dir='ltr'>Moyses</span> <span class='ocrx_word' id='word_1_70' title='bbox 916 1122 927 1167; x_wconf 92' lang='lat'><em>:</em></span> <span class='ocrx_word' id='word_1_71' title='bbox 952 1094 1047 1179; x_wconf 85' lang='lat' dir='ltr'>Quid</span> <span class='ocrx_word' id='word_1_72' title='bbox 1061 1086 1255 1180; x_wconf 72' lang='lat' dir='ltr'>torqueunt</span> <span class='ocrx_word' id='word_1_73' title='bbox 1270 1095 1389 1152; x_wconf 78' lang='lat' dir='ltr'>contra</span> <span class='ocrx_word' id='word_1_74' title='bbox 1404 1081 1481 1147; x_wconf 78' lang='lat' dir='ltr'>aze?</span> <span class='ocrx_word' id='word_1_75' title='bbox 1501 1099 1561 1143; x_wconf 86' lang='lat' dir='ltr'>cur</span> 
     </span>
     <span class='ocr_line' id='line_1_8' title="bbox 233 1191 1561 1318; baseline -0.053 0"><span class='ocrx_word' id='word_1_76' title='bbox 233 1242 371 1318; x_wconf 81' lang='lat' dir='ltr'>tentatis</span> <span class='ocrx_word' id='word_1_77' title='bbox 386 1228 595 1305; x_wconf 82' lang='lat' dir='ltr'>Dominum?</span> <span class='ocrx_word' id='word_1_78' title='bbox 605 1251 621 1285; x_wconf 89' lang='grc' dir='ltr'>ιι</span> <span class='ocrx_word' id='word_1_79' title='bbox 634 1217 796 1299; x_wconf 83' lang='lat' dir='ltr'>Querelae</span> <span class='ocrx_word' id='word_1_80' title='bbox 804 1214 937 1278; x_wconf 89' lang='lat' dir='ltr'>vestrae</span> <span class='ocrx_word' id='word_1_81' title='bbox 948 1224 1020 1272; x_wconf 94' lang='lat' dir='ltr'>non</span> <span class='ocrx_word' id='word_1_82' title='bbox 1030 1207 1101 1268; x_wconf 89' lang='lat' dir='ltr'>tam</span> <span class='ocrx_word' id='word_1_83' title='bbox 1112 1191 1151 1264; x_wconf 86' lang='lat' dir='ltr'>in</span> <span class='ocrx_word' id='word_1_84' title='bbox 1161 1217 1216 1262; x_wconf 88' lang='lat' dir='ltr'>me</span> <span class='ocrx_word' id='word_1_85' title='bbox 1232 1191 1443 1278; x_wconf 85' lang='lat' dir='ltr'>diriguntur,</span> <span class='ocrx_word' id='word_1_86' title='bbox 1456 1204 1561 1276; x_wconf 90' lang='lat' dir='ltr'>quam</span> 
     </span>
     <span class='ocr_line' id='line_1_9' title="bbox 232 1288 1563 1442; baseline -0.053 -19"><span class='ocrx_word' id='word_1_87' title='bbox 232 1357 269 1424; x_wconf 91' lang='lat' dir='ltr'>in</span> <span class='ocrx_word' id='word_1_88' title='bbox 283 1354 396 1442; x_wconf 91' lang='lat' dir='ltr'>ipsum</span> <span class='ocrx_word' id='word_1_89' title='bbox 414 1348 533 1410; x_wconf 88' lang='lat' dir='ltr'>Deum.</span> <span class='ocrx_word' id='word_1_90' title='bbox 556 1360 573 1394; x_wconf 93' lang='lat'>«</span> <span class='ocrx_word' id='word_1_91' title='bbox 594 1334 704 1407; x_wconf 84' lang='lat' dir='ltr'><strong>Quare</strong></span> <span class='ocrx_word' id='word_1_92' title='bbox 722 1329 829 1390; x_wconf 85' lang='lat' dir='ltr'>Deum</span> <span class='ocrx_word' id='word_1_93' title='bbox 845 1308 1036 1406; x_wconf 86' lang='lat' dir='ltr'>provocatis</span> <span class='ocrx_word' id='word_1_94' title='bbox 1056 1305 1099 1373; x_wconf 89' lang='lat' dir='ltr'>ad</span> <span class='ocrx_word' id='word_1_95' title='bbox 1114 1298 1346 1378; x_wconf 79' lang='lat' dir='ltr'>iracundiam,</span> <span class='ocrx_word' id='word_1_96' title='bbox 1368 1299 1402 1361; x_wconf 87' lang='lat' dir='ltr'>et</span> <span class='ocrx_word' id='word_1_97' title='bbox 1421 1313 1481 1358; x_wconf 90' lang='lat' dir='ltr'>cur</span> <span class='ocrx_word' id='word_1_98' title='bbox 1495 1288 1563 1355; x_wconf 93' lang='lat' dir='ltr'>dif-</span> 
     </span>
     <span class='ocr_line' id='line_1_10' title="bbox 234 1393 1566 1530; baseline -0.053 -1"><span class='ocrx_word' id='word_1_99' title='bbox 234 1462 286 1530; x_wconf 84' lang='lat' dir='ltr'>fisi</span> <span class='ocrx_word' id='word_1_100' title='bbox 297 1458 341 1526; x_wconf 89' lang='lat' dir='ltr'>de</span> <span class='ocrx_word' id='word_1_101' title='bbox 351 1451 467 1521; x_wconf 87' lang='lat' dir='ltr'>divino</span> <span class='ocrx_word' id='word_1_102' title='bbox 482 1445 599 1510; x_wconf 88' lang='lat' dir='ltr'>favore</span> <span class='ocrx_word' id='word_1_103' title='bbox 614 1440 649 1501; x_wconf 88' lang='lat' dir='ltr'>ct</span> <span class='ocrx_word' id='word_1_104' title='bbox 663 1427 807 1509; x_wconf 83' lang='lat' dir='ltr'>auxilio,</span> <span class='ocrx_word' id='word_1_105' title='bbox 825 1419 921 1513; x_wconf 92' lang='lat' dir='ltr'>quod</span> <span class='ocrx_word' id='word_1_106' title='bbox 937 1415 1039 1486; x_wconf 88' lang='lat' dir='ltr'>toties</span> <span class='ocrx_word' id='word_1_107' title='bbox 1056 1411 1134 1479; x_wconf 89' lang='lat' dir='ltr'>estis</span> <span class='ocrx_word' id='word_1_108' title='bbox 1147 1405 1295 1497; x_wconf 87' lang='lat' dir='ltr'>experti,</span> <span class='ocrx_word' id='word_1_109' title='bbox 1312 1420 1449 1469; x_wconf 89' lang='lat' dir='ltr'>rursum</span> <span class='ocrx_word' id='word_1_110' title='bbox 1462 1393 1566 1462; x_wconf 90' lang='lat' dir='ltr'>vultis</span> 
     </span>
     <span class='ocr_line' id='line_1_11' title="bbox 235 1503 1566 1662; baseline -0.053 -26"><span class='ocrx_word' id='word_1_111' title='bbox 235 1589 298 1662; x_wconf 87' lang='lat' dir='ltr'>per</span> <span class='ocrx_word' id='word_1_112' title='bbox 311 1550 557 1652; x_wconf 81' lang='lat' dir='ltr'>experientiam</span> <span class='ocrx_word' id='word_1_113' title='bbox 577 1557 799 1630; x_wconf 75' lang='lat' dir='ltr'>cognoscere,</span> <span class='ocrx_word' id='word_1_114' title='bbox 815 1551 861 1598; x_wconf 92' lang='lat' dir='ltr'>an</span> <span class='ocrx_word' id='word_1_115' title='bbox 876 1533 965 1595; x_wconf 87' lang='lat' dir='ltr'>Deus</span> <span class='ocrx_word' id='word_1_116' title='bbox 978 1524 1014 1588; x_wconf 90' lang='lat' dir='ltr'>in</span> <span class='ocrx_word' id='word_1_117' title='bbox 1027 1517 1126 1586; x_wconf 85' lang='lat' dir='ltr'>vobis</span> <span class='ocrx_word' id='word_1_118' title='bbox 1144 1514 1203 1596; x_wconf 84' lang='lat' dir='ltr'>sit,</span> <span class='ocrx_word' id='word_1_119' title='bbox 1219 1531 1298 1579; x_wconf 93' lang='lat' dir='ltr'>cum</span> <span class='ocrx_word' id='word_1_120' title='bbox 1313 1503 1484 1575; x_wconf 71' lang='lat' dir='ltr'>deberetis</span> <span class='ocrx_word' id='word_1_121' title='bbox 1496 1522 1566 1568; x_wconf 92' lang='lat' dir='ltr'>non</span> 
     </span>
     <span class='ocr_line' id='line_1_12' title="bbox 236 1611 1563 1744; baseline -0.054 -2"><span class='ocrx_word' id='word_1_122' title='bbox 236 1659 504 1744; x_wconf 89' lang='lat' dir='ltr'>murmurando,</span> <span class='ocrx_word' id='word_1_123' title='bbox 520 1651 580 1721; x_wconf 90' lang='lat' dir='ltr'>sed</span> <span class='ocrx_word' id='word_1_124' title='bbox 595 1643 724 1718; x_wconf 90' lang='lat' dir='ltr'>orando</span> <span class='ocrx_word' id='word_1_125' title='bbox 744 1647 777 1708; x_wconf 86' lang='lat' dir='ltr'>et</span> <span class='ocrx_word' id='word_1_126' title='bbox 795 1636 942 1704; x_wconf 86' lang='lat' dir='ltr'>firmiter</span> <span class='ocrx_word' id='word_1_127' title='bbox 953 1623 1125 1720; x_wconf 90' lang='lat' dir='ltr'>sperando</span> <span class='ocrx_word' id='word_1_128' title='bbox 1145 1621 1187 1688; x_wconf 92' lang='lat' dir='ltr'>ad</span> <span class='ocrx_word' id='word_1_129' title='bbox 1207 1624 1313 1687; x_wconf 86' lang='lat' dir='ltr'>Deum</span> <span class='ocrx_word' id='word_1_130' title='bbox 1334 1611 1563 1682; x_wconf 71' lang='lat' dir='ltr'>recurreret»</span> 
     </span>
     <span class='ocr_line' id='line_1_13' title="bbox 239 1721 1566 1874; baseline -0.053 -26"><span class='ocrx_word' id='word_1_131' title='bbox 239 1774 377 1874; x_wconf 73' lang='lat' dir='ltr'>(Syia).</span> <span class='ocrx_word' id='word_1_132' title='bbox 399 1793 432 1837; x_wconf 85' lang='lat' dir='ltr'>v.</span> <span class='ocrx_word' id='word_1_133' title='bbox 458 1773 477 1833; x_wconf 88' lang='lat'><strong>3</strong></span> <span class='ocrx_word' id='word_1_134' title='bbox 497 1791 514 1826; x_wconf 90' lang='grc' dir='ltr'>ιι</span> <span class='ocrx_word' id='word_1_135' title='bbox 537 1754 655 1828; x_wconf 84' lang='lat' dir='ltr'>Sitivit</span> <span class='ocrx_word' id='word_1_136' title='bbox 670 1771 751 1839; x_wconf 74' lang='lat' dir='ltr'>erqo</span> <span class='ocrx_word' id='word_1_137' title='bbox 769 1744 818 1812; x_wconf 88' lang='lat' dir='ltr'>ibi</span> <span class='ocrx_word' id='word_1_138' title='bbox 831 1737 987 1832; x_wconf 81' lang='lat' dir='ltr'>papulus</span> <span class='ocrx_word' id='word_1_139' title='bbox 1000 1755 1087 1826; x_wconf 81' lang='lat' dir='ltr'>prae</span> <span class='ocrx_word' id='word_1_140' title='bbox 1103 1750 1213 1815; x_wconf 77' lang='lat' dir='ltr'>aqiiae</span> <span class='ocrx_word' id='word_1_141' title='bbox 1230 1721 1400 1816; x_wconf 76' lang='lat' dir='ltr'>pancerio,</span> <span class='ocrx_word' id='word_1_142' title='bbox 1417 1728 1449 1785; x_wconf 91' lang='lat' dir='ltr'>ct</span> <span class='ocrx_word' id='word_1_143' title='bbox 1472 1735 1566 1783; x_wconf 83' lang='lat' dir='ltr'>mur-</span> 
     </span>
     <span class='ocr_line' id='line_1_14' title="bbox 239 1827 1566 1958; baseline -0.055 0"><span class='ocrx_word' id='word_1_144' title='bbox 239 1882 387 1958; x_wconf 82' lang='lat' dir='ltr'>muravit</span> <span class='ocrx_word' id='word_1_145' title='bbox 406 1883 525 1944; x_wconf 83' lang='lat' dir='ltr'>contra</span> <span class='ocrx_word' id='word_1_146' title='bbox 548 1867 689 1953; x_wconf 78' lang='lat' dir='ltr'>Moysen</span> <span class='ocrx_word' id='word_1_147' title='bbox 708 1854 824 1922; x_wconf 78' lang='lat' dir='ltr'>diceas</span> <span class='ocrx_word' id='word_1_148' title='bbox 845 1869 858 1914; x_wconf 91' lang='lat'>.·</span> <span class='ocrx_word' id='word_1_149' title='bbox 878 1850 947 1916; x_wconf 73' lang='lat' dir='ltr'>Cui·</span> <span class='ocrx_word' id='word_1_150' title='bbox 962 1838 1078 1932; x_wconf 82' lang='lat' dir='ltr'>fecisti</span> <span class='ocrx_word' id='word_1_151' title='bbox 1098 1857 1158 1906; x_wconf 82' lang='lat' dir='ltr'>uos</span> <span class='ocrx_word' id='word_1_152' title='bbox 1173 1832 1266 1900; x_wconf 81' lang='lat' dir='ltr'>eaire</span> <span class='ocrx_word' id='word_1_153' title='bbox 1281 1827 1322 1896; x_wconf 86' lang='lat' dir='ltr'>dc</span> <span class='ocrx_word' id='word_1_154' title='bbox 1336 1830 1508 1915; x_wconf 75' lang='lat' dir='ltr'>Aepypta,</span> <span class='ocrx_word' id='word_1_155' title='bbox 1528 1833 1566 1886; x_wconf 86' lang='lat' dir='ltr'>ut</span> 
     </span>
     <span class='ocr_line' id='line_1_15' title="bbox 240 1926 1568 2066; baseline -0.06 -2"><span class='ocrx_word' id='word_1_156' title='bbox 240 1991 408 2066; x_wconf 82' lang='lat' dir='ltr'>occideres</span> <span class='ocrx_word' id='word_1_157' title='bbox 431 2002 492 2048; x_wconf 85' lang='lat' dir='ltr'>uos</span> <span class='ocrx_word' id='word_1_158' title='bbox 516 1985 547 2042; x_wconf 89' lang='lat' dir='ltr'>ct</span> <span class='ocrx_word' id='word_1_159' title='bbox 571 1968 695 2039; x_wconf 85' lang='lat' dir='ltr'>liberos</span> <span class='ocrx_word' id='word_1_160' title='bbox 715 1972 848 2029; x_wconf 83' lang='lat' dir='ltr'>nostros</span> <span class='ocrx_word' id='word_1_161' title='bbox 871 1976 912 2021; x_wconf 87' lang='lat' dir='ltr'>ac</span> <span class='ocrx_word' id='word_1_162' title='bbox 939 1949 1096 2017; x_wconf 84' lang='lat' dir='ltr'>iumenta</span> <span class='ocrx_word' id='word_1_163' title='bbox 1119 1941 1201 2009; x_wconf 82' lang='lat' dir='ltr'>siti?</span> <span class='ocrx_word' id='word_1_164' title='bbox 1227 1965 1243 2000; x_wconf 91' lang='grc' dir='ltr'>ιι</span> <span class='ocrx_word' id='word_1_165' title='bbox 1267 1959 1301 2004; x_wconf 89' lang='lat' dir='ltr'>v.</span> <span class='ocrx_word' id='word_1_166' title='bbox 1321 1941 1340 2001; x_wconf 78' lang='lat' dir='ltr'>b</span> <span class='ocrx_word' id='word_1_167' title='bbox 1357 1961 1374 1996; x_wconf 90' lang='grc' dir='ltr'>ιι</span> <span class='ocrx_word' id='word_1_168' title='bbox 1401 1926 1568 2000; x_wconf 78' lang='lat' dir='ltr'>Clamavit</span> 
     </span>
     <span class='ocr_line' id='line_1_16' title="bbox 240 2035 1568 2178; baseline -0.056 -6"><span class='ocrx_word' id='word_1_169' title='bbox 240 2114 355 2174; x_wconf 85' lang='lat' dir='ltr'>autem</span> <span class='ocrx_word' id='word_1_170' title='bbox 382 2095 516 2178; x_wconf 74' lang='lat' dir='ltr'>Moyses</span> <span class='ocrx_word' id='word_1_171' title='bbox 538 2077 585 2148; x_wconf 87' lang='lat' dir='ltr'>ud</span> <span class='ocrx_word' id='word_1_172' title='bbox 612 2071 800 2142; x_wconf 79' lang='lat' dir='ltr'>Dominum</span> <span class='ocrx_word' id='word_1_173' title='bbox 829 2061 944 2129; x_wconf 84' lang='lat' dir='ltr'>diceus</span> <span class='ocrx_word' id='word_1_174' title='bbox 964 2078 977 2122; x_wconf 92' lang='lat'>.·</span> <span class='ocrx_word' id='word_1_175' title='bbox 1008 2049 1101 2137; x_wconf 84' lang='lat' dir='ltr'>Quid</span> <span class='ocrx_word' id='word_1_176' title='bbox 1117 2046 1249 2138; x_wconf 67' lang='lat' dir='ltr'>faciam</span> <span class='ocrx_word' id='word_1_177' title='bbox 1272 2040 1401 2134; x_wconf 81' lang='lat' dir='ltr'>populo</span> <span class='ocrx_word' id='word_1_178' title='bbox 1423 2035 1526 2104; x_wconf 71' lang='lat' dir='ltr'>braic?</span> <span class='ocrx_word' id='word_1_179' title='bbox 1552 2061 1568 2094; x_wconf 88' lang='grc' dir='ltr'>ιι</span> 
     </span>
     <span class='ocr_line' id='line_1_17' title="bbox 243 2140 1573 2285; baseline -0.053 -9"><span class='ocrx_word' id='word_1_180' title='bbox 243 2239 261 2275; x_wconf 92' lang='grc' dir='ltr'>ιι</span> <span class='ocrx_word' id='word_1_181' title='bbox 285 2196 459 2285; x_wconf 85' lang='lat' dir='ltr'>Quomodo</span> <span class='ocrx_word' id='word_1_182' title='bbox 478 2193 598 2282; x_wconf 84' lang='lat' dir='ltr'>potero</span> <span class='ocrx_word' id='word_1_183' title='bbox 608 2178 801 2248; x_wconf 79' lang='lat' dir='ltr'>satisfacere</span> <span class='ocrx_word' id='word_1_184' title='bbox 815 2164 975 2259; x_wconf 88' lang='lat' dir='ltr'>petitioni</span> <span class='ocrx_word' id='word_1_185' title='bbox 990 2159 1083 2229; x_wconf 80' lang='lat' dir='ltr'>eius?</span> <span class='ocrx_word' id='word_1_186' title='bbox 1100 2185 1116 2218; x_wconf 89' lang='grc' dir='ltr'>ιι</span> <span class='ocrx_word' id='word_1_187' title='bbox 1135 2152 1267 2245; x_wconf 65' lang='lat' dir='ltr'>(Tusa).</span> <span class='ocrx_word' id='word_1_188' title='bbox 1285 2153 1436 2216; x_wconf 80' lang='lat' dir='ltr'>Fortasse</span> <span class='ocrx_word' id='word_1_189' title='bbox 1449 2140 1573 2210; x_wconf 88' lang='lat' dir='ltr'>melius</span> 
     </span>
     <span class='ocr_line' id='line_1_18' title="bbox 242 2245 1572 2406; baseline -0.054 -22"><span class='ocrx_word' id='word_1_190' title='bbox 242 2306 434 2406; x_wconf 78' lang='lat' dir='ltr'>generatim</span> <span class='ocrx_word' id='word_1_191' title='bbox 456 2322 464 2368; x_wconf 91' lang='lat'>:</span> <span class='ocrx_word' id='word_1_192' title='bbox 485 2292 570 2374; x_wconf 82' lang='lat' dir='ltr'>Quid</span> <span class='ocrx_word' id='word_1_193' title='bbox 589 2286 713 2356; x_wconf 87' lang='lat' dir='ltr'>faciam</span> <span class='ocrx_word' id='word_1_194' title='bbox 736 2281 895 2367; x_wconf 85' lang='lat' dir='ltr'>respectu</span> <span class='ocrx_word' id='word_1_195' title='bbox 919 2267 1040 2360; x_wconf 89' lang='lat' dir='ltr'>populi</span> <span class='ocrx_word' id='word_1_196' title='bbox 1058 2263 1177 2343; x_wconf 78' lang='lat' dir='ltr'>huius,</span> <span class='ocrx_word' id='word_1_197' title='bbox 1201 2253 1372 2346; x_wconf 86' lang='lat' dir='ltr'>imprimis</span> <span class='ocrx_word' id='word_1_198' title='bbox 1396 2257 1432 2319; x_wconf 93' lang='lat' dir='ltr'>ut</span> <span class='ocrx_word' id='word_1_199' title='bbox 1450 2271 1504 2316; x_wconf 91' lang='lat' dir='ltr'>me</span> <span class='ocrx_word' id='word_1_200' title='bbox 1528 2245 1572 2314; x_wconf 91' lang='lat' dir='ltr'>ab</span> 
     </span>
     <span class='ocr_line' id='line_1_19' title="bbox 244 2356 1614 2500; baseline -0.057 -9"><span class='ocrx_word' id='word_1_201' title='bbox 244 2422 317 2490; x_wconf 93' lang='lat' dir='ltr'>eius</span> <span class='ocrx_word' id='word_1_202' title='bbox 337 2402 596 2500; x_wconf 88' lang='lat' dir='ltr'>importunitate</span> <span class='ocrx_word' id='word_1_203' title='bbox 616 2386 821 2460; x_wconf 73' lang='lat' dir='ltr'>defendam?</span> <span class='ocrx_word' id='word_1_204' title='bbox 842 2408 859 2443; x_wconf 88' lang='grc' dir='ltr'>ιι</span> <span class='ocrx_word' id='word_1_205' title='bbox 880 2375 1002 2446; x_wconf 79' lang='lat' dir='ltr'>Adbicc</span> <span class='ocrx_word' id='word_1_206' title='bbox 1022 2367 1223 2462; x_wconf 67' lang='lat' dir='ltr'>praedulcem,</span> <span class='ocrx_word' id='word_1_207' title='bbox 1244 2375 1277 2429; x_wconf 90' lang='lat' dir='ltr'>et</span> <span class='ocrx_word' id='word_1_208' title='bbox 1298 2356 1468 2451; x_wconf 76' lang='lat' dir='ltr'>lapidabit</span> <span class='ocrx_word' id='word_1_209' title='bbox 1485 2376 1540 2420; x_wconf 86' lang='lat' dir='ltr'>me</span> <span class='ocrx_word' id='word_1_210' title='bbox 1554 2380 1570 2414; x_wconf 89' lang='grc' dir='ltr'>ιι</span> <span class='ocrx_word' id='word_1_211' title='bbox 1607 2372 1614 2386; x_wconf 63' lang='grc'><em>’</em></span> 
     </span>
     <span class='ocr_line' id='line_1_20' title="bbox 247 2459 1575 2619; baseline -0.053 -24"><span class='ocrx_word' id='word_1_212' title='bbox 247 2527 304 2619; x_wconf 86' lang='lat' dir='ltr'>(cf.</span> <span class='ocrx_word' id='word_1_213' title='bbox 322 2525 402 2606; x_wconf 59' lang='grc'>836</span> <span class='ocrx_word' id='word_1_214' title='bbox 421 2512 513 2602; x_wconf 63' lang='lat' dir='ltr'>[full.</span> <span class='ocrx_word' id='word_1_215' title='bbox 535 2534 551 2568; x_wconf 93' lang='grc' dir='ltr'>ιι</span> <span class='ocrx_word' id='word_1_216' title='bbox 578 2503 612 2569; x_wconf 88' lang='lat' dir='ltr'>Si</span> <span class='ocrx_word' id='word_1_217' title='bbox 632 2495 809 2566; x_wconf 88' lang='lat' dir='ltr'>modicum</span> <span class='ocrx_word' id='word_1_218' title='bbox 828 2480 995 2575; x_wconf 89' lang='lat' dir='ltr'>temporis</span> <span class='ocrx_word' id='word_1_219' title='bbox 1018 2478 1168 2544; x_wconf 90' lang='lat' dir='ltr'>transeat</span> <span class='ocrx_word' id='word_1_220' title='bbox 1188 2477 1222 2539; x_wconf 87' lang='lat' dir='ltr'>et</span> <span class='ocrx_word' id='word_1_221' title='bbox 1243 2469 1290 2537; x_wconf 90' lang='lat' dir='ltr'>eis</span> <span class='ocrx_word' id='word_1_222' title='bbox 1308 2488 1381 2534; x_wconf 94' lang='lat' dir='ltr'>non</span> <span class='ocrx_word' id='word_1_223' title='bbox 1404 2463 1464 2545; x_wconf 86' lang='lat' dir='ltr'>do,</span> <span class='ocrx_word' id='word_1_224' title='bbox 1482 2459 1575 2550; x_wconf 90' lang='lat' dir='ltr'>quod</span> 
     </span>
     <span class='ocr_line' id='line_1_21' title="bbox 245 2569 1576 2728; baseline -0.055 -26"><span class='ocrx_word' id='word_1_225' title='bbox 245 2634 385 2728; x_wconf 89' lang='lat' dir='ltr'>petunt,</span> <span class='ocrx_word' id='word_1_226' title='bbox 406 2610 614 2710; x_wconf 88' lang='lat' dir='ltr'>lapidabunt</span> <span class='ocrx_word' id='word_1_227' title='bbox 628 2626 683 2672; x_wconf 91' lang='lat' dir='ltr'>me</span> <span class='ocrx_word' id='word_1_228' title='bbox 706 2632 721 2660; x_wconf 78' lang='grc' dir='ltr'>ιι</span> <span class='ocrx_word' id='word_1_229' title='bbox 741 2591 875 2688; x_wconf 67' lang='lat' dir='ltr'>(Tusa).</span> <span class='ocrx_word' id='word_1_230' title='bbox 889 2613 922 2657; x_wconf 88' lang='lat' dir='ltr'>v.</span> <span class='ocrx_word' id='word_1_231' title='bbox 940 2596 960 2658; x_wconf 90' lang='lat'>5</span> <span class='ocrx_word' id='word_1_232' title='bbox 984 2615 999 2647; x_wconf 87' lang='grc' dir='ltr'>ιι</span> <span class='ocrx_word' id='word_1_233' title='bbox 1020 2586 1065 2651; x_wconf 88' lang='grc' dir='ltr'>Ει</span> <span class='ocrx_word' id='word_1_234' title='bbox 1080 2580 1131 2648; x_wconf 89' lang='lat' dir='ltr'>ait</span> <span class='ocrx_word' id='word_1_235' title='bbox 1154 2575 1322 2646; x_wconf 78' lang='lat' dir='ltr'>Dorriiuus</span> <span class='ocrx_word' id='word_1_236' title='bbox 1343 2569 1390 2640; x_wconf 86' lang='lat' dir='ltr'>ad</span> <span class='ocrx_word' id='word_1_237' title='bbox 1408 2573 1576 2657; x_wconf 78' lang='lat' dir='ltr'>Moysen:</span> 
     </span>
    </p>
   </div>
   <div class='ocr_carea' id='block_1_3' title="bbox 247 2672 1579 2892">
    <p class='ocr_par' dir='ltr' id='par_1_3' title="bbox 247 2672 1579 2892">
     <span class='ocr_line' id='line_1_22' title="bbox 247 2672 1579 2817; baseline -0.056 -7"><span class='ocrx_word' id='word_1_238' title='bbox 247 2731 417 2810; x_wconf 81' lang='lat' dir='ltr'>Antecede</span> <span class='ocrx_word' id='word_1_239' title='bbox 430 2719 599 2817; x_wconf 83' lang='lat' dir='ltr'>populum</span> <span class='ocrx_word' id='word_1_240' title='bbox 621 2742 658 2794; x_wconf 86' lang='grc' dir='ltr'>ιι,</span> <span class='ocrx_word' id='word_1_241' title='bbox 677 2747 722 2760; x_wconf 92' lang='grc'>-</span> <span class='ocrx_word' id='word_1_242' title='bbox 741 2705 843 2772; x_wconf 78' lang='grc' dir='ltr'><em>Ηιὸι.</em></span> <span class='ocrx_word' id='word_1_243' title='bbox 861 2721 874 2764; x_wconf 90' lang='grc'>.·</span> <span class='ocrx_word' id='word_1_244' title='bbox 890 2692 999 2764; x_wconf 75' lang='lat' dir='ltr'>bauai</span> <span class='ocrx_word' id='word_1_245' title='bbox 1018 2701 1097 2758; x_wconf 85' lang='lat' dir='ltr'>aute</span> <span class='ocrx_word' id='word_1_246' title='bbox 1112 2684 1244 2778; x_wconf 78' lang='lat' dir='ltr'>faciem</span> <span class='ocrx_word' id='word_1_247' title='bbox 1257 2677 1399 2773; x_wconf 69' lang='lat' dir='ltr'>pepedi,</span> <span class='ocrx_word' id='word_1_248' title='bbox 1421 2673 1515 2767; x_wconf 91' lang='lat' dir='ltr'>quod</span> <span class='ocrx_word' id='word_1_249' title='bbox 1529 2672 1579 2738; x_wconf 90' lang='lat' dir='ltr'>in·</span> 
     </span>
     <span class='ocr_line' id='line_1_23' title="bbox 536 2781 1578 2892; baseline -0.046 -1"><span class='ocrx_word' id='word_1_250' title='bbox 536 2825 560 2892; x_wconf 88' lang='lat' dir='ltr'>i.</span> <span class='ocrx_word' id='word_1_251' title='bbox 592 2822 676 2887; x_wconf 90' lang='lat' dir='ltr'>:Ne</span> <span class='ocrx_word' id='word_1_252' title='bbox 699 2813 836 2890; x_wconf 86' lang='lat' dir='ltr'>timeas,</span> <span class='ocrx_word' id='word_1_253' title='bbox 863 2824 934 2872; x_wconf 92' lang='lat' dir='ltr'>non</span> <span class='ocrx_word' id='word_1_254' title='bbox 964 2806 997 2867; x_wconf 90' lang='lat' dir='ltr'>te</span> <span class='ocrx_word' id='word_1_255' title='bbox 1016 2793 1234 2887; x_wconf 88' lang='lat' dir='ltr'>lapidabunt.</span> <span class='ocrx_word' id='word_1_256' title='bbox 1266 2786 1334 2854; x_wconf 88' lang='lat' dir='ltr'>Sed</span> <span class='ocrx_word' id='word_1_257' title='bbox 1366 2781 1501 2852; x_wconf 83' lang='lat' dir='ltr'>facilior</span> <span class='ocrx_word' id='word_1_258' title='bbox 1528 2782 1578 2846; x_wconf 89' lang='lat' dir='ltr'>est</span> 
     </span>
    </p>
   </div>
   <div class='ocr_carea' id='block_1_4' title="bbox 250 3036 1580 3365">
    <p class='ocr_par' dir='ltr' id='par_1_4' title="bbox 250 3036 1580 3365">
     <span class='ocr_line' id='line_1_24' title="bbox 251 3036 882 3148; baseline -0.073 -18"><span class='ocrx_word' id='word_1_259' title='bbox 251 3076 371 3148; x_wconf 92' lang='lat' dir='ltr'>rupem</span> <span class='ocrx_word' id='word_1_260' title='bbox 388 3049 487 3117; x_wconf 90' lang='lat' dir='ltr'>illam</span> <span class='ocrx_word' id='word_1_261' title='bbox 506 3079 550 3093; x_wconf 93' lang='lat'>-</span> <span class='ocrx_word' id='word_1_262' title='bbox 566 3065 583 3099; x_wconf 89' lang='grc' dir='ltr'>ιι</span> <span class='ocrx_word' id='word_1_263' title='bbox 604 3044 637 3101; x_wconf 84' lang='lat' dir='ltr'>et</span> <span class='ocrx_word' id='word_1_264' title='bbox 654 3049 750 3097; x_wconf 72' lang='lat' dir='ltr'>sitriae</span> <span class='ocrx_word' id='word_1_265' title='bbox 770 3036 882 3088; x_wconf 82' lang='lat' dir='ltr'>tecum</span> 
     </span>
     <span class='ocr_line' id='line_1_25' title="bbox 251 3096 1580 3234; baseline -0.055 1"><span class='ocrx_word' id='word_1_266' title='bbox 251 3156 512 3234; x_wconf 87' lang='lat' dir='ltr'>toritatistestes</span> <span class='ocrx_word' id='word_1_267' title='bbox 534 3147 669 3212; x_wconf 89' lang='lat' dir='ltr'>futuros</span> <span class='ocrx_word' id='word_1_268' title='bbox 691 3126 850 3200; x_wconf 88' lang='lat' dir='ltr'>miraculi</span> <span class='ocrx_word' id='word_1_269' title='bbox 872 3119 1010 3213; x_wconf 80' lang='lat' dir='ltr'>(fast.);</span> <span class='ocrx_word' id='word_1_270' title='bbox 1037 3145 1053 3178; x_wconf 93' lang='grc' dir='ltr'>ιι</span> <span class='ocrx_word' id='word_1_271' title='bbox 1075 3126 1106 3182; x_wconf 87' lang='lat' dir='ltr'>ct</span> <span class='ocrx_word' id='word_1_272' title='bbox 1124 3111 1277 3198; x_wconf 40' lang='lat' dir='ltr'>stirpam,</span> <span class='ocrx_word' id='word_1_273' title='bbox 1298 3125 1370 3196; x_wconf 79' lang='lat' dir='ltr'>qua</span> <span class='ocrx_word' id='word_1_274' title='bbox 1380 3096 1580 3193; x_wconf 78' lang='lat' dir='ltr'>percussisti</span> 
     </span>
     <span class='ocr_line' id='line_1_26' title="bbox 250 3203 1580 3365; baseline -0.047 -34"><span class='ocrx_word' id='word_1_275' title='bbox 250 3269 397 3365; x_wconf 73' lang='lat' dir='ltr'>fluvium</span> <span class='ocrx_word' id='word_1_276' title='bbox 418 3288 434 3322; x_wconf 88' lang='grc' dir='ltr'>ιι</span> <span class='ocrx_word' id='word_1_277' title='bbox 451 3255 565 3325; x_wconf 90' lang='lat' dir='ltr'>Nilum</span> <span class='ocrx_word' id='word_1_278' title='bbox 590 3249 696 3336; x_wconf 63' lang='lat' dir='ltr'>(7,st</span> <span class='ocrx_word' id='word_1_279' title='bbox 718 3238 793 3326; x_wconf 56' lang='grc' dir='ltr'><em>ιθ),</em></span> <span class='ocrx_word' id='word_1_280' title='bbox 815 3260 831 3295; x_wconf 89' lang='grc' dir='ltr'>ιι</span> <span class='ocrx_word' id='word_1_281' title='bbox 849 3229 929 3297; x_wconf 85' lang='lat' dir='ltr'>tolle</span> <span class='ocrx_word' id='word_1_282' title='bbox 949 3228 986 3294; x_wconf 86' lang='lat' dir='ltr'>iu</span> <span class='ocrx_word' id='word_1_283' title='bbox 1001 3244 1108 3290; x_wconf 81' lang='lat' dir='ltr'>mauu</span> <span class='ocrx_word' id='word_1_284' title='bbox 1127 3232 1204 3300; x_wconf 84' lang='lat' dir='ltr'>tua,</span> <span class='ocrx_word' id='word_1_285' title='bbox 1221 3226 1254 3282; x_wconf 88' lang='lat' dir='ltr'>ct</span> <span class='ocrx_word' id='word_1_286' title='bbox 1274 3209 1360 3280; x_wconf 87' lang='lat' dir='ltr'>vade</span> <span class='ocrx_word' id='word_1_287' title='bbox 1383 3236 1411 3277; x_wconf 89' lang='lat'>».</span> <span class='ocrx_word' id='word_1_288' title='bbox 1427 3234 1443 3269; x_wconf 88' lang='grc' dir='ltr'>ιι</span> <span class='ocrx_word' id='word_1_289' title='bbox 1460 3203 1580 3290; x_wconf 84' lang='lat' dir='ltr'>Virga,</span> 
     </span>
    </p>
   </div>
   <div class='ocr_carea' id='block_1_5' title="bbox 251 3314 1588 4203">
    <p class='ocr_par' dir='ltr' id='par_1_5' title="bbox 251 3314 1588 4203">
     <span class='ocr_line' id='line_1_27' title="bbox 254 3314 1583 3470; baseline -0.055 -24"><span class='ocrx_word' id='word_1_290' title='bbox 254 3398 343 3470; x_wconf 90' lang='lat' dir='ltr'>quae</span> <span class='ocrx_word' id='word_1_291' title='bbox 359 3373 493 3440; x_wconf 88' lang='lat' dir='ltr'>tantum</span> <span class='ocrx_word' id='word_1_292' title='bbox 507 3361 635 3426; x_wconf 87' lang='lat' dir='ltr'>flumen</span> <span class='ocrx_word' id='word_1_293' title='bbox 653 3349 691 3416; x_wconf 94' lang='lat' dir='ltr'>in</span> <span class='ocrx_word' id='word_1_294' title='bbox 709 3341 916 3428; x_wconf 89' lang='lat' dir='ltr'>sanguinem</span> <span class='ocrx_word' id='word_1_295' title='bbox 930 3324 1189 3400; x_wconf 82' lang='lat' dir='ltr'>transformavit</span> <span class='ocrx_word' id='word_1_296' title='bbox 1208 3319 1334 3388; x_wconf 88' lang='lat' dir='ltr'>virtute</span> <span class='ocrx_word' id='word_1_297' title='bbox 1349 3314 1482 3396; x_wconf 88' lang='lat' dir='ltr'>divina,</span> <span class='ocrx_word' id='word_1_298' title='bbox 1500 3330 1583 3400; x_wconf 80' lang='lat' dir='ltr'>quo</span> 
     </span>
     <span class='ocr_line' id='line_1_28' title="bbox 254 3414 1585 3561; baseline -0.055 -8"><span class='ocrx_word' id='word_1_299' title='bbox 254 3481 356 3554; x_wconf 92' lang='lat' dir='ltr'>modo</span> <span class='ocrx_word' id='word_1_300' title='bbox 376 3495 445 3543; x_wconf 93' lang='lat' dir='ltr'>non</span> <span class='ocrx_word' id='word_1_301' title='bbox 456 3466 593 3561; x_wconf 86' lang='lat' dir='ltr'>poterat</span> <span class='ocrx_word' id='word_1_302' title='bbox 608 3458 732 3526; x_wconf 91' lang='lat' dir='ltr'>elicere</span> <span class='ocrx_word' id='word_1_303' title='bbox 745 3465 871 3538; x_wconf 90' lang='lat' dir='ltr'>aquam</span> <span class='ocrx_word' id='word_1_304' title='bbox 890 3464 930 3509; x_wconf 82' lang='lat' dir='ltr'>ea</span> <span class='ocrx_word' id='word_1_305' title='bbox 948 3441 1013 3507; x_wconf 85' lang='lat' dir='ltr'>hac</span> <span class='ocrx_word' id='word_1_306' title='bbox 1031 3433 1152 3526; x_wconf 82' lang='lat' dir='ltr'>petra?</span> <span class='ocrx_word' id='word_1_307' title='bbox 1169 3457 1186 3493; x_wconf 92' lang='grc' dir='ltr'>ιι</span> <span class='ocrx_word' id='word_1_308' title='bbox 1203 3423 1346 3518; x_wconf 73' lang='lat' dir='ltr'>(Prae).</span> <span class='ocrx_word' id='word_1_309' title='bbox 1370 3424 1447 3488; x_wconf 89' lang='lat' dir='ltr'>Post</span> <span class='ocrx_word' id='word_1_310' title='bbox 1461 3414 1585 3486; x_wconf 88' lang='lat' dir='ltr'>transi·</span> 
     </span>
     <span class='ocr_line' id='line_1_29' title="bbox 251 3520 1584 3660; baseline -0.056 0"><span class='ocrx_word' id='word_1_311' title='bbox 251 3600 326 3660; x_wconf 90' lang='lat' dir='ltr'>tum</span> <span class='ocrx_word' id='word_1_312' title='bbox 354 3579 449 3651; x_wconf 86' lang='lat' dir='ltr'>llaris</span> <span class='ocrx_word' id='word_1_313' title='bbox 468 3568 574 3642; x_wconf 85' lang='lat' dir='ltr'>Rubri</span> <span class='ocrx_word' id='word_1_314' title='bbox 595 3586 667 3632; x_wconf 89' lang='lat' dir='ltr'>non</span> <span class='ocrx_word' id='word_1_315' title='bbox 687 3554 851 3627; x_wconf 85' lang='lat' dir='ltr'>scribitur</span> <span class='ocrx_word' id='word_1_316' title='bbox 881 3544 1076 3616; x_wconf 89' lang='lat' dir='ltr'>adhibuisse</span> <span class='ocrx_word' id='word_1_317' title='bbox 1101 3558 1178 3605; x_wconf 89' lang='lat' dir='ltr'>eam</span> <span class='ocrx_word' id='word_1_318' title='bbox 1202 3533 1335 3623; x_wconf 74' lang='lat' dir='ltr'>m&#39;rpum</span> <span class='ocrx_word' id='word_1_319' title='bbox 1356 3533 1496 3614; x_wconf 60' lang='lat' dir='ltr'>Moyses</span> <span class='ocrx_word' id='word_1_320' title='bbox 1518 3520 1584 3589; x_wconf 86' lang='lat' dir='ltr'>nisi</span> 
     </span>
     <span class='ocr_line' id='line_1_30' title="bbox 255 3611 1588 3767; baseline -0.056 -2"><span class='ocrx_word' id='word_1_321' title='bbox 255 3702 292 3767; x_wconf 94' lang='lat' dir='ltr'>h.</span> <span class='ocrx_word' id='word_1_322' title='bbox 311 3695 335 3761; x_wconf 91' lang='lat' dir='ltr'>l.</span> <span class='ocrx_word' id='word_1_323' title='bbox 357 3697 391 3757; x_wconf 88' lang='lat' dir='ltr'>et</span> <span class='ocrx_word' id='word_1_324' title='bbox 410 3688 447 3752; x_wconf 91' lang='lat' dir='ltr'>in</span> <span class='ocrx_word' id='word_1_325' title='bbox 462 3674 660 3748; x_wconf 88' lang='lat' dir='ltr'>narratione</span> <span class='ocrx_word' id='word_1_326' title='bbox 674 3664 756 3733; x_wconf 91' lang='lat' dir='ltr'>huic</span> <span class='ocrx_word' id='word_1_327' title='bbox 771 3656 948 3728; x_wconf 90' lang='lat' dir='ltr'>simillima</span> <span class='ocrx_word' id='word_1_328' title='bbox 966 3656 1064 3718; x_wconf 89' lang='lat' dir='ltr'>Num.</span> <span class='ocrx_word' id='word_1_329' title='bbox 1087 3651 1147 3725; x_wconf 65' lang='lat'>20;</span> <span class='ocrx_word' id='word_1_330' title='bbox 1170 3640 1233 3710; x_wconf 89' lang='lat' dir='ltr'>ubi</span> <span class='ocrx_word' id='word_1_331' title='bbox 1247 3639 1349 3706; x_wconf 86' lang='lat' dir='ltr'>etiam</span> <span class='ocrx_word' id='word_1_332' title='bbox 1364 3657 1383 3701; x_wconf 87' lang='lat' dir='ltr'>e</span> <span class='ocrx_word' id='word_1_333' title='bbox 1397 3655 1430 3700; x_wconf 87' lang='lat' dir='ltr'>v.</span> <span class='ocrx_word' id='word_1_334' title='bbox 1452 3611 1588 3698; x_wconf 43' lang='lat' dir='ltr'>aeonia</span> 
     </span>
     <span class='ocr_line' id='line_1_31' title="bbox 257 3741 1583 3894; baseline -0.055 -23"><span class='ocrx_word' id='word_1_335' title='bbox 257 3805 364 3894; x_wconf 83' lang='lat' dir='ltr'>gitur,</span> <span class='ocrx_word' id='word_1_336' title='bbox 380 3795 515 3879; x_wconf 85' lang='lat' dir='ltr'>virgam</span> <span class='ocrx_word' id='word_1_337' title='bbox 530 3791 605 3850; x_wconf 92' lang='lat' dir='ltr'>tum</span> <span class='ocrx_word' id='word_1_338' title='bbox 621 3797 692 3844; x_wconf 92' lang='lat' dir='ltr'>non</span> <span class='ocrx_word' id='word_1_339' title='bbox 705 3771 776 3839; x_wconf 85' lang='lat' dir='ltr'>iarn</span> <span class='ocrx_word' id='word_1_340' title='bbox 790 3767 827 3834; x_wconf 90' lang='lat' dir='ltr'>in</span> <span class='ocrx_word' id='word_1_341' title='bbox 846 3759 965 3849; x_wconf 73' lang='lat' dir='ltr'>Moysis</span> <span class='ocrx_word' id='word_1_342' title='bbox 984 3751 1145 3824; x_wconf 90' lang='lat' dir='ltr'>manibus</span> <span class='ocrx_word' id='word_1_343' title='bbox 1161 3748 1283 3828; x_wconf 85' lang='lat' dir='ltr'>fuisse,</span> <span class='ocrx_word' id='word_1_344' title='bbox 1304 3741 1364 3811; x_wconf 87' lang='lat' dir='ltr'>sed</span> <span class='ocrx_word' id='word_1_345' title='bbox 1379 3741 1583 3806; x_wconf 84' lang='lat' dir='ltr'>asservatam</span> 
     </span>
     <span class='ocr_line' id='line_1_32' title="bbox 257 3838 1587 3979; baseline -0.057 0"><span class='ocrx_word' id='word_1_346' title='bbox 257 3931 330 3979; x_wconf 88' lang='lat' dir='ltr'>esse</span> <span class='ocrx_word' id='word_1_347' title='bbox 346 3920 463 3972; x_wconf 87' lang='lat' dir='ltr'>coram</span> <span class='ocrx_word' id='word_1_348' title='bbox 478 3893 597 3968; x_wconf 80' lang='lat' dir='ltr'>lahve,</span> <span class='ocrx_word' id='word_1_349' title='bbox 619 3884 643 3950; x_wconf 93' lang='lat' dir='ltr'>i.</span> <span class='ocrx_word' id='word_1_350' title='bbox 666 3903 696 3948; x_wconf 91' lang='lat' dir='ltr'>e.</span> <span class='ocrx_word' id='word_1_351' title='bbox 718 3877 755 3944; x_wconf 91' lang='lat' dir='ltr'>iu</span> <span class='ocrx_word' id='word_1_352' title='bbox 774 3865 968 3942; x_wconf 86' lang='lat' dir='ltr'>sanctuario</span> <span class='ocrx_word' id='word_1_353' title='bbox 984 3863 1041 3952; x_wconf 89' lang='lat' dir='ltr'>(cf.</span> <span class='ocrx_word' id='word_1_354' title='bbox 1062 3863 1119 3926; x_wconf 81' lang='lat' dir='ltr'>Ex.</span> <span class='ocrx_word' id='word_1_355' title='bbox 1143 3852 1270 3940; x_wconf 82' lang='lat'>17‚33).</span> <span class='ocrx_word' id='word_1_356' title='bbox 1293 3847 1436 3915; x_wconf 87' lang='lat' dir='ltr'>Videtur</span> <span class='ocrx_word' id='word_1_357' title='bbox 1450 3865 1491 3912; x_wconf 86' lang='lat' dir='ltr'>ca</span> <span class='ocrx_word' id='word_1_358' title='bbox 1509 3838 1587 3908; x_wconf 87' lang='lat' dir='ltr'>solis</span> 
     </span>
     <span class='ocr_line' id='line_1_33' title="bbox 258 3944 1587 4099; baseline -0.057 -13"><span class='ocrx_word' id='word_1_359' title='bbox 258 4011 358 4086; x_wconf 83' lang='lat' dir='ltr'>exodi</span> <span class='ocrx_word' id='word_1_360' title='bbox 376 3999 543 4099; x_wconf 88' lang='lat' dir='ltr'>portentis</span> <span class='ocrx_word' id='word_1_361' title='bbox 562 3984 752 4060; x_wconf 83' lang='lat' dir='ltr'>efficiendis</span> <span class='ocrx_word' id='word_1_362' title='bbox 775 4003 795 4048; x_wconf 87' lang='lat' dir='ltr'>a</span> <span class='ocrx_word' id='word_1_363' title='bbox 815 3983 883 4046; x_wconf 84' lang='lat' dir='ltr'>Deo</span> <span class='ocrx_word' id='word_1_364' title='bbox 910 3993 981 4040; x_wconf 86' lang='lat' dir='ltr'>esse</span> <span class='ocrx_word' id='word_1_365' title='bbox 1001 3967 1182 4056; x_wconf 85' lang='lat' dir='ltr'>deputata,</span> <span class='ocrx_word' id='word_1_366' title='bbox 1202 3965 1344 4046; x_wconf 88' lang='lat' dir='ltr'>eratque</span> <span class='ocrx_word' id='word_1_367' title='bbox 1363 3947 1509 4037; x_wconf 89' lang='lat' dir='ltr'>insignis</span> <span class='ocrx_word' id='word_1_368' title='bbox 1530 3944 1587 4012; x_wconf 84' lang='lat' dir='ltr'>llei</span> 
     </span>
     <span class='ocr_line' id='line_1_34' title="bbox 258 4053 1588 4203; baseline -0.056 -12"><span class='ocrx_word' id='word_1_369' title='bbox 258 4125 367 4201; x_wconf 81' lang='lat' dir='ltr'>favor,</span> <span class='ocrx_word' id='word_1_370' title='bbox 384 4112 512 4203; x_wconf 90' lang='lat' dir='ltr'>quique</span> <span class='ocrx_word' id='word_1_371' title='bbox 528 4101 669 4195; x_wconf 89' lang='lat' dir='ltr'>plenam</span> <span class='ocrx_word' id='word_1_372' title='bbox 688 4096 722 4159; x_wconf 90' lang='lat' dir='ltr'>et</span> <span class='ocrx_word' id='word_1_373' title='bbox 743 4084 859 4174; x_wconf 83' lang='lat' dir='ltr'>lloysis</span> <span class='ocrx_word' id='word_1_374' title='bbox 879 4085 912 4147; x_wconf 88' lang='lat' dir='ltr'>et</span> <span class='ocrx_word' id='word_1_375' title='bbox 928 4071 1050 4168; x_wconf 92' lang='lat' dir='ltr'>populi</span> <span class='ocrx_word' id='word_1_376' title='bbox 1070 4071 1259 4138; x_wconf 86' lang='lat' dir='ltr'>mereretur</span> <span class='ocrx_word' id='word_1_377' title='bbox 1274 4058 1453 4139; x_wconf 89' lang='lat' dir='ltr'>fiduciam,</span> <span class='ocrx_word' id='word_1_378' title='bbox 1471 4059 1509 4120; x_wconf 91' lang='lat' dir='ltr'>ut</span> <span class='ocrx_word' id='word_1_379' title='bbox 1522 4053 1588 4118; x_wconf 86' lang='lat' dir='ltr'>hac</span> 
     </span>
    </p>
   </div>
   <div class='ocr_carea' id='block_1_6' title="bbox 259 4162 1590 4404">
    <p class='ocr_par' dir='ltr' id='par_1_6' title="bbox 259 4162 1590 4404">
     <span class='ocr_line' id='line_1_35' title="bbox 259 4162 1588 4314; baseline -0.057 -17"><span class='ocrx_word' id='word_1_380' title='bbox 259 4230 359 4314; x_wconf 83' lang='lat' dir='ltr'>virga</span> <span class='ocrx_word' id='word_1_381' title='bbox 377 4234 513 4288; x_wconf 90' lang='lat' dir='ltr'>rursum</span> <span class='ocrx_word' id='word_1_382' title='bbox 532 4211 607 4301; x_wconf 80' lang='lat' dir='ltr'>post</span> <span class='ocrx_word' id='word_1_383' title='bbox 627 4197 773 4270; x_wconf 84' lang='lat' dir='ltr'>exodum</span> <span class='ocrx_word' id='word_1_384' title='bbox 791 4184 1049 4283; x_wconf 87' lang='lat' dir='ltr'>permitteretur</span> <span class='ocrx_word' id='word_1_385' title='bbox 1070 4175 1122 4243; x_wconf 86' lang='lat' dir='ltr'>uti</span> <span class='ocrx_word' id='word_1_386' title='bbox 1143 4178 1283 4260; x_wconf 82' lang='lat' dir='ltr'>bfoyses.</span> <span class='ocrx_word' id='word_1_387' title='bbox 1309 4190 1342 4234; x_wconf 85' lang='lat' dir='ltr'>v.</span> <span class='ocrx_word' id='word_1_388' title='bbox 1370 4170 1390 4231; x_wconf 88' lang='grc'><strong>6</strong></span> <span class='ocrx_word' id='word_1_389' title='bbox 1414 4190 1431 4226; x_wconf 88' lang='grc' dir='ltr'>ιι</span> <span class='ocrx_word' id='word_1_390' title='bbox 1454 4162 1509 4228; x_wconf 83' lang='grc' dir='ltr'>Ειι</span> <span class='ocrx_word' id='word_1_391' title='bbox 1524 4180 1588 4246; x_wconf 73' lang='lat' dir='ltr'>eqo</span> 
     </span>
     <span class='ocr_line' id='line_1_36' title="bbox 260 4267 1590 4404; baseline -0.056 0"><span class='ocrx_word' id='word_1_392' title='bbox 260 4336 355 4404; x_wconf 83' lang='lat' dir='ltr'>stabo</span> <span class='ocrx_word' id='word_1_393' title='bbox 375 4325 424 4394; x_wconf 83' lang='lat' dir='ltr'>ibi</span> <span class='ocrx_word' id='word_1_394' title='bbox 441 4341 555 4390; x_wconf 86' lang='lat' dir='ltr'>coram</span> <span class='ocrx_word' id='word_1_395' title='bbox 570 4326 602 4378; x_wconf 84' lang='lat' dir='ltr'>te</span> <span class='ocrx_word' id='word_1_396' title='bbox 620 4326 725 4398; x_wconf 84' lang='lat' dir='ltr'>supro</span> <span class='ocrx_word' id='word_1_397' title='bbox 741 4311 877 4392; x_wconf 84' lang='lat' dir='ltr'>petram</span> <span class='ocrx_word' id='word_1_398' title='bbox 897 4320 913 4356; x_wconf 88' lang='grc' dir='ltr'>ιι</span> <span class='ocrx_word' id='word_1_399' title='bbox 934 4289 971 4357; x_wconf 84' lang='lat' dir='ltr'>ia</span> <span class='ocrx_word' id='word_1_400' title='bbox 990 4316 1005 4348; x_wconf 85' lang='grc' dir='ltr'>ιι</span> <span class='ocrx_word' id='word_1_401' title='bbox 1023 4283 1133 4352; x_wconf 85' lang='lat' dir='ltr'>Horeb</span> <span class='ocrx_word' id='word_1_402' title='bbox 1158 4307 1188 4347; x_wconf 89' lang='grc' dir='ltr'>ιι.</span> <span class='ocrx_word' id='word_1_403' title='bbox 1211 4277 1258 4344; x_wconf 84' lang='lat' dir='ltr'>Cf.</span> <span class='ocrx_word' id='word_1_404' title='bbox 1282 4293 1371 4365; x_wconf 88' lang='lat' dir='ltr'>quae</span> <span class='ocrx_word' id='word_1_405' title='bbox 1390 4267 1590 4337; x_wconf 87' lang='lat' dir='ltr'>dicebamus</span> 
     </span>
    </p>
   </div>
   <div class='ocr_carea' id='block_1_7' title="bbox 261 4376 1589 4518">
    <p class='ocr_par' dir='ltr' id='par_1_7' title="bbox 261 4376 1589 4518">
     <span class='ocr_line' id='line_1_37' title="bbox 261 4376 1589 4518; baseline -0.058 -7"><span class='ocrx_word' id='word_1_406' title='bbox 261 4442 306 4512; x_wconf 89' lang='lat' dir='ltr'>ad</span> <span class='ocrx_word' id='word_1_407' title='bbox 327 4443 398 4518; x_wconf 82' lang='lat' dir='ltr'>3‚t.</span> <span class='ocrx_word' id='word_1_408' title='bbox 417 4461 433 4493; x_wconf 88' lang='grc' dir='ltr'>ιι</span> <span class='ocrx_word' id='word_1_409' title='bbox 457 4431 531 4495; x_wconf 88' lang='lat' dir='ltr'>Non</span> <span class='ocrx_word' id='word_1_410' title='bbox 544 4420 635 4489; x_wconf 87' lang='lat' dir='ltr'>solua</span> <span class='ocrx_word' id='word_1_411' title='bbox 658 4418 692 4480; x_wconf 88' lang='lat' dir='ltr'>et</span> <span class='ocrx_word' id='word_1_412' title='bbox 714 4405 897 4476; x_wconf 88' lang='lat' dir='ltr'>destitutus</span> <span class='ocrx_word' id='word_1_413' title='bbox 911 4396 978 4466; x_wconf 88' lang='lat' dir='ltr'>eris</span> <span class='ocrx_word' id='word_1_414' title='bbox 997 4416 1005 4461; x_wconf 76' lang='grc' dir='ltr'><strong><em>ε</em></strong></span> <span class='ocrx_word' id='word_1_415' title='bbox 1027 4412 1092 4478; x_wconf 88' lang='lat' dir='ltr'>ego</span> <span class='ocrx_word' id='word_1_416' title='bbox 1107 4387 1211 4455; x_wconf 91' lang='lat' dir='ltr'>adero</span> <span class='ocrx_word' id='word_1_417' title='bbox 1232 4411 1247 4446; x_wconf 90' lang='grc' dir='ltr'>ιι</span> <span class='ocrx_word' id='word_1_418' title='bbox 1267 4378 1410 4472; x_wconf 71' lang='lat' dir='ltr'>(Prae).</span> <span class='ocrx_word' id='word_1_419' title='bbox 1433 4403 1449 4437; x_wconf 91' lang='grc' dir='ltr'>ιι</span> <span class='ocrx_word' id='word_1_420' title='bbox 1465 4376 1589 4441; x_wconf 83' lang='lat' dir='ltr'>Perea-</span> 
     </span>
    </p>
   </div>
   <div class='ocr_carea' id='block_1_8' title="bbox 260 4477 1589 4749">
    <p class='ocr_par' dir='ltr' id='par_1_8' title="bbox 260 4477 1589 4749">
     <span class='ocr_line' id='line_1_38' title="bbox 260 4477 1589 4636; baseline -0.058 -19"><span class='ocrx_word' id='word_1_421' title='bbox 260 4550 388 4636; x_wconf 84' lang='lat' dir='ltr'>ticsqac</span> <span class='ocrx_word' id='word_1_422' title='bbox 400 4547 555 4629; x_wconf 85' lang='lat' dir='ltr'>petram,</span> <span class='ocrx_word' id='word_1_423' title='bbox 576 4537 609 4592; x_wconf 88' lang='lat' dir='ltr'>et</span> <span class='ocrx_word' id='word_1_424' title='bbox 627 4517 734 4589; x_wconf 74' lang='lat' dir='ltr'>exitu</span> <span class='ocrx_word' id='word_1_425' title='bbox 752 4536 794 4581; x_wconf 80' lang='lat' dir='ltr'>ea</span> <span class='ocrx_word' id='word_1_426' title='bbox 813 4533 853 4578; x_wconf 86' lang='lat' dir='ltr'>ea</span> <span class='ocrx_word' id='word_1_427' title='bbox 873 4525 984 4597; x_wconf 83' lang='lat' dir='ltr'>aqua,</span> <span class='ocrx_word' id='word_1_428' title='bbox 1003 4511 1042 4566; x_wconf 86' lang='lat' dir='ltr'>ut</span> <span class='ocrx_word' id='word_1_429' title='bbox 1061 4494 1152 4562; x_wconf 86' lang='lat' dir='ltr'>bibat</span> <span class='ocrx_word' id='word_1_430' title='bbox 1162 4487 1317 4582; x_wconf 79' lang='lat' dir='ltr'>papulus</span> <span class='ocrx_word' id='word_1_431' title='bbox 1335 4513 1363 4552; x_wconf 80' lang='lat' dir='ltr'>s.</span> <span class='ocrx_word' id='word_1_432' title='bbox 1382 4489 1445 4551; x_wconf 87' lang='lat' dir='ltr'>Pro</span> <span class='ocrx_word' id='word_1_433' title='bbox 1459 4489 1496 4547; x_wconf 87' lang='grc' dir='ltr'>ιιι</span> <span class='ocrx_word' id='word_1_434' title='bbox 1512 4477 1589 4545; x_wconf 86' lang='lat' dir='ltr'>reli-</span> 
     </span>
     <span class='ocr_line' id='line_1_39' title="bbox 261 4582 1589 4749; baseline -0.058 -26"><span class='ocrx_word' id='word_1_435' title='bbox 261 4653 382 4749; x_wconf 88' lang='lat' dir='ltr'>quiet.</span> <span class='ocrx_word' id='word_1_436' title='bbox 399 4642 467 4714; x_wconf 87' lang='lat' dir='ltr'>Sed</span> <span class='ocrx_word' id='word_1_437' title='bbox 489 4639 628 4706; x_wconf 86' lang='lat' dir='ltr'>fortasse</span> <span class='ocrx_word' id='word_1_438' title='bbox 653 4621 801 4693; x_wconf 79' lang='lat' dir='ltr'>feliciter</span> <span class='ocrx_word' id='word_1_439' title='bbox 823 4614 926 4684; x_wconf 85' lang='lat' dir='ltr'>vertit</span> <span class='ocrx_word' id='word_1_440' title='bbox 946 4605 1047 4694; x_wconf 74' lang='lat' dir='ltr'>Vulq.</span> <span class='ocrx_word' id='word_1_441' title='bbox 1064 4607 1182 4689; x_wconf 85' lang='lat' dir='ltr'>estque</span> <span class='ocrx_word' id='word_1_442' title='bbox 1197 4599 1234 4664; x_wconf 89' lang='lat' dir='ltr'>in</span> <span class='ocrx_word' id='word_1_443' title='bbox 1257 4597 1348 4662; x_wconf 85' lang='lat' dir='ltr'>textu</span> <span class='ocrx_word' id='word_1_444' title='bbox 1373 4587 1477 4670; x_wconf 84' lang='lat' dir='ltr'>illud,</span> <span class='ocrx_word' id='word_1_445' title='bbox 1495 4582 1589 4675; x_wconf 88' lang='lat' dir='ltr'>quod</span> 
     </span>
    </p>
   </div>
   <div class='ocr_carea' id='block_1_9' title="bbox 262 4689 1590 4959">
    <p class='ocr_par' dir='ltr' id='par_1_9' title="bbox 262 4689 1590 4959">
     <span class='ocr_line' id='line_1_40' title="bbox 262 4689 1589 4848; baseline -0.063 -16"><span class='ocrx_word' id='word_1_446' title='bbox 262 4752 419 4848; x_wconf 87' lang='lat' dir='ltr'>suggerit</span> <span class='ocrx_word' id='word_1_447' title='bbox 446 4751 554 4824; x_wconf 76' lang='lat' dir='ltr'>Tost,</span> <span class='ocrx_word' id='word_1_448' title='bbox 575 4737 777 4806; x_wconf 74' lang='lat' dir='ltr'>ettlnruram</span> <span class='ocrx_word' id='word_1_449' title='bbox 801 4745 872 4793; x_wconf 90' lang='lat' dir='ltr'>esse</span> <span class='ocrx_word' id='word_1_450' title='bbox 896 4734 1025 4807; x_wconf 90' lang='lat' dir='ltr'>aquam</span> <span class='ocrx_word' id='word_1_451' title='bbox 1045 4713 1194 4789; x_wconf 87' lang='lat' dir='ltr'>tantam,</span> <span class='ocrx_word' id='word_1_452' title='bbox 1218 4705 1348 4793; x_wconf 87' lang='lat' dir='ltr'>quanta</span> <span class='ocrx_word' id='word_1_453' title='bbox 1370 4719 1434 4787; x_wconf 89' lang='lat' dir='ltr'>pro</span> <span class='ocrx_word' id='word_1_454' title='bbox 1457 4689 1589 4784; x_wconf 86' lang='lat' dir='ltr'>populo</span> 
     </span>
     <span class='ocr_line' id='line_1_41' title="bbox 264 4807 1590 4959; baseline -0.058 -21"><span class='ocrx_word' id='word_1_455' title='bbox 264 4863 498 4959; x_wconf 84' lang='lat' dir='ltr'>gregibusque</span> <span class='ocrx_word' id='word_1_456' title='bbox 512 4845 758 4938; x_wconf 88' lang='lat' dir='ltr'>requireretur.</span> <span class='ocrx_word' id='word_1_457' title='bbox 776 4837 851 4901; x_wconf 91' lang='lat' dir='ltr'>Non</span> <span class='ocrx_word' id='word_1_458' title='bbox 868 4825 951 4894; x_wconf 86' lang='lat' dir='ltr'>dicit</span> <span class='ocrx_word' id='word_1_459' title='bbox 965 4822 1075 4888; x_wconf 84' lang='lat' dir='ltr'>textus</span> <span class='ocrx_word' id='word_1_460' title='bbox 1097 4818 1216 4882; x_wconf 87' lang='lat' dir='ltr'>natum</span> <span class='ocrx_word' id='word_1_461' title='bbox 1232 4830 1302 4877; x_wconf 90' lang='lat' dir='ltr'>esse</span> <span class='ocrx_word' id='word_1_462' title='bbox 1320 4807 1451 4873; x_wconf 91' lang='lat' dir='ltr'>fontem</span> <span class='ocrx_word' id='word_1_463' title='bbox 1467 4817 1590 4889; x_wconf 90' lang='lat' dir='ltr'>peren-</span> 
     </span>
    </p>
   </div>
   <div class='ocr_carea' id='block_1_10' title="bbox 0 0 1814 5384">
    <p class='ocr_par' dir='ltr' id='par_1_10' title="bbox 0 0 1814 5384">
     <span class='ocr_line' id='line_1_42' title="bbox 0 0 1814 5384; baseline 0 0"><span class='ocrx_word' id='word_1_464' title='bbox 0 0 1814 5384; x_wconf 95' lang='lat' dir='ltr'> </span> 
     </span>
    </p>
   </div>
  </div>
 </body>
</html>
