3534 5384
1454 397 1551 439 Ex.
1599 382 1738 450 40‚1
1787 397 1915 449 soe.
2905 391 3017 447 :353

358 539 640 603 pitiatorio
669 540 895 600 operta,
927 537 984 585 in
1012 535 1138 586 loco
1164 548 1267 586 suo
1297 536 1415 585 erat
1454 534 1756 593 collocata,
1789 535 1915 584 velo
1949 535 2277 599 interposito
2315 536 2385 585 ab
2415 536 2706 587 hominum
2733 539 3017 588 [statumina

358 627 767 678 removebatur.

446 768 511 815 v.
562 755 591 813 1
634 774 666 808 «
701 749 1130 833 Locutusque
1173 755 1268 811 est
1298 743 1631 810 Dominus
1661 742 1758 809 ad
1782 746 2068 831 Moyse-n
2118 742 2347 810 dicens·
2386 771 2418 805 »
2459 766 2472 811 :
2513 769 2576 811 v.
2620 752 2662 812 2
2708 776 2733 808 α
2781 752 3009 811 Ᾱῂ-ηψ

346 854 616 945 prinw,
632 852 872 943 prima
912 851 1023 918 die
1062 850 1310 917 mensis
1352 879 1412 932 »,
1460 878 1491 909 «
1537 871 1715 916 anno
1752 850 1841 916 ab
1880 872 2157 937 egressu
2195 872 2275 917 ex
2308 855 2618 941 Aegypto
2654 854 2797 919 fere
2838 879 3017 919 ῡνιιῃ-

357 960 567 1051 plet0‚
603 959 899 1049 demptis
924 956 1444 1047 quatuordeeim
1476 955 1719 1023 diebus
1753 984 1787 1017 »
1821 956 2147 1046 (Bonfr.),
2188 984 2219 1018 «
2250 958 2469 1047 eriqes
2500 961 3013 1027 taber-mirumne

358 1065 728 1134 testimonii
772 1094 831 1134 n.
868 1089 931 1131 v,
969 1073 1007 1132 3
1048 1093 1077 1126 «
1107 1066 1193 1129 Et
1209 1084 1426 1153 pones
1458 1062 1534 1127 in
1563 1085 1639 1128 eo
1670 1085 1937 1146 arcam,
1975 1062 2418 1154 dimittcsque
2461 1078 2622 1131 ante
2670 1065 2861 1131 iliam
2909 1095 3013 1131 Pth-

356 1173 497 1239 lum
530 1201 563 1235 n
601 1196 665 1239 v.
714 1180 752 1240 4.
801 1200 832 1233 «
882 1183 968 1255 et,
1006 1170 1208 1238 illata
1245 1191 1513 1249 mensa,
1544 1191 1757 1257 pones
1802 1192 2006 1258 super
2034 1193 2215 1256 eam,
2253 1193 2434 1258 quae
2481 1172 2610 1238 rite
2636 1191 3005 1263 praefinita

355 1291 517 1347 sunt
551 1308 611 1346 ».
649 1280 850 1346 Hebr.
893 1300 919 1343 .·
950 1278 1242 1344 instrues
1266 1271 1790 1342 ‘instructionem
1821 1275 1968 1341 eius
1978 1297 2008 1361 ,·
2036 1275 2223 1365 quod
2253 1282 2434 1343 recte
2465 1280 2649 1345 LXX
2675 1279 3013 1367 explicant

350 1409 685 1476 propones
715 1384 1263 1475 propositionem
1297 1382 1472 1468 eius,
1519 1381 2003 1472 propositionis
2030 1405 2244 1472 panes
2281 1382 2352 1448 in
2390 1405 2629 1451 mensa
2667 1384 3009 1475 dialis-,nnsezffi

363 1521 394 1556 «
436 1491 937 1560 Candelabrum
967 1491 1172 1556 stabit
1201 1511 1356 1556 cum
1396 1487 1691 1555 lucernis
1721 1488 1862 1554 suis
1898 1516 1958 1570 »,
1995 1512 2059 1554 v.
2107 1497 2144 1556 5
2181 1517 2212 1550 «
2246 1501 2312 1554 et
2337 1490 2558 1557 altare
2589 1514 2905 1571 aza-cusnani÷
2949 1497 3013 1556 in

358 1622 492 1688 quo
541 1598 857 1665 adoletur
910 1597 1297 1693 incensum,
1339 1617 1569 1661 coram
1621 1617 1786 1660 arca
1840 1595 2212 1661 testimonii
2266 1624 2323 1663 ».
2373 1596 2608 1664 Verbis
2652 1601 3021 1666 transitivis„

357 1706 556 1772 Hebr.
591 1704 900 1795 loquitur
929 1728 944 1772 :
982 1716 1044 1770 et
1066 1725 1277 1792 pones
1307 1702 1380 1767 in
1405 1724 1480 1769 eo
1509 1699 2033 1781 candelabrum,
2063 1715 2128 1768 et
2152 1701 2441 1769 elevabis
2473 1703 2821 1794 lampade-.-
2845 1711 3017 1783 suini-5

359 1824 424 1877 et
468 1810 834 1878 collocabis
863 1809 1086 1876 altare
1130 1822 1253 1876 etc.
1296 1836 1327 1869 «
1367 1807 1755 1874 Tentorium
1794 1808 1867 1874 in
1906 1806 2199 1874 introitu
2239 1811 2668 1877 tabernaculi
2703 1835 2913 1901 pesam·
2957 1847 3013 1883 n,

357 1940 422 1985 v.
474 1926 513 1984 6
558 1945 589 1978 «
624 1929 688 1983 et
716 1929 879 1983 ante
912 1916 1091 1983 illud
1126 1916 1346 1983 altare
1373 1913 1759 1982 holocausti
1794 1942 1824 1975 »
1852 1934 2100 2003 ponae,
2147 1926 2307 1981 ante
2345 1917 2592 1983 ostium
2636 1916 3017 1985 flabiam-uti

360 2023 785 2091 tabernaculi
833 2035 1243 2105 conventus;
1292 2045 1353 2087 v,
1403 2028 1443 2087 7
1487 2049 1519 2081 «
1570 2020 1832 2086 labrum
1876 2022 2055 2088 inter
2100 2021 2319 2089 altare
2357 2036 2424 2089 et
2473 2026 3009 2103 taberna-rutum,

362 2130 546 2221 quod
574 2129 886 2220 implebis
921 2152 1108 2219 aqua
1142 2157 1203 2195 ».
1250 2150 1314 2194 ν.
1351 2135 1390 2193 8
1446 2156 1474 2188 «
1524 2125 2130 2217 Circumdabisque
2159 2129 2417 2195 atrium
2459 2130 2769 2196 tentoriis·
2809 2147 2869 2195 my
2917 2135 3021 2195 in*

358 2260 664 2327 qressuin
698 2239 841 2303 eius
875 2265 935 2303 ».
978 2235 1084 2301 Cf..
1110 2235 1312 2301 Hebr.
1348 2257 1412 2299 v.
1454 2241 1493 2300 9
1534 2262 1565 2294 «
1601 2235 1691 2299 Et
1717 2248 2069 2324 assumpto
2111 2236 2451 2303 unctionis
2490 2235 2636 2303 oleo
2673 2261 2881 2327 unffi-2:
2917 2255 3015 2303 tes-

361 2342 803 2411 bemaculum
846 2364 1001 2408 cum
1052 2369 1083 2402 n
1121 2339 1434 2407 omnibus
1468 2366 1502 2401 α
1546 2340 1722 2407 vasis
1758 2341 1935 2425 suis,
1975 2353 2052 2406 ut
2097 2342 2614 2430 sanctificentur
2649 2372 2706 2410 ».
2745 2347 2945 2407 Hem.
2993 2371 3014 2411 ;

361 2464 424 2516 et
460 2449 915 2538 sanctificabis
956 2446 1140 2515 illud
1179 2470 1332 2513 cum
1374 2446 1689 2513 omnibus
1732 2448 1915 2513 vasis
1960 2447 2102 2513 suis
2115 2498 2137 2529 ,
2180 2461 2244 2513 et
2272 2462 2587 2515 sanctum
2626 2450 2777 2516 erit.
2829 2475 2885 2519 v.
2945 2459 3013 2515 Ιι]

364 2587 395 2617 «
438 2557 670 2624 Altare
694 2554 1076 2624 holocausti
1105 2566 1170 2620 et
1200 2554 1434 2620 omnia
1466 2576 1626 2620 casa
1657 2553 1806 2620 eius
1839 2582 1869 2613 »
1908 2577 2153 2643 unqes,
2185 2566 2252 2620 et
2279 2555 2733 2644 sanctificabis
2769 2559 3009 2629 uisus-v,

361 2677 423 2728 et
460 2664 593 2731 erit
624 2662 844 2730 altare
877 2675 1192 2729 sanctum
1224 2671 1647 2744 sanctorum,
1684 2661 1770 2727 cf.
1819 2667 2020 2741 30,26
2058 2680 2245 2750 sqq.;
2282 2684 2345 2727 v.
2398 2669 2475 2728 11
2511 2674 2577 2727 et
2604 2685 2813 2752 unqu-n>
2921 2667 3013 2723 ff!-

361 2774 552 2836 brum
584 2792 737 2837 cum
769 2769 914 2834 basi
937 2792 1062 2836 sua
1096 2796 1129 2829 »
1166 2780 1229 2832 et
1259 2767 1716 2855 sanctificabis
1748 2765 1949 2833 illud.
1987 2771 2166 2844 Quae
2198 2790 2277 2835 ex
2306 2766 2510 2834 Hebr.
2553 2771 3017 2858 suppierimm

366 2877 571 2942 verba
603 2875 884 2942 tandem
916 2874 1232 2964 sequenti
1259 2873 1558 2940 formula
1600 2875 1802 2961 Vulq.
1839 2872 2065 2938 reddit
2099 2895 2114 2941 ε
2156 2901 2188 2933 «
2223 2873 2456 2940 omnia
2496 2874 2834 2941 unctiomu
2869 2879 3013 2939 sats-rs

362 2981 814 3063 consecrabis,
855 2993 930 3046 ut
957 2981 1094 3048 sint
1122 2992 1372 3056 sancta,
1388 2990 1782 3045 sanctorum
1817 3008 1874 3046 ».
1910 2979 2014 3046 Ad
2037 2982 2394 3068 sequentia
2424 2981 2510 3047 cf.
2545 2987 2797 3064 {ima-[L
2837 3007 2893 3047 r,
2945 2995 3013 3047 ΙΞΞ

366 3118 396 3149 «
443 3087 971 3178 Applicabisque
999 3091 1232 3153 Aaron
1261 3100 1325 3152 et
1343 3085 1531 3174 filios
1560 3086 1703 3152 eius
1731 3084 1828 3151 ad
1847 3086 2031 3173 fores
2063 3086 2490 3153 tabernaculi
2523 3087 2913 3163 testimmss'i,
2953 3107 3013 3151 με

365 3195 532 3261 lotos
562 3217 747 3283 aqua
784 3222 812 3253 η
842 3216 906 3258 v.
946 3199 1026 3259 13
1061 3221 1094 3256 «
1131 3192 1372 3259 indues
1397 3192 1656 3259 sanctis
1684 3193 2009 3279 vestibus,
2038 3205 2116 3259 ut
2143 3192 2538 3259 ministrent
2562 3192 2757 3260 mihi„
2889 3199 3009 3259 fimi

368 3305 564 3368 Hebr.
599 3299 997 3369 unctionem
1032 3303 1256 3366 Aaron
1299 3299 1386 3365 ab
1420 3300 1729 3366 unctione
1761 3299 2059 3365 filiorum
2096 3299 2422 3367 discernit
2452 3323 2467 3369 :
2503 3312 2566 3365 et
2598 3300 2837 3367 indum
2881 3311 3009 3367 ,iff-

363 3432 487 3475 ron
524 3407 785 3474 sanctis
815 3406 1108 3473 vestibus
1154 3418 1218 3471 et
1257 3428 1470 3495 unqes
1507 3427 1661 3472 eum
1693 3418 1758 3471 et
1795 3406 2253 3495 sanctificabis
2291 3429 2479 3486 eum,
2527 3419 2600 3472 ut
2640 3411 3013 3475 sactes-dms,

353 3521 705 3605 sunqatur
734 3513 950 3594 milii‚·
980 3524 1044 3579 et
1067 3511 1251 3600 filios
1280 3512 1425 3578 eius
1458 3511 1840 3602 applicabis
1869 3524 1934 3578 et
1969 3512 2206 3579 indues
2241 3513 2489 3579 tunicis
2518 3524 2581 3579 et
2619 3537 2825 3604 unffm
2869 3546 2969 3575 m„
3001 3575 3009 3587 ,

365 3623 537 3688 sicut
564 3620 829 3687 unxisti
840 3632 1115 3709 patrem
1144 3642 1414 3699 eorum,
1445 3632 1521 3684 uc
1549 3618 1927 3685 sacerdotes
1951 3620 2089 3684 sint
2118 3618 2317 3703 mihi,
2354 3633 2416 3685 et
2443 3621 2598 3705 erit,
2635 3634 2710 3688 ut
2733 3627 2821 3687 xis
2857 3627 3013 3711 iss-25».

367 3728 599 3793 unctio
654 3749 885 3793 eorum.
935 3725 1009 3792 in
1059 3724 1516 3792 sacerdotium
1560 3725 2048 3814 sempiternum
2106 3727 2180 3791 in
2231 3728 2781 3815 qenerationibm
2833 3735 3017 3799 ψη,-

366 3855 512 3912 seu,
548 3833 731 3922 quod
757 3833 965 3899 habet
1000 3832 1198 3921 Vulq.
1232 3854 1256 3898 .·
1286 3859 1317 3893 «
1344 3844 1408 3897 et
1433 3831 1665 3898 unctio
1691 3853 1925 3898 eorum
1958 3832 2031 3898 in
2052 3831 2504 3898 sacerdotium
2529 3835 3013 3922 sempitswsmss

360 3940 680 4030 proficiat
714 3968 774 4005 ».
812 3945 860 4006 Ε
884 3945 1067 4006 textu
1099 3940 1231 4006 hoc
1259 3939 1401 4005 solo
1431 3961 1573 4004 non
1600 3938 1761 4004 satis
1791 3939 2222 4028 perspicitur,
2255 3961 2345 4004 an
2370 3940 2601 4007 unctio
2631 3940 2701 4006 in
2733 3943 2873 4026 sing
2897 3967 2925 4007 u
2945 3947 3020 4007 lixa

365 4046 927 4134 generationibus
965 4046 1170 4112 fuerit
1194 4045 1600 4134 repetenda,
1639 4067 1727 4111 an
1763 4044 1973 4111 semel
2013 4045 2173 4111 data
2207 4046 2459 4111 Aaroni
2505 4051 2570 4112 et
2610 4047 2769 4111 filiis
2809 4075 3013 4135 mqui-

365 4153 925 4243 perseveraverit.
965 4157 1185 4218 Monet
1225 4150 1488 4232 Dillm„
1525 4151 1988 4218 sacerdotium
2023 4152 2096 4218 h.
2133 4152 2181 4217 l.
2218 4176 2253 4218 e
2283 4153 2429 4218 sola
2460 4152 2813 4227 unctione,
2863 4163 3013 4227 ‘'21⁴¹AE

364 4261 594 4348 potius
623 4281 659 4325 e
688 4260 981 4325 vestium
1012 4258 1373 4325 collatione
1404 4258 1624 4347 repeti
1658 4278 1671 4324 :
1707 4258 2152 4347 respondeas,
2184 4258 2484 4324 eundem
2513 4260 2723 4325 ritum
2757 4267 3017 4351 wmviffst

364 4388 557 4454 posse
607 4387 763 4431 mox
816 4372 890 4431 ut
935 4366 1354 4445 unctionem,
1407 4364 1557 4431 aliis
1601 4370 1830 4430 tamen
1888 4365 2288 4431 ceremoniis
2343 4364 2692 4449 vestitam,
2741 4391 2885 4431 muz
2953 4383 3013 4435 ut

362 4473 652 4539 vestium
699 4491 1050 4537 sacrarum
1090 4470 1635 4559 impositionem,
1671 4470 2005 4537 adnexam
2041 4471 2409 4537 habentem
2453 4473 2865 4539 unctionem,
2905 4483 3016 4539 [ἰμ-

367 4585 589 4644 terum
630 4576 1059 4643 sacerdotum
1099 4578 1518 4644 consecratio
1560 4577 1628 4643 h.
1659 4579 1705 4644 l.
1746 4583 1870 4666 per
1911 4583 2349 4643 transennam
2381 4577 2765 4664 attingitur,
2817 4587 3025 4643 imm-2„

364 4682 809 4752 describenda
847 4688 1001 4749 Lev,
1047 4689 1086 4749 8
1133 4707 1233 4772 sq.
1276 4706 1343 4749 v,
1392 4690 1472 4750 Μ
1511 4713 1540 4745 «
1585 4673 1905 4772 Fecitquc
1933 4686 2201 4771 Moyses
2241 4684 2498 4768 omnia,
2537 4708 2715 4773 quac
2741 4715 2929 4775 sss-reve
2957 4723 2965 4743 r
2993 4731 3017 4735 -

359 4804 559 4880 perat
596 4790 932 4857 Dominus
977 4817 1035 4856 ».

1163 4918 1512 4954 numanum.
1549 4918 1697 4955 —1-15
1733 4918 1814 4954 ux.
1854 4918 1911 4953 m·
1946 4918 2055 4953 ιεν.
2123 4930 2185 4939 -
2221 4909 2277 4953 23
