3534 5384
770 390 818 434 nx.
843 374 914 444 ⁶20,3
937 389 980 442 so.
1019 373 1024 391 ¹
1484 379 1540 437 lae

206 530 493 590 sunteommunes
507 545 586 590 cum
601 523 761 590 omnibus
776 523 936 610 gentibus
954 552 969 584 »
982 523 1123 612 (Splai.
1140 524 1284 591 Ulterior
1300 547 1403 614 porro
1419 525 1538 592 titulus

207 634 274 707 est,
294 629 387 717 quod
402 630 474 719 ipse
489 652 567 696 suas
585 628 622 696 in
641 634 739 719 paeto
759 635 873 719 partes
889 629 959 696 iam
975 636 1053 718 actu
1067 629 1254 720 expleverit
1267 629 1414 698 educens
1427 654 1484 698 eos
1498 631 1539 698 de

208 740 376 824 Aegypt-o.

252 864 285 906 v.
298 849 317 909 3
336 868 352 903 ι(
364 844 443 909 Non
458 840 594 907 babebis
611 841 827 909 deosalienos
840 865 955 908 eornm
965 865 1018 910 nze
1031 871 1060 923 »,
1075 843 1128 908 vel
1136 841 1238 908 deum
1247 843 1358 910 alitem
1370 844 1523 934 (Chald.)

207 953 354 1038 utroque
370 949 463 1014 enim
482 949 584 1015 modo
602 950 771 1038 expressio
784 949 870 1014 verti
883 953 1012 1038 potest,
1028 955 1061 1015 et
1076 956 1166 1016 certe
1185 971 1255 1016 non
1273 950 1391 1039 plures
1406 957 1536 1018 tantum

208 1053 257 1120 dii
278 1053 443 1120 adiectitii
463 1053 707 1137 exeluduntur,
730 1054 791 1120 sed
812 1056 866 1121 vel
892 1077 990 1122 unus.
1015 1069 1064 1122 ’is
1084 1049 1122 1124 hs
1141 1077 1210 1122 non
1230 1067 1310 1122 aete
1325 1079 1394 1142 me,
1415 1064 1454 1124 ut
1476 1081 1540 1144 ego

206 1161 313 1226 veluti
326 1162 363 1226 in
386 1159 576 1227 secundum
594 1162 709 1229 locum
728 1161 865 1248 releger
880 1161 1056 1252 (Erisaldg
1075 1162 1204 1252 alm),
1225 1185 1294 1229 non
1314 1164 1406 1230 enim
1429 1165 1539 1231 solum

208 1267 376 1357 praeferri
396 1269 541 1334 Domino
559 1267 647 1334 alius
668 1266 752 1334 deus
771 1268 990 1357 prohibetur,
1010 1268 1069 1335 sed
1087 1270 1143 1335 vel
1157 1267 1395 1360 aequiparari3
1414 1270 1471 1336 sed
1487 1293 1542 1334 er-

209 1387 263 1440 tre
282 1396 336 1439 me
353 1378 387 1440 et
409 1373 492 1440 hinc
505 1386 647 1463 praeter
668 1396 722 1441 me
741 1375 845 1461 (LXX
862 1373 983 1443 Chald.
1000 1375 1108 1464 Spin).
1126 1375 1334 1442 Prohibetur
1348 1377 1455 1463 igitur
1474 1377 1540 1444 hoc

210 1481 374 1548 mandato
389 1480 590 1569 polylatria,
613 1487 646 1547 et
663 1482 811 1567 exigitur
825 1481 1054 1548 monolatria:
1072 1481 1187 1548 seder
1205 1483 1271 1549 hae
1282 1483 1374 1550 facili
1385 1483 1539 1550 illatione

209 1585 365 1676 sequitur
387 1587 668 1654 monotheismus
693 1587 727 1654 Si
750 1588 843 1654 enim
862 1590 977 1677 plures
1001 1594 1114 1656 essent
1138 1588 1202 1668 dii,
1230 1610 1300 1655 non
1322 1596 1435 1678 posset
1461 1589 1539 1656 illos

210 1692 325 1759 debita
346 1693 524 1779 agnitione
545 1693 683 1782 privare
708 1699 794 1761 Deus
811 1693 946 1760 infinite
961 1694 1081 1761 iustus,
1104 1684 1142 1782 ἹΒ
1163 1710 1235 1758 nter
1256 1695 1411 1784 proxime
1426 1695 1540 1785 expri-

212 1799 273 1864 mit
286 1799 499 1886 agnitionem
521 1801 659 1881 mentis,
681 1801 785 1867 simul
802 1806 920 1868 tamen
937 1801 1040 1867 etiam
1061 1801 1208 1884 cultum,
1230 1821 1334 1889 quem
1351 1823 1391 1868 ea
1410 1803 1541 1888 agnitio

209 1910 328 1994 suapte
343 1910 468 1972 natura
487 1906 604 1992 exigit.
623 1905 833 1973 constructio
849 1907 1027 1997 supponit,
1046 1907 1216 1974 Hebraeos
1231 1927 1416 1994 agnoscere
1436 1909 1541 1974 exsis-

210 2012 353 2078 tentiam
376 2011 495 2095 unius,
525 2034 595 2078 non
622 2012 813 2079 necessario
839 2012 931 2080 unici
952 2015 1009 2080 [tei
1037 2034 1044 2081 :
1068 2013 1129 2080 sed
1156 2033 1244 2080 unns
1270 2017 1356 2080 Deus
1380 2015 1542 2081 exsistens

211 2122 323 2207 potest
334 2139 431 2184 suam
446 2119 620 2184 affirmare
633 2119 831 2186 unicitatem
847 2126 881 2186 et
894 2120 1161 2209 polytheismum
1177 2119 1406 2210 proscribere.

255 2247 286 2289 v.
314 2229 333 2290 t
354 2253 371 2285 a
394 2226 473 2290 Non
488 2225 602 2312 socies
621 2223 686 2291 eoi
703 2225 863 2315 sculptile
880 2249 991 2315 neque
1011 2248 1145 2293 omnem
1159 2225 1427 2292 similitudinem
1447 2255 1482 2308 n,
1500 2263 1543 2277 -

211 2320 271 2397 ’tos
294 2335 344 2397 est
368 2331 487 2417 imago
506 2331 640 2421 sculpta
666 2355 684 2397 e
706 2331 823 2421 lapide
840 2334 894 2398 vel
917 2333 1031 2420 ligno,
1056 2338 1202 2414 statuae,
1226 2355 1313 2422 quae
1338 2332 1542 2400 dicebantur

212 2460 335 2504 aureae
354 2438 408 2504 vel
426 2423 629 2525 argenteae,
654 2437 842 2528 antiquitus
860 2440 910 2505 ita
934 2437 1057 2506 confici
1076 2445 1309 2521 assueverant,
1328 2446 1366 2506 ut
1385 2437 1542 2530 sculptile

211 2544 364 2629 ligneum
390 2544 445 2611 vel
470 2544 646 2634 lapideum
669 2544 808 2612 laminis
828 2545 941 2612 aureis
963 2547 1016 2611 vel
1045 2545 1217 2632 argenteis
1239 2551 1435 2632 tegeretur3
1461 2567 1543 2632 ergo

212 2651 316 2720 etiam
330 2651 426 2740 ipsae
440 2673 522 2717 voce
542 2644 604 2719 hos
620 2650 856 2718 includuntur.
870 2652 936 2718 Sed
954 2652 1037 2742 quid
1052 2650 1373 2718 semilitudoll'roe.
1392 2651 1541 2738 gratuito

210 2757 326 2844 lingit,
341 2757 497 2846 sculptile
512 2779 583 2824 esse
599 2760 946 2847 repraesentationem
963 2759 1014 2825 rei
1029 2759 1065 2824 in
1086 2764 1211 2826 natura
1229 2758 1431 2838 exsistentis,
1449 2781 1480 2823 v.
1499 2779 1532 2843 g.

213 2863 326 2944 bovis,
343 2863 606 2930 similitudinem
620 2886 691 2931 esse
706 2864 1057 2953 repraesentationem
1076 2863 1304 2952 symbolicam
1318 2864 1372 2930 vel
1387 2863 1540 2929 chimae-

213 2971 336 3053 ricam,
352 2994 385 3036 r.
408 2991 443 3056 g.
472 2971 745 3059 hippocentauri.
769 2973 854 3038 Toat.
877 2977 993 3038 censet
1015 2970 1128 3037 ellerri
1149 2971 1320 3057 imagines
1334 2970 1484 3059 sculptas
1506 2975 1539 3035 et

212 3077 331 3166 pictas,
354 3081 437 3142 Nota
460 3098 579 3143 vocem
598 3097 753 3160 omrrem,·
770 3099 853 3164 ergo
869 3099 877 3146 :
896 3098 965 3143 non
980 3078 1083 3143 facies
1098 3077 1161 3143 tibi
1175 3075 1436 3143 similitudinem
1451 3075 1539 3141 scul-

214 3189 325 3271 ptam,
343 3204 455 3271 neque
477 3183 563 3250 alius
584 3183 720 3270 generis
738 3182 1010 3250 similitudinem.
1029 3188 1099 3262 Quo
1120 3183 1236 3272 utique
1251 3182 1423 3272 imprimis
1437 3182 1539 3249 attin·

213 3296 343 3376 guntur
359 3288 600 3355 similitudines
615 3291 743 3378 pictae,
765 3296 799 3356 et
820 3297 910 3357 certe
934 3289 1158 3356 includuntur
1178 3289 1349 3376 imagines
1375 3287 1543 3376 symboli-

103 3476 106 3483 ,
214 3417 273 3462 cae
296 3394 391 3484 apud
412 3397 597 3484 Aegyptios
616 3400 650 3460 et
667 3401 805 3484 Assyros
823 3401 892 3462 tam
910 3396 1107 3484 frequentes
1119 3434 1163 3444 —
1180 3423 1195 3457 «
1213 3417 1308 3485 ,patae
1327 3407 1374 3460 est
1398 3395 1435 3460 in
1451 3393 1540 3460 coelo

214 3502 367 3591 desuper,
386 3515 418 3568 et
432 3525 521 3591 quae
535 3503 571 3568 in
587 3515 678 3568 terra
696 3501 868 3583 deorsum,
883 3525 944 3568 nec
959 3504 1099 3591 [coronal
1115 3525 1203 3592 quoe
1217 3514 1297 3568 sicat
1312 3501 1348 3567 in
1363 3501 1463 3590 opacis
1482 3504 1541 3566 snb

214 3621 306 3674 terre
326 3638 356 3676 ».
380 3609 458 3675 Loci
481 3608 766 3676 commentarium
786 3610 928 3698 praebet
953 3613 1046 3675 Dent.
1072 3613 1221 3690 ala-19,
1244 3607 1303 3675 ubi
1323 3630 1376 3674 res
1389 3607 1428 3674 in
1447 3606 1541 3674 coelo

213 3716 360 3804 desuper
380 3715 583 3782 constitutae
603 3715 766 3783 dicuntur
788 3716 855 3795 sol,
884 3716 968 3782 luna
990 3721 1023 3781 et
1045 3716 1162 3782 omnia
1181 3721 1288 3797 astra3
1315 3737 1369 3781 res
1391 3716 1540 3780 interra

214 3820 372 3888 deorsum
393 3823 509 3901 homo,
530 3823 701 3902 iumenta,
718 3821 853 3910 reptilia
873 3826 907 3889 et
929 3844 1008 3888 aves
1027 3821 1091 3888 sub
1111 3821 1205 3889 coelo
1221 3821 1392 3901 volantes;
1409 3841 1462 3885 res
1479 3821 1541 3884 sub

216 3934 306 3994 terra
321 3930 353 3994 et
364 3928 402 3994 in
416 3928 516 4017 aquis
529 3928 613 3994 sitae
630 3928 750 4018 pisces.

259 4035 326 4101 Sed
347 4035 502 4122 quidest
520 4035 639 4122 fecere
663 4035 943 4122 similitudinem,
967 4057 1055 4125 quae
1075 4045 1124 4101 est
1140 4035 1177 4101 in
1202 4033 1293 4100 coelo
1312 4035 1401 4099 etc.?
1420 4038 1543 4099 Sensus

215 4141 349 4207 nativus
365 4141 454 4208 vocis
469 4157 572 4206 arina
588 4164 657 4208 non
670 4148 720 4208 est
733 4141 926 4208 similitudo
943 4142 999 4232 (ne
1013 4142 1162 4209 textibus
1177 4140 1318 4232 quidem
1338 4144 1432 4206 Dent.
1449 4145 1539 4223 talla

217 4255 270 4314 23.
297 4253 356 4330 25;
384 4251 472 4335 5,8),
494 4247 554 4315 sed
571 4247 699 4338 species
713 4271 773 4314 seu
788 4249 924 4336 forma,
940 4271 1029 4338 quae
1048 4249 1178 4338 speeies
1190 4247 1332 4338 reperiri
1347 4251 1457 4337 potest
1474 4246 1543 4312 sive

216 4357 252 4420 in
271 4353 462 4440 imaginato
477 4355 596 4420 sivein
609 4354 773 4441 imagine.
790 4360 970 4422 Praeterea
984 4358 1084 4422 Hebr.
1105 4353 1223 4422 Chald.
1239 4354 1432 4422 omittentes
1447 4356 1540 4418 Dent.

215 4466 273 4543 5,8
284 4462 444 4550 copulam
455 4466 534 4527 ante
547 4449 597 4532 ln,
615 4484 676 4528 nos
689 4467 829 4528 monent
842 4463 945 4528 etiam
957 4467 1088 4528 retenta
1098 4460 1220 4549 copula
1232 4461 1331 4527 aliter
1341 4458 1543 4528 sententiam

216 4566 368 4634 construi
390 4589 501 4657 posse.
527 4569 677 4635 Primum
697 4569 897 4635 enuntiatur
921 4568 1122 4634 mandatum
1145 4567 1242 4633 brevi
1261 4567 1408 4632 formula
1435 4587 1441 4633 :
1466 4568 1544 4630 Nou

214 4674 324 4763 socies
339 4674 403 4740 tibi
421 4673 592 4763 sculptile.
611 4674 694 4741 Dein
709 4674 860 4764 idipsum
878 4676 1068 4764 explicatur
1085 4696 1092 4742 :
1111 4677 1252 4740 Orionem
1268 4675 1436 4761 seruitum,
1456 4691 1544 4758 piene

218 4793 267 4844 eat
284 4781 322 4847 in
334 4780 429 4847 coelo
441 4793 504 4847 etc.
513 4834 524 4865 ,
543 4803 612 4846 non
630 4780 789 4846 reflorebit·
804 4805 843 4847 eu
861 4804 970 4869 raeque
986 4780 1073 4846 coles
1086 4779 1244 4868 (aroald).
1265 4783 1388 4844 Sensus
1403 4783 1452 4842 est
1467 4796 1545 4864 per-
