<?xml version="1.0" encoding="UTF-8"?>
<!DOCTYPE html PUBLIC "-//W3C//DTD XHTML 1.0 Transitional//EN"
    "http://www.w3.org/TR/xhtml1/DTD/xhtml1-transitional.dtd">
<html xmlns="http://www.w3.org/1999/xhtml" xml:lang="en" lang="en">
 <head>
  <title>
</title>
<meta http-equiv="Content-Type" content="text/html;charset=utf-8" />
  <meta name='ocr-system' content='tesseract 3.04.00' />
  <meta name='ocr-capabilities' content='ocr_page ocr_carea ocr_par ocr_line ocrx_word'/>
</head>
<body>
  <div class='ocr_page' id='page_1' title='image "./commentariusine00hummgoog_0148.png"; bbox 0 0 3534 5384; ppageno 0'>
   <div class='ocr_carea' id='block_1_1' title="bbox 747 466 979 535">
    <p class='ocr_par' dir='ltr' id='par_1_1' title="bbox 747 466 979 535">
     <span class='ocr_line' id='line_1_1' title="bbox 747 466 979 535; baseline -0.013 -10"><span class='ocrx_word' id='word_1_1' title='bbox 747 483 796 525; x_wconf 78' lang='lat' dir='ltr'><strong><em>ax.</em></strong></span> <span class='ocrx_word' id='word_1_2' title='bbox 821 466 892 535; x_wconf 85' lang='lat'><strong>13‚5</strong></span> <span class='ocrx_word' id='word_1_3' title='bbox 914 481 979 533; x_wconf 87' lang='lat' dir='ltr'><strong><em>soo.</em></strong></span> 
     </span>
    </p>
   </div>
   <div class='ocr_carea' id='block_1_2' title="bbox 624 676 1115 740">
    <p class='ocr_par' dir='ltr' id='par_1_2' title="bbox 624 676 1115 740">
     <span class='ocr_line' id='line_1_2' title="bbox 624 676 1115 740; baseline -0.006 -14"><span class='ocrx_word' id='word_1_4' title='bbox 624 676 808 740; x_wconf 63' lang='lat' dir='ltr'><strong><em>abderama</em></strong></span> <span class='ocrx_word' id='word_1_5' title='bbox 823 676 935 724; x_wconf 79' lang='lat' dir='ltr'><strong><em>liberatio</em></strong></span> <span class='ocrx_word' id='word_1_6' title='bbox 948 677 995 724; x_wconf 79' lang='lat' dir='ltr'><strong><em>Ea.</em></strong></span> <span class='ocrx_word' id='word_1_7' title='bbox 1010 677 1115 735; x_wconf 73' lang='lat' dir='ltr'><strong><em>lap-to.</em></strong></span> 
     </span>
    </p>
   </div>
   <div class='ocr_carea' id='block_1_3' title="bbox 571 782 1155 843">
    <p class='ocr_par' dir='ltr' id='par_1_3' title="bbox 571 782 1155 843">
     <span class='ocr_line' id='line_1_3' title="bbox 571 782 1155 843; baseline -0.009 -9"><span class='ocrx_word' id='word_1_8' title='bbox 571 790 602 834; x_wconf 72' lang='lat' dir='ltr'><strong><em>N·</em></strong></span> <span class='ocrx_word' id='word_1_9' title='bbox 618 783 747 832; x_wconf 73' lang='lat' dir='ltr'><strong>occasione</strong></span> <span class='ocrx_word' id='word_1_10' title='bbox 760 784 824 831; x_wconf 79' lang='lat' dir='ltr'><strong><em>ritus</em></strong></span> <span class='ocrx_word' id='word_1_11' title='bbox 837 796 978 843; x_wconf 75' lang='lat' dir='ltr'><strong>azymorum</strong></span> <span class='ocrx_word' id='word_1_12' title='bbox 991 782 1037 829; x_wconf 71' lang='lat' dir='ltr'><strong><em>Em</em></strong></span> <span class='ocrx_word' id='word_1_13' title='bbox 1052 783 1155 842; x_wconf 64' lang='lat' dir='ltr'><strong><em>leb-10.</em></strong></span> 
     </span>
    </p>
   </div>
   <div class='ocr_carea' id='block_1_4' title="bbox 126 958 1529 4771">
    <p class='ocr_par' dir='ltr' id='par_1_4' title="bbox 194 958 1527 1372">
     <span class='ocr_line' id='line_1_4' title="bbox 238 958 1527 1051; baseline -0.004 -23"><span class='ocrx_word' id='word_1_14' title='bbox 238 963 323 1051; x_wconf 76' lang='lat' dir='ltr'><strong><em>Arq.</em></strong></span> <span class='ocrx_word' id='word_1_15' title='bbox 340 998 385 1012; x_wconf 90' lang='lat'>-</span> <span class='ocrx_word' id='word_1_16' title='bbox 398 958 593 1028; x_wconf 88' lang='lat' dir='ltr'><strong><em>Secundum</em></strong></span> <span class='ocrx_word' id='word_1_17' title='bbox 611 982 673 1042; x_wconf 87' lang='lat' dir='ltr'><strong><em>ea,</em></strong></span> <span class='ocrx_word' id='word_1_18' title='bbox 690 982 779 1051; x_wconf 91' lang='lat' dir='ltr'><strong><em>quae</em></strong></span> <span class='ocrx_word' id='word_1_19' title='bbox 797 982 903 1049; x_wconf 88' lang='lat' dir='ltr'><strong><em>supra</em></strong></span> <span class='ocrx_word' id='word_1_20' title='bbox 922 959 1138 1038; x_wconf 79' lang='lat' dir='ltr'>dicebamus,</span> <span class='ocrx_word' id='word_1_21' title='bbox 1155 958 1204 1026; x_wconf 87' lang='lat' dir='ltr'><strong><em>ita</em></strong></span> <span class='ocrx_word' id='word_1_22' title='bbox 1215 966 1372 1026; x_wconf 83' lang='lat' dir='ltr'><strong><em>construe</em></strong></span> <span class='ocrx_word' id='word_1_23' title='bbox 1390 977 1397 1024; x_wconf 93' lang='lat'><strong>:</strong></span> <span class='ocrx_word' id='word_1_24' title='bbox 1423 961 1527 1026; x_wconf 74' lang='lat' dir='ltr'><strong><em>Cirtis-</em></strong></span> 
     </span>
     <span class='ocr_line' id='line_1_5' title="bbox 194 1065 1527 1157; baseline -0.002 -24"><span class='ocrx_word' id='word_1_25' title='bbox 194 1090 259 1157; x_wconf 85' lang='lat' dir='ltr'><strong><em>que</em></strong></span> <span class='ocrx_word' id='word_1_26' title='bbox 281 1065 511 1135; x_wconf 80' lang='lat' dir='ltr'><strong><em>iutrodarerit</em></strong></span> <span class='ocrx_word' id='word_1_27' title='bbox 534 1079 566 1133; x_wconf 92' lang='lat' dir='ltr'><strong><em>te</em></strong></span> <span class='ocrx_word' id='word_1_28' title='bbox 588 1066 689 1134; x_wconf 83' lang='lat' dir='ltr'><strong><em>labae</em></strong></span> <span class='ocrx_word' id='word_1_29' title='bbox 713 1066 750 1133; x_wconf 85' lang='lat' dir='ltr'><strong><em>in</em></strong></span> <span class='ocrx_word' id='word_1_30' title='bbox 774 1078 901 1133; x_wconf 82' lang='lat' dir='ltr'><strong><em>terram</em></strong></span> <span class='ocrx_word' id='word_1_31' title='bbox 924 1079 1005 1148; x_wconf 72' lang='lat' dir='ltr'><strong><em>eta,</em></strong></span> <span class='ocrx_word' id='word_1_32' title='bbox 1022 1088 1165 1156; x_wconf 82' lang='lat' dir='ltr'><strong><em>cumque</em></strong></span> <span class='ocrx_word' id='word_1_33' title='bbox 1186 1065 1369 1132; x_wconf 80' lang='lat' dir='ltr'><strong><em>celebrabis</em></strong></span> <span class='ocrx_word' id='word_1_34' title='bbox 1397 1065 1527 1131; x_wconf 71' lang='lat' dir='ltr'><strong><em>cultrum</em></strong></span> 
     </span>
     <span class='ocr_line' id='line_1_6' title="bbox 194 1171 1525 1263; baseline -0.002 -23"><span class='ocrx_word' id='word_1_35' title='bbox 194 1173 285 1240; x_wconf 73' lang='lat' dir='ltr'><strong><em>brine</em></strong></span> <span class='ocrx_word' id='word_1_36' title='bbox 298 1196 410 1240; x_wconf 76' lang='lat' dir='ltr'><strong><em>urenae</em></strong></span> <span class='ocrx_word' id='word_1_37' title='bbox 428 1172 507 1254; x_wconf 83' lang='lat' dir='ltr'><strong><em>boe,</em></strong></span> <span class='ocrx_word' id='word_1_38' title='bbox 520 1210 566 1223; x_wconf 93' lang='lat'>-</span> <span class='ocrx_word' id='word_1_39' title='bbox 579 1172 636 1240; x_wconf 87' lang='lat' dir='ltr'><strong><em>hic</em></strong></span> <span class='ocrx_word' id='word_1_40' title='bbox 651 1171 814 1240; x_wconf 85' lang='lat' dir='ltr'><strong><em>inseritur</em></strong></span> <span class='ocrx_word' id='word_1_41' title='bbox 829 1194 861 1240; x_wconf 87' lang='lat' dir='ltr'><strong><em>v.</em></strong></span> <span class='ocrx_word' id='word_1_42' title='bbox 880 1180 900 1239; x_wconf 84' lang='lat'><strong>6</strong></span> <span class='ocrx_word' id='word_1_43' title='bbox 914 1194 966 1263; x_wconf 88' lang='lat' dir='ltr'><strong><em>sq.</em></strong></span> <span class='ocrx_word' id='word_1_44' title='bbox 984 1178 1094 1239; x_wconf 85' lang='lat' dir='ltr'><strong><em>textus</em></strong></span> <span class='ocrx_word' id='word_1_45' title='bbox 1107 1172 1194 1259; x_wconf 82' lang='lat' dir='ltr'><strong><em>legis</em></strong></span> <span class='ocrx_word' id='word_1_46' title='bbox 1209 1171 1348 1239; x_wconf 87' lang='lat' dir='ltr'><strong><em>divinae</em></strong></span> <span class='ocrx_word' id='word_1_47' title='bbox 1365 1178 1464 1253; x_wconf 57' lang='lat'>1215</span> <span class='ocrx_word' id='word_1_48' title='bbox 1476 1196 1525 1260; x_wconf 83' lang='lat' dir='ltr'><strong><em>sq.</em></strong></span> 
     </span>
     <span class='ocr_line' id='line_1_7' title="bbox 195 1279 1151 1372; baseline -0.001 -25"><span class='ocrx_word' id='word_1_49' title='bbox 195 1301 275 1347; x_wconf 92' lang='lat' dir='ltr'><strong><em>eum</em></strong></span> <span class='ocrx_word' id='word_1_50' title='bbox 289 1279 420 1347; x_wconf 90' lang='lat' dir='ltr'><strong><em>cultum</em></strong></span> <span class='ocrx_word' id='word_1_51' title='bbox 433 1280 675 1372; x_wconf 81' lang='lat' dir='ltr'><strong><em>praecipientis</em></strong></span> <span class='ocrx_word' id='word_1_52' title='bbox 689 1318 733 1329; x_wconf 89' lang='lat'>—</span> <span class='ocrx_word' id='word_1_53' title='bbox 746 1279 904 1346; x_wconf 77' lang='lat' dir='ltr'><strong><em>narrabis</em></strong></span> <span class='ocrx_word' id='word_1_54' title='bbox 918 1279 994 1368; x_wconf 82' lang='lat' dir='ltr'><strong><em>filio</em></strong></span> <span class='ocrx_word' id='word_1_55' title='bbox 1015 1290 1073 1345; x_wconf 92' lang='lat' dir='ltr'><strong><em>tuo</em></strong></span> <span class='ocrx_word' id='word_1_56' title='bbox 1089 1290 1151 1346; x_wconf 86' lang='lat' dir='ltr'><strong><em>ete.</em></strong></span> 
     </span>
    </p>

    <p class='ocr_par' dir='ltr' id='par_1_5' title="bbox 126 1384 1529 4771">
     <span class='ocr_line' id='line_1_8' title="bbox 236 1384 1529 1475; baseline -0.002 -24"><span class='ocrx_word' id='word_1_57' title='bbox 236 1410 271 1455; x_wconf 84' lang='lat' dir='ltr'><strong><em>v.</em></strong></span> <span class='ocrx_word' id='word_1_58' title='bbox 288 1395 307 1454; x_wconf 89' lang='lat'>5</span> <span class='ocrx_word' id='word_1_59' title='bbox 325 1413 342 1448; x_wconf 89' lang='lat'>«</span> <span class='ocrx_word' id='word_1_60' title='bbox 362 1388 514 1475; x_wconf 77' lang='lat' dir='ltr'><strong><em>Cumque</em></strong></span> <span class='ocrx_word' id='word_1_61' title='bbox 533 1385 765 1453; x_wconf 73' lang='lat' dir='ltr'><em>introduxerit</em></span> <span class='ocrx_word' id='word_1_62' title='bbox 776 1386 985 1453; x_wconf 85' lang='lat' dir='ltr'><strong><em>teDomiuus</em></strong></span> <span class='ocrx_word' id='word_1_63' title='bbox 1000 1386 1036 1452; x_wconf 88' lang='lat' dir='ltr'><strong><em>iu</em></strong></span> <span class='ocrx_word' id='word_1_64' title='bbox 1054 1398 1180 1453; x_wconf 74' lang='lat' dir='ltr'><strong><em>temam</em></strong></span> <span class='ocrx_word' id='word_1_65' title='bbox 1195 1384 1394 1455; x_wconf 78' lang='lat' dir='ltr'><strong><em>ctananaet</em></strong></span> <span class='ocrx_word' id='word_1_66' title='bbox 1412 1398 1443 1449; x_wconf 80' lang='lat' dir='ltr'><strong><em>et</em></strong></span> <span class='ocrx_word' id='word_1_67' title='bbox 1462 1389 1529 1450; x_wconf 79' lang='lat' dir='ltr'><strong><em>Ha-</em></strong></span> 
     </span>
     <span class='ocr_line' id='line_1_9' title="bbox 195 1490 1524 1582; baseline 0 -25"><span class='ocrx_word' id='word_1_68' title='bbox 195 1493 288 1561; x_wconf 88' lang='lat' dir='ltr'><strong><em>tbaei</em></strong></span> <span class='ocrx_word' id='word_1_69' title='bbox 301 1506 334 1560; x_wconf 89' lang='lat' dir='ltr'><strong><em>et</em></strong></span> <span class='ocrx_word' id='word_1_70' title='bbox 348 1492 551 1560; x_wconf 78' lang='lat' dir='ltr'><strong><em>Amorrbam&#39;</em></strong></span> <span class='ocrx_word' id='word_1_71' title='bbox 565 1505 599 1559; x_wconf 86' lang='lat' dir='ltr'><strong><em>et</em></strong></span> <span class='ocrx_word' id='word_1_72' title='bbox 616 1492 746 1561; x_wconf 83' lang='lat' dir='ltr'><strong><em>lleoaei</em></strong></span> <span class='ocrx_word' id='word_1_73' title='bbox 762 1505 794 1558; x_wconf 87' lang='lat' dir='ltr'><strong><em>et</em></strong></span> <span class='ocrx_word' id='word_1_74' title='bbox 813 1492 970 1559; x_wconf 84' lang='lat' dir='ltr'><strong><em>lebusoei</em></strong></span> <span class='ocrx_word' id='word_1_75' title='bbox 986 1520 1021 1574; x_wconf 75' lang='lat' dir='ltr'><strong><em>n,</em></strong></span> <span class='ocrx_word' id='word_1_76' title='bbox 1040 1529 1086 1543; x_wconf 89' lang='grc'>-</span> <span class='ocrx_word' id='word_1_77' title='bbox 1096 1493 1176 1582; x_wconf 77' lang='lat' dir='ltr'><strong><em>Syr.</em></strong></span> <span class='ocrx_word' id='word_1_78' title='bbox 1191 1490 1286 1558; x_wconf 82' lang='lat' dir='ltr'><strong><em>addit</em></strong></span> <span class='ocrx_word' id='word_1_79' title='bbox 1300 1492 1524 1572; x_wconf 87' lang='lat' dir='ltr'><strong><em>Pherezaeos,</em></strong></span> 
     </span>
     <span class='ocr_line' id='line_1_10' title="bbox 126 1598 1528 1689; baseline -0.004 -22"><span class='ocrx_word' id='word_1_80' title='bbox 126 1634 130 1639; x_wconf 49' lang='lat'><em>1</em></span> <span class='ocrx_word' id='word_1_81' title='bbox 194 1602 289 1668; x_wconf 86' lang='lat' dir='ltr'><strong><em>Sam.</em></strong></span> <span class='ocrx_word' id='word_1_82' title='bbox 307 1601 399 1667; x_wconf 84' lang='lat' dir='ltr'><strong><em>LXX</em></strong></span> <span class='ocrx_word' id='word_1_83' title='bbox 418 1604 554 1689; x_wconf 84' lang='lat' dir='ltr'><strong><em>praeter</em></strong></span> <span class='ocrx_word' id='word_1_84' title='bbox 575 1599 639 1665; x_wconf 89' lang='lat' dir='ltr'><strong><em>hos</em></strong></span> <span class='ocrx_word' id='word_1_85' title='bbox 658 1598 763 1666; x_wconf 88' lang='lat' dir='ltr'><strong><em>etiam</em></strong></span> <span class='ocrx_word' id='word_1_86' title='bbox 785 1601 993 1687; x_wconf 80' lang='lat' dir='ltr'><strong><em>Gergesacos</em></strong></span> <span class='ocrx_word' id='word_1_87' title='bbox 1015 1620 1166 1688; x_wconf 88' lang='lat' dir='ltr'><strong><em>:parom</em></strong></span> <span class='ocrx_word' id='word_1_88' title='bbox 1182 1598 1302 1682; x_wconf 87' lang='lat' dir='ltr'><strong><em>refert,</em></strong></span> <span class='ocrx_word' id='word_1_89' title='bbox 1319 1620 1414 1678; x_wconf 82' lang='lat' dir='ltr'><strong><em>cum,</em></strong></span> <span class='ocrx_word' id='word_1_90' title='bbox 1431 1605 1528 1687; x_wconf 91' lang='lat' dir='ltr'><strong><em>quot-</em></strong></span> 
     </span>
     <span class='ocr_line' id='line_1_11' title="bbox 193 1704 1528 1796; baseline -0.003 -23"><span class='ocrx_word' id='word_1_91' title='bbox 193 1728 329 1796; x_wconf 88' lang='lat' dir='ltr'><strong><em>cunque</em></strong></span> <span class='ocrx_word' id='word_1_92' title='bbox 338 1704 479 1773; x_wconf 84' lang='lat' dir='ltr'><strong><em>tandem</em></strong></span> <span class='ocrx_word' id='word_1_93' title='bbox 489 1707 630 1773; x_wconf 89' lang='lat' dir='ltr'><strong><em>nomina</em></strong></span> <span class='ocrx_word' id='word_1_94' title='bbox 641 1705 813 1793; x_wconf 80' lang='lat' dir='ltr'><strong><em>legantur,</em></strong></span> <span class='ocrx_word' id='word_1_95' title='bbox 826 1705 972 1793; x_wconf 79' lang='lat' dir='ltr'><strong>scriptor</strong></span> <span class='ocrx_word' id='word_1_96' title='bbox 982 1726 1099 1772; x_wconf 85' lang='lat' dir='ltr'><strong><em>omnes</em></strong></span> <span class='ocrx_word' id='word_1_97' title='bbox 1116 1708 1225 1772; x_wconf 85' lang='lat' dir='ltr'><strong><em>terrae</em></strong></span> <span class='ocrx_word' id='word_1_98' title='bbox 1236 1708 1371 1773; x_wconf 85' lang='lat' dir='ltr'><strong><em>sanctae</em></strong></span> <span class='ocrx_word' id='word_1_99' title='bbox 1383 1707 1528 1795; x_wconf 83' lang='lat' dir='ltr'><strong><em>populos</em></strong></span> 
     </span>
     <span class='ocr_line' id='line_1_12' title="bbox 193 1809 1527 1901; baseline -0.001 -23"><span class='ocrx_word' id='word_1_100' title='bbox 193 1814 230 1879; x_wconf 91' lang='lat' dir='ltr'><strong><em>in</em></strong></span> <span class='ocrx_word' id='word_1_101' title='bbox 250 1817 368 1879; x_wconf 84' lang='lat' dir='ltr'><strong><em>mente.</em></strong></span> <span class='ocrx_word' id='word_1_102' title='bbox 389 1810 548 1879; x_wconf 82' lang='lat' dir='ltr'><strong><em>babuerit</em></strong></span> <span class='ocrx_word' id='word_1_103' title='bbox 571 1811 697 1901; x_wconf 79' lang='lat' dir='ltr'><strong><em>(Syia.)</em></strong></span> <span class='ocrx_word' id='word_1_104' title='bbox 715 1834 913 1901; x_wconf 81' lang='lat' dir='ltr'><strong><em>-uquam</em></strong></span> <span class='ocrx_word' id='word_1_105' title='bbox 938 1810 1066 1878; x_wconf 82' lang='lat' dir='ltr'><strong><em>iuravit</em></strong></span> <span class='ocrx_word' id='word_1_106' title='bbox 1078 1809 1241 1901; x_wconf 83' lang='lat' dir='ltr'><strong><em>patribus</em></strong></span> <span class='ocrx_word' id='word_1_107' title='bbox 1266 1810 1349 1895; x_wconf 85' lang='lat' dir='ltr'><strong><em>tuis,</em></strong></span> <span class='ocrx_word' id='word_1_108' title='bbox 1371 1823 1409 1877; x_wconf 88' lang='lat' dir='ltr'><strong><em>at</em></strong></span> <span class='ocrx_word' id='word_1_109' title='bbox 1431 1810 1527 1876; x_wconf 66' lang='lat' dir='ltr'><strong><em>elstret</em></strong></span> 
     </span>
     <span class='ocr_line' id='line_1_13' title="bbox 194 1916 1526 2008; baseline -0.003 -23"><span class='ocrx_word' id='word_1_110' title='bbox 194 1918 268 2005; x_wconf 85' lang='lat' dir='ltr'><strong><em>tibi,</em></strong></span> <span class='ocrx_word' id='word_1_111' title='bbox 286 1930 412 1985; x_wconf 81' lang='lat' dir='ltr'><strong><em>terram</em></strong></span> <span class='ocrx_word' id='word_1_112' title='bbox 422 1916 587 2008; x_wconf 70' lang='lat' dir='ltr'><strong><em>firmatam</em></strong></span> <span class='ocrx_word' id='word_1_113' title='bbox 602 1917 689 1984; x_wconf 82' lang='lat' dir='ltr'><strong><em>laete</em></strong></span> <span class='ocrx_word' id='word_1_114' title='bbox 703 1929 737 1984; x_wconf 92' lang='lat' dir='ltr'><strong><em>et</em></strong></span> <span class='ocrx_word' id='word_1_115' title='bbox 744 1916 843 1985; x_wconf 85' lang='lat' dir='ltr'><strong><em>melle</em></strong></span> <span class='ocrx_word' id='word_1_116' title='bbox 858 1945 874 1979; x_wconf 79' lang='lat' dir='ltr'><strong><em>u</em></strong></span> <span class='ocrx_word' id='word_1_117' title='bbox 893 1916 950 2005; x_wconf 84' lang='lat' dir='ltr'><strong><em>(ci.</em></strong></span> <span class='ocrx_word' id='word_1_118' title='bbox 964 1918 1048 2007; x_wconf 86' lang='lat'>3,8)‚</span> <span class='ocrx_word' id='word_1_119' title='bbox 1068 1944 1084 1979; x_wconf 77' lang='lat' dir='ltr'><strong><em>s</em></strong></span> <span class='ocrx_word' id='word_1_120' title='bbox 1099 1916 1282 1984; x_wconf 78' lang='lat' dir='ltr'><strong><em>celebrabis</em></strong></span> <span class='ocrx_word' id='word_1_121' title='bbox 1295 1917 1387 1984; x_wconf 78' lang='lat' dir='ltr'><strong><em>butte</em></strong></span> <span class='ocrx_word' id='word_1_122' title='bbox 1401 1940 1526 1983; x_wconf 80' lang='lat' dir='ltr'><strong><em>osorem</em></strong></span> 
     </span>
     <span class='ocr_line' id='line_1_14' title="bbox 192 2024 1526 2115; baseline -0.002 -23"><span class='ocrx_word' id='word_1_123' title='bbox 192 2046 366 2092; x_wconf 83' lang='lat' dir='ltr'><strong><em>sacrorum</em></strong></span> <span class='ocrx_word' id='word_1_124' title='bbox 388 2046 499 2091; x_wconf 74' lang='lat' dir='ltr'><strong><em>arouse</em></strong></span> <span class='ocrx_word' id='word_1_125' title='bbox 523 2024 639 2090; x_wconf 86' lang='lat' dir='ltr'><strong><em>isto».</em></strong></span> <span class='ocrx_word' id='word_1_126' title='bbox 661 2047 693 2091; x_wconf 88' lang='lat' dir='ltr'><strong><em>v.</em></strong></span> <span class='ocrx_word' id='word_1_127' title='bbox 711 2032 731 2091; x_wconf 86' lang='lat'><strong>6</strong></span> <span class='ocrx_word' id='word_1_128' title='bbox 755 2051 772 2086; x_wconf 82' lang='lat' dir='ltr'><strong><em>u</em></strong></span> <span class='ocrx_word' id='word_1_129' title='bbox 795 2026 969 2115; x_wconf 79' lang='lat' dir='ltr'><strong><em>Septem»</em></strong></span> <span class='ocrx_word' id='word_1_130' title='bbox 994 2061 1039 2075; x_wconf 97' lang='lat'>—</span> <span class='ocrx_word' id='word_1_131' title='bbox 1058 2026 1153 2091; x_wconf 86' lang='lat' dir='ltr'><strong><em>Sam.</em></strong></span> <span class='ocrx_word' id='word_1_132' title='bbox 1176 2026 1267 2091; x_wconf 88' lang='lat' dir='ltr'><strong><em>LXX</em></strong></span> <span class='ocrx_word' id='word_1_133' title='bbox 1285 2046 1360 2107; x_wconf 77' lang='lat' dir='ltr'><strong><em>sea,</em></strong></span> <span class='ocrx_word' id='word_1_134' title='bbox 1384 2024 1526 2090; x_wconf 83' lang='lat' dir='ltr'><strong><em>fortasse</em></strong></span> 
     </span>
     <span class='ocr_line' id='line_1_15' title="bbox 192 2128 1525 2220; baseline -0.002 -23"><span class='ocrx_word' id='word_1_135' title='bbox 192 2130 319 2198; x_wconf 88' lang='lat' dir='ltr'><strong><em>imitati</em></strong></span> <span class='ocrx_word' id='word_1_136' title='bbox 339 2135 434 2198; x_wconf 86' lang='lat' dir='ltr'><strong><em>Dent.</em></strong></span> <span class='ocrx_word' id='word_1_137' title='bbox 460 2137 538 2213; x_wconf 84' lang='lat' dir='ltr'><strong><em>1b,8</em></strong></span> <span class='ocrx_word' id='word_1_138' title='bbox 562 2154 570 2199; x_wconf 91' lang='lat'>:</span> <span class='ocrx_word' id='word_1_139' title='bbox 590 2152 627 2197; x_wconf 92' lang='lat' dir='ltr'><strong><em>re</em></strong></span> <span class='ocrx_word' id='word_1_140' title='bbox 646 2129 738 2198; x_wconf 90' lang='lat' dir='ltr'><strong><em>idem</em></strong></span> <span class='ocrx_word' id='word_1_141' title='bbox 759 2137 825 2213; x_wconf 88' lang='lat' dir='ltr'><strong><em>est,</em></strong></span> <span class='ocrx_word' id='word_1_142' title='bbox 843 2152 921 2197; x_wconf 91' lang='lat' dir='ltr'><strong><em>cnm</em></strong></span> <span class='ocrx_word' id='word_1_143' title='bbox 941 2130 1042 2197; x_wconf 87' lang='lat' dir='ltr'><strong><em>lectio</em></strong></span> <span class='ocrx_word' id='word_1_144' title='bbox 1068 2130 1170 2197; x_wconf 87' lang='lat' dir='ltr'><strong><em>liebr.</em></strong></span> <span class='ocrx_word' id='word_1_145' title='bbox 1187 2130 1340 2220; x_wconf 90' lang='lat' dir='ltr'><strong><em>primum</em></strong></span> <span class='ocrx_word' id='word_1_146' title='bbox 1357 2128 1459 2196; x_wconf 74' lang='lat' dir='ltr'><strong><em>&#39;diem</em></strong></span> <span class='ocrx_word' id='word_1_147' title='bbox 1475 2131 1525 2195; x_wconf 93' lang='lat' dir='ltr'><strong><em>in-</em></strong></span> 
     </span>
     <span class='ocr_line' id='line_1_16' title="bbox 193 2235 1526 2326; baseline -0.003 -21"><span class='ocrx_word' id='word_1_148' title='bbox 193 2237 325 2320; x_wconf 84' lang='lat' dir='ltr'><strong><em>cludat,</em></strong></span> <span class='ocrx_word' id='word_1_149' title='bbox 340 2237 450 2305; x_wconf 85' lang='lat' dir='ltr'><strong><em>altera</em></strong></span> <span class='ocrx_word' id='word_1_150' title='bbox 464 2236 680 2303; x_wconf 84' lang='lat' dir='ltr'><strong><em>excludat-</em></strong></span> <span class='ocrx_word' id='word_1_151' title='bbox 701 2235 852 2303; x_wconf 80' lang='lat' dir='ltr'><strong><em>«diebus</em></strong></span> <span class='ocrx_word' id='word_1_152' title='bbox 873 2238 1013 2303; x_wconf 84' lang='lat' dir='ltr'><strong><em>vesceris</em></strong></span> <span class='ocrx_word' id='word_1_153' title='bbox 1028 2237 1178 2326; x_wconf 74' lang='lat' dir='ltr'><strong><em>arpotis,</em></strong></span> <span class='ocrx_word' id='word_1_154' title='bbox 1195 2248 1228 2302; x_wconf 82' lang='lat' dir='ltr'><strong><em>et</em></strong></span> <span class='ocrx_word' id='word_1_155' title='bbox 1249 2236 1285 2302; x_wconf 85' lang='lat' dir='ltr'><strong><em>iu</em></strong></span> <span class='ocrx_word' id='word_1_156' title='bbox 1308 2236 1365 2303; x_wconf 82' lang='lat' dir='ltr'><strong><em>die</em></strong></span> <span class='ocrx_word' id='word_1_157' title='bbox 1384 2237 1526 2326; x_wconf 81' lang='lat' dir='ltr'><strong><em>septimo</em></strong></span> 
     </span>
     <span class='ocr_line' id='line_1_17' title="bbox 193 2342 1528 2431; baseline -0.002 -20"><span class='ocrx_word' id='word_1_158' title='bbox 193 2344 258 2411; x_wconf 80' lang='lat' dir='ltr'><strong><em>erit</em></strong></span> <span class='ocrx_word' id='word_1_159' title='bbox 271 2342 470 2411; x_wconf 78' lang='lat' dir='ltr'><strong><em>solemnitas</em></strong></span> <span class='ocrx_word' id='word_1_160' title='bbox 483 2343 625 2409; x_wconf 78' lang='lat' dir='ltr'><strong><em>Doraiui</em></strong></span> <span class='ocrx_word' id='word_1_161' title='bbox 637 2371 667 2411; x_wconf 89' lang='lat'><strong><em>».</em></strong></span> <span class='ocrx_word' id='word_1_162' title='bbox 682 2342 765 2410; x_wconf 90' lang='lat' dir='ltr'><strong><em>lnde</em></strong></span> <span class='ocrx_word' id='word_1_163' title='bbox 780 2367 802 2411; x_wconf 86' lang='lat' dir='ltr'><strong><em>a</em></strong></span> <span class='ocrx_word' id='word_1_164' title='bbox 814 2365 847 2410; x_wconf 89' lang='lat' dir='ltr'><strong><em>v.</em></strong></span> <span class='ocrx_word' id='word_1_165' title='bbox 867 2350 887 2410; x_wconf 86' lang='lat'>5</span> <span class='ocrx_word' id='word_1_166' title='bbox 901 2366 922 2411; x_wconf 89' lang='lat' dir='ltr'><strong><em>a</em></strong></span> <span class='ocrx_word' id='word_1_167' title='bbox 937 2342 1065 2431; x_wconf 82' lang='lat' dir='ltr'><strong><em>plurali</em></strong></span> <span class='ocrx_word' id='word_1_168' title='bbox 1084 2343 1301 2411; x_wconf 82' lang='lat' dir='ltr'><strong><em>descenditur</em></strong></span> <span class='ocrx_word' id='word_1_169' title='bbox 1314 2342 1359 2410; x_wconf 91' lang='lat' dir='ltr'><strong><em>ad</em></strong></span> <span class='ocrx_word' id='word_1_170' title='bbox 1379 2342 1528 2428; x_wconf 79' lang='lat' dir='ltr'><strong><em>singula-</em></strong></span> 
     </span>
     <span class='ocr_line' id='line_1_18' title="bbox 192 2448 1529 2540; baseline -0.001 -23"><span class='ocrx_word' id='word_1_171' title='bbox 192 2473 266 2517; x_wconf 86' lang='lat' dir='ltr'><strong><em>rem</em></strong></span> <span class='ocrx_word' id='word_1_172' title='bbox 280 2450 336 2540; x_wconf 83' lang='lat' dir='ltr'><strong>(cf.</strong></span> <span class='ocrx_word' id='word_1_173' title='bbox 352 2448 480 2538; x_wconf 61' lang='lat' dir='ltr'><strong><em>imi),</em></strong></span> <span class='ocrx_word' id='word_1_174' title='bbox 495 2472 565 2540; x_wconf 91' lang='lat' dir='ltr'><strong><em>quo</em></strong></span> <span class='ocrx_word' id='word_1_175' title='bbox 579 2470 724 2517; x_wconf 91' lang='lat' dir='ltr'><strong><em>numero</em></strong></span> <span class='ocrx_word' id='word_1_176' title='bbox 734 2450 993 2540; x_wconf 81' lang='lat' dir='ltr'><strong><em>antiquissimae</em></strong></span> <span class='ocrx_word' id='word_1_177' title='bbox 1008 2449 1102 2538; x_wconf 83' lang='lat' dir='ltr'><strong><em>leges</em></strong></span> <span class='ocrx_word' id='word_1_178' title='bbox 1121 2449 1268 2540; x_wconf 82' lang='lat' dir='ltr'><strong><em>exprimi</em></strong></span> <span class='ocrx_word' id='word_1_179' title='bbox 1278 2456 1529 2516; x_wconf 86' lang='lat' dir='ltr'><strong><em>consueverunt</em></strong></span> 
     </span>
     <span class='ocr_line' id='line_1_19' title="bbox 194 2555 1524 2647; baseline -0.001 -24"><span class='ocrx_word' id='word_1_180' title='bbox 194 2555 355 2647; x_wconf 66' lang='lat' dir='ltr'><strong><em>(uittae).</em></strong></span> <span class='ocrx_word' id='word_1_181' title='bbox 374 2556 433 2623; x_wconf 91' lang='lat' dir='ltr'><strong><em>Hic</em></strong></span> <span class='ocrx_word' id='word_1_182' title='bbox 446 2555 610 2646; x_wconf 86' lang='lat' dir='ltr'><strong><em>septimus</em></strong></span> <span class='ocrx_word' id='word_1_183' title='bbox 623 2556 702 2622; x_wconf 85' lang='lat' dir='ltr'><strong><em>festi</em></strong></span> <span class='ocrx_word' id='word_1_184' title='bbox 717 2555 790 2623; x_wconf 89' lang='lat' dir='ltr'><strong><em>dies</em></strong></span> <span class='ocrx_word' id='word_1_185' title='bbox 803 2561 948 2623; x_wconf 84' lang='lat' dir='ltr'><strong><em>vocatur</em></strong></span> <span class='ocrx_word' id='word_1_186' title='bbox 960 2572 998 2623; x_wconf 76' lang='lat' dir='ltr'><strong><em>ru</em></strong></span> <span class='ocrx_word' id='word_1_187' title='bbox 1016 2563 1132 2639; x_wconf 54' lang='lat' dir='ltr'><strong><em>izit,</em></strong></span> <span class='ocrx_word' id='word_1_188' title='bbox 1146 2562 1179 2623; x_wconf 90' lang='lat' dir='ltr'><strong><em>et</em></strong></span> <span class='ocrx_word' id='word_1_189' title='bbox 1195 2561 1272 2623; x_wconf 78' lang='lat' dir='ltr'><strong><em>Lev,</em></strong></span> <span class='ocrx_word' id='word_1_190' title='bbox 1286 2561 1365 2637; x_wconf 56' lang='lat' dir='ltr'><strong><em>23st</em></strong></span> <span class='ocrx_word' id='word_1_191' title='bbox 1380 2555 1524 2645; x_wconf 89' lang='lat' dir='ltr'><strong><em>primus.</em></strong></span> 
     </span>
     <span class='ocr_line' id='line_1_20' title="bbox 192 2662 1528 2753; baseline -0.004 -21"><span class='ocrx_word' id='word_1_192' title='bbox 192 2668 324 2753; x_wconf 85' lang='lat' dir='ltr'><strong><em>Reapse</em></strong></span> <span class='ocrx_word' id='word_1_193' title='bbox 344 2669 488 2753; x_wconf 86' lang='lat' dir='ltr'><strong><em>uterque</em></strong></span> <span class='ocrx_word' id='word_1_194' title='bbox 505 2670 579 2729; x_wconf 90' lang='lat' dir='ltr'><strong><em>erat</em></strong></span> <span class='ocrx_word' id='word_1_195' title='bbox 594 2662 725 2750; x_wconf 79' lang='lat' dir='ltr'><strong><em>festum</em></strong></span> <span class='ocrx_word' id='word_1_196' title='bbox 744 2666 794 2745; x_wconf 90' lang='lat' dir='ltr'><strong><em>et,</em></strong></span> <span class='ocrx_word' id='word_1_197' title='bbox 817 2662 964 2730; x_wconf 76' lang='lat' dir='ltr'><strong><em>licetrtu</em></strong></span> <span class='ocrx_word' id='word_1_198' title='bbox 979 2662 1147 2750; x_wconf 84' lang='lat' dir='ltr'><strong><em>signifieat</em></strong></span> <span class='ocrx_word' id='word_1_199' title='bbox 1168 2690 1185 2725; x_wconf 79' lang='grc' dir='ltr'><strong>κ</strong></span> <span class='ocrx_word' id='word_1_200' title='bbox 1207 2663 1333 2729; x_wconf 87' lang='lat' dir='ltr'><strong><em>saltare</em></strong></span> <span class='ocrx_word' id='word_1_201' title='bbox 1357 2689 1387 2745; x_wconf 74' lang='lat' dir='ltr'><strong><em>s,</em></strong></span> <span class='ocrx_word' id='word_1_202' title='bbox 1412 2666 1528 2729; x_wconf 79' lang='lat' dir='ltr'><strong><em>tauron</em></strong></span> 
     </span>
     <span class='ocr_line' id='line_1_21' title="bbox 192 2768 1526 2860; baseline -0.003 -23"><span class='ocrx_word' id='word_1_203' title='bbox 192 2769 325 2837; x_wconf 89' lang='lat' dir='ltr'><strong><em>nomini</em></strong></span> <span class='ocrx_word' id='word_1_204' title='bbox 339 2785 377 2835; x_wconf 78' lang='lat' dir='ltr'><strong><em>ru</em></strong></span> <span class='ocrx_word' id='word_1_205' title='bbox 392 2789 576 2860; x_wconf 80' lang='lat' dir='ltr'><strong><em>perperam</em></strong></span> <span class='ocrx_word' id='word_1_206' title='bbox 593 2768 749 2856; x_wconf 80' lang='lat' dir='ltr'><strong><em>affigitur</em></strong></span> <span class='ocrx_word' id='word_1_207' title='bbox 764 2768 973 2857; x_wconf 82' lang='lat' dir='ltr'><strong><em>significatio</em></strong></span> <span class='ocrx_word' id='word_1_208' title='bbox 991 2768 1310 2859; x_wconf 82' lang='lat' dir='ltr'><strong><em>«peregrinationis</em></strong></span> <span class='ocrx_word' id='word_1_209' title='bbox 1328 2796 1358 2835; x_wconf 81' lang='lat' dir='ltr'><strong><em>u.</em></strong></span> <span class='ocrx_word' id='word_1_210' title='bbox 1376 2774 1415 2835; x_wconf 91' lang='lat' dir='ltr'><strong><em>ln</em></strong></span> <span class='ocrx_word' id='word_1_211' title='bbox 1430 2770 1526 2835; x_wconf 86' lang='lat' dir='ltr'><strong><em>cuius</em></strong></span> 
     </span>
     <span class='ocr_line' id='line_1_22' title="bbox 192 2875 1528 2965; baseline -0.002 -24"><span class='ocrx_word' id='word_1_212' title='bbox 192 2876 305 2944; x_wconf 91' lang='lat' dir='ltr'><strong><em>locum</em></strong></span> <span class='ocrx_word' id='word_1_213' title='bbox 320 2880 416 2942; x_wconf 85' lang='lat' dir='ltr'><strong><em>Dent.</em></strong></span> <span class='ocrx_word' id='word_1_214' title='bbox 432 2875 692 2957; x_wconf 68' lang='lat' dir='ltr'><strong><em>lassabimur</em></strong></span> <span class='ocrx_word' id='word_1_215' title='bbox 707 2898 772 2941; x_wconf 77' lang='lat' dir='ltr'><strong><em>vox</em></strong></span> <span class='ocrx_word' id='word_1_216' title='bbox 786 2888 886 2947; x_wconf 65' lang='lat' dir='ltr'><strong><em>nutv,</em></strong></span> <span class='ocrx_word' id='word_1_217' title='bbox 903 2886 1082 2965; x_wconf 76' lang='grc' dir='ltr'>πανήγυρις.</span> <span class='ocrx_word' id='word_1_218' title='bbox 1097 2898 1129 2943; x_wconf 80' lang='lat' dir='ltr'><strong><em>r.</em></strong></span> <span class='ocrx_word' id='word_1_219' title='bbox 1141 2883 1161 2942; x_wconf 76' lang='lat'><strong><em>‘1</em></strong></span> <span class='ocrx_word' id='word_1_220' title='bbox 1174 2906 1188 2937; x_wconf 91' lang='lat'>«</span> <span class='ocrx_word' id='word_1_221' title='bbox 1203 2878 1337 2965; x_wconf 80' lang='lat' dir='ltr'><strong><em>Azpma</em></strong></span> <span class='ocrx_word' id='word_1_222' title='bbox 1348 2875 1528 2941; x_wconf 67' lang='lat' dir='ltr'><strong><em>committis</em></strong></span> 
     </span>
     <span class='ocr_line' id='line_1_23' title="bbox 192 2964 1528 3072; baseline -0.003 -24"><span class='ocrx_word' id='word_1_223' title='bbox 192 2995 319 3072; x_wconf 82' lang='lat' dir='ltr'><strong><em>septem</em></strong></span> <span class='ocrx_word' id='word_1_224' title='bbox 333 2980 449 3048; x_wconf 80' lang='lat' dir='ltr'><strong><em>diebus</em></strong></span> <span class='ocrx_word' id='word_1_225' title='bbox 463 3009 478 3040; x_wconf 75' lang='grc' dir='ltr'><strong><em>ι)</em></strong></span> <span class='ocrx_word' id='word_1_226' title='bbox 499 3004 569 3049; x_wconf 89' lang='lat'><strong><em>:-</em></strong></span> <span class='ocrx_word' id='word_1_227' title='bbox 586 2983 687 3047; x_wconf 81' lang='lat' dir='ltr'><strong><em>Hebr.</em></strong></span> <span class='ocrx_word' id='word_1_228' title='bbox 705 2980 901 3048; x_wconf 85' lang='lat' dir='ltr'><strong><em>comedetur</em></strong></span> <span class='ocrx_word' id='word_1_229' title='bbox 914 3018 959 3032; x_wconf 93' lang='lat'>—</span> <span class='ocrx_word' id='word_1_230' title='bbox 980 3008 996 3043; x_wconf 75' lang='lat' dir='ltr'><strong><em>a</em></strong></span> <span class='ocrx_word' id='word_1_231' title='bbox 1015 3004 1085 3048; x_wconf 82' lang='lat' dir='ltr'><strong><em>aon</em></strong></span> <span class='ocrx_word' id='word_1_232' title='bbox 1103 2980 1281 3072; x_wconf 81' lang='lat' dir='ltr'><strong><em>apparebit</em></strong></span> <span class='ocrx_word' id='word_1_233' title='bbox 1300 2964 1396 3071; x_wconf 73' lang='lat' dir='ltr'><strong><em>apiit</em></strong></span> <span class='ocrx_word' id='word_1_234' title='bbox 1413 2994 1445 3045; x_wconf 84' lang='lat' dir='ltr'><strong><em>te</em></strong></span> <span class='ocrx_word' id='word_1_235' title='bbox 1464 2981 1528 3046; x_wconf 85' lang='lat' dir='ltr'><strong><em>ali-</em></strong></span> 
     </span>
     <span class='ocr_line' id='line_1_24' title="bbox 192 3077 1521 3178; baseline -0.003 -23"><span class='ocrx_word' id='word_1_236' title='bbox 192 3087 279 3178; x_wconf 78' lang='lat' dir='ltr'><strong><em>quid</em></strong></span> <span class='ocrx_word' id='word_1_237' title='bbox 286 3077 550 3178; x_wconf 77' lang='lat' dir='ltr'><strong><em>fermentatum,</em></strong></span> <span class='ocrx_word' id='word_1_238' title='bbox 568 3110 628 3154; x_wconf 83' lang='lat' dir='ltr'><strong><em>aee</em></strong></span> <span class='ocrx_word' id='word_1_239' title='bbox 643 3088 680 3153; x_wconf 86' lang='lat' dir='ltr'><strong><em>in</em></strong></span> <span class='ocrx_word' id='word_1_240' title='bbox 692 3087 825 3155; x_wconf 78' lang='lat' dir='ltr'><strong><em>curretis</em></strong></span> <span class='ocrx_word' id='word_1_241' title='bbox 838 3088 965 3177; x_wconf 76' lang='lat' dir='ltr'><strong><em>finibus</em></strong></span> <span class='ocrx_word' id='word_1_242' title='bbox 981 3087 1050 3155; x_wconf 84' lang='lat' dir='ltr'><strong><em>tuis</em></strong></span> <span class='ocrx_word' id='word_1_243' title='bbox 1067 3116 1096 3155; x_wconf 78' lang='lat' dir='ltr'><strong><em>u,</em></strong></span> <span class='ocrx_word' id='word_1_244' title='bbox 1114 3094 1213 3169; x_wconf 73' lang='lat'><strong>12‚15</strong></span> <span class='ocrx_word' id='word_1_245' title='bbox 1234 3116 1249 3149; x_wconf 75' lang='grc' dir='ltr'>α</span> <span class='ocrx_word' id='word_1_246' title='bbox 1264 3088 1301 3154; x_wconf 91' lang='lat' dir='ltr'><strong><em>in</em></strong></span> <span class='ocrx_word' id='word_1_247' title='bbox 1314 3085 1475 3155; x_wconf 89' lang='lat' dir='ltr'><strong><em>domibus</em></strong></span> <span class='ocrx_word' id='word_1_248' title='bbox 1492 3116 1521 3151; x_wconf 84' lang='lat'><strong><em>»,</em></strong></span> 
     </span>
     <span class='ocr_line' id='line_1_25' title="bbox 192 3192 1527 3285; baseline -0.002 -25"><span class='ocrx_word' id='word_1_249' title='bbox 192 3216 225 3261; x_wconf 86' lang='lat' dir='ltr'><strong><em>v.</em></strong></span> <span class='ocrx_word' id='word_1_250' title='bbox 242 3201 263 3262; x_wconf 88' lang='lat'><strong>8</strong></span> <span class='ocrx_word' id='word_1_251' title='bbox 277 3222 294 3256; x_wconf 75' lang='grc' dir='ltr'><strong><em>ι(</em></strong></span> <span class='ocrx_word' id='word_1_252' title='bbox 306 3194 537 3285; x_wconf 84' lang='lat' dir='ltr'><strong><em>Narrabisque</em></strong></span> <span class='ocrx_word' id='word_1_253' title='bbox 548 3193 623 3283; x_wconf 78' lang='lat' dir='ltr'><strong><em>filio</em></strong></span> <span class='ocrx_word' id='word_1_254' title='bbox 640 3205 698 3260; x_wconf 89' lang='lat' dir='ltr'><strong><em>tuo</em></strong></span> <span class='ocrx_word' id='word_1_255' title='bbox 714 3194 751 3261; x_wconf 87' lang='lat' dir='ltr'><strong><em>in</em></strong></span> <span class='ocrx_word' id='word_1_256' title='bbox 766 3193 822 3261; x_wconf 84' lang='lat' dir='ltr'><strong><em>die</em></strong></span> <span class='ocrx_word' id='word_1_257' title='bbox 836 3194 896 3261; x_wconf 88' lang='lat' dir='ltr'><strong><em>illo</em></strong></span> <span class='ocrx_word' id='word_1_258' title='bbox 908 3194 1024 3261; x_wconf 84' lang='lat' dir='ltr'><strong><em>dicens</em></strong></span> <span class='ocrx_word' id='word_1_259' title='bbox 1036 3217 1049 3260; x_wconf 88' lang='lat'><strong><em>.·</em></strong></span> <span class='ocrx_word' id='word_1_260' title='bbox 1059 3198 1133 3261; x_wconf 86' lang='lat' dir='ltr'><strong><em>Hoc</em></strong></span> <span class='ocrx_word' id='word_1_261' title='bbox 1148 3207 1213 3275; x_wconf 89' lang='lat' dir='ltr'><strong><em>est,</em></strong></span> <span class='ocrx_word' id='word_1_262' title='bbox 1232 3194 1325 3285; x_wconf 80' lang='lat' dir='ltr'><strong><em>quoti</em></strong></span> <span class='ocrx_word' id='word_1_263' title='bbox 1332 3193 1421 3283; x_wconf 76' lang='lat' dir='ltr'><strong><em>feeit</em></strong></span> <span class='ocrx_word' id='word_1_264' title='bbox 1442 3192 1527 3259; x_wconf 83' lang='lat' dir='ltr'><strong><em>ruibi</em></strong></span> 
     </span>
     <span class='ocr_line' id='line_1_26' title="bbox 191 3299 1522 3391; baseline -0.003 -23"><span class='ocrx_word' id='word_1_265' title='bbox 191 3300 375 3387; x_wconf 81' lang='lat' dir='ltr'><strong><em>Dominus,</em></strong></span> <span class='ocrx_word' id='word_1_266' title='bbox 395 3300 535 3391; x_wconf 68' lang='lat' dir='ltr'><strong><em>putando</em></strong></span> <span class='ocrx_word' id='word_1_267' title='bbox 546 3323 699 3390; x_wconf 75' lang='lat' dir='ltr'><strong><em>opressus</em></strong></span> <span class='ocrx_word' id='word_1_268' title='bbox 708 3322 783 3367; x_wconf 88' lang='lat' dir='ltr'><strong><em>sum</em></strong></span> <span class='ocrx_word' id='word_1_269' title='bbox 797 3300 839 3368; x_wconf 84' lang='lat' dir='ltr'><strong><em>de</em></strong></span> <span class='ocrx_word' id='word_1_270' title='bbox 854 3304 1010 3391; x_wconf 73' lang='lat' dir='ltr'><strong><em>Aeqypto</em></strong></span> <span class='ocrx_word' id='word_1_271' title='bbox 1027 3330 1058 3369; x_wconf 81' lang='lat' dir='ltr'><strong><em>u.</em></strong></span> <span class='ocrx_word' id='word_1_272' title='bbox 1076 3302 1287 3369; x_wconf 81' lang='lat' dir='ltr'><strong><em>verbotenus</em></strong></span> <span class='ocrx_word' id='word_1_273' title='bbox 1299 3322 1307 3369; x_wconf 91' lang='lat'>:</span> <span class='ocrx_word' id='word_1_274' title='bbox 1316 3313 1459 3390; x_wconf 79' lang='lat' dir='ltr'><strong><em>propter</em></strong></span> <span class='ocrx_word' id='word_1_275' title='bbox 1475 3299 1522 3377; x_wconf 74' lang='lat' dir='ltr'><strong><em>tu,</em></strong></span> 
     </span>
     <span class='ocr_line' id='line_1_27' title="bbox 191 3406 1525 3497; baseline -0.003 -23"><span class='ocrx_word' id='word_1_276' title='bbox 191 3407 286 3497; x_wconf 84' lang='lat' dir='ltr'><strong><em>quod</em></strong></span> <span class='ocrx_word' id='word_1_277' title='bbox 297 3407 387 3495; x_wconf 81' lang='lat' dir='ltr'><strong><em>serit</em></strong></span> <span class='ocrx_word' id='word_1_278' title='bbox 406 3406 492 3474; x_wconf 87' lang='lat' dir='ltr'><strong><em>mibi</em></strong></span> <span class='ocrx_word' id='word_1_279' title='bbox 514 3407 696 3494; x_wconf 82' lang='lat' dir='ltr'><strong><em>Dominus,</em></strong></span> <span class='ocrx_word' id='word_1_280' title='bbox 717 3447 763 3456; x_wconf 94' lang='lat'><em>-</em></span> <span class='ocrx_word' id='word_1_281' title='bbox 788 3408 910 3497; x_wconf 90' lang='lat' dir='ltr'><strong><em>supple</em></strong></span> <span class='ocrx_word' id='word_1_282' title='bbox 929 3431 936 3476; x_wconf 95' lang='lat'><strong>:</strong></span> <span class='ocrx_word' id='word_1_283' title='bbox 954 3408 1044 3476; x_wconf 87' lang='lat' dir='ltr'><strong><em>hanc</em></strong></span> <span class='ocrx_word' id='word_1_284' title='bbox 1066 3428 1265 3495; x_wconf 82' lang='lat' dir='ltr'><strong><em>azymorum</em></strong></span> <span class='ocrx_word' id='word_1_285' title='bbox 1288 3407 1402 3495; x_wconf 83' lang='lat' dir='ltr'><strong><em>legem</em></strong></span> <span class='ocrx_word' id='word_1_286' title='bbox 1427 3428 1525 3473; x_wconf 90' lang='lat' dir='ltr'><strong><em>servo</em></strong></span> 
     </span>
     <span class='ocr_line' id='line_1_28' title="bbox 192 3513 1527 3603; baseline -0.001 -23"><span class='ocrx_word' id='word_1_287' title='bbox 192 3513 315 3601; x_wconf 59' lang='lat' dir='ltr'><strong><em>(Vae).</em></strong></span> <span class='ocrx_word' id='word_1_288' title='bbox 332 3528 369 3578; x_wconf 74' lang='lat' dir='ltr'><strong><em>ut</em></strong></span> <span class='ocrx_word' id='word_1_289' title='bbox 387 3513 637 3599; x_wconf 81' lang='lat' dir='ltr'><strong><em>significatione</em></strong></span> <span class='ocrx_word' id='word_1_290' title='bbox 652 3515 697 3595; x_wconf 87' lang='lat' dir='ltr'><strong><em>is,</em></strong></span> <span class='ocrx_word' id='word_1_291' title='bbox 714 3514 778 3603; x_wconf 87' lang='lat' dir='ltr'><strong><em>qui</em></strong></span> <span class='ocrx_word' id='word_1_292' title='bbox 792 3515 896 3581; x_wconf 86' lang='lat' dir='ltr'><strong><em>etiam</em></strong></span> <span class='ocrx_word' id='word_1_293' title='bbox 913 3514 1060 3581; x_wconf 87' lang='lat' dir='ltr'><strong><em>habetur</em></strong></span> <span class='ocrx_word' id='word_1_294' title='bbox 1075 3513 1389 3597; x_wconf 66' lang='lat' dir='ltr'>10b‚19‚19;15‚17.</span> <span class='ocrx_word' id='word_1_295' title='bbox 1408 3540 1424 3573; x_wconf 88' lang='lat'>«</span> <span class='ocrx_word' id='word_1_296' title='bbox 1443 3519 1527 3579; x_wconf 84' lang='lat' dir='ltr'><strong><em>bor-</em></strong></span> 
     </span>
     <span class='ocr_line' id='line_1_29' title="bbox 191 3618 1524 3710; baseline -0.001 -26"><span class='ocrx_word' id='word_1_297' title='bbox 191 3620 282 3685; x_wconf 86' lang='lat' dir='ltr'><strong><em>trina</em></strong></span> <span class='ocrx_word' id='word_1_298' title='bbox 296 3618 485 3687; x_wconf 87' lang='lat' dir='ltr'><strong><em>domestica</em></strong></span> <span class='ocrx_word' id='word_1_299' title='bbox 499 3619 711 3710; x_wconf 85' lang='lat' dir='ltr'><strong><em>praecipitur</em></strong></span> <span class='ocrx_word' id='word_1_300' title='bbox 722 3620 762 3700; x_wconf 85' lang='lat' dir='ltr'><strong><em>in</em></strong></span> <span class='ocrx_word' id='word_1_301' title='bbox 782 3621 999 3688; x_wconf 86' lang='lat' dir='ltr'><strong><em>solemnitate</em></strong></span> <span class='ocrx_word' id='word_1_302' title='bbox 1022 3620 1206 3710; x_wconf 81' lang='lat' dir='ltr'><strong><em>paschali»</em></strong></span> <span class='ocrx_word' id='word_1_303' title='bbox 1225 3618 1344 3709; x_wconf 80' lang='lat' dir='ltr'><strong><em>(Gai).</em></strong></span> <span class='ocrx_word' id='word_1_304' title='bbox 1361 3642 1392 3687; x_wconf 89' lang='lat' dir='ltr'><strong><em>v.</em></strong></span> <span class='ocrx_word' id='word_1_305' title='bbox 1412 3626 1431 3687; x_wconf 89' lang='grc'><strong>9</strong></span> <span class='ocrx_word' id='word_1_306' title='bbox 1448 3647 1462 3679; x_wconf 87' lang='lat'>«</span> <span class='ocrx_word' id='word_1_307' title='bbox 1481 3622 1524 3683; x_wconf 83' lang='lat' dir='ltr'><strong><em>Et</em></strong></span> 
     </span>
     <span class='ocr_line' id='line_1_30' title="bbox 192 3724 1524 3817; baseline 0.002 -31"><span class='ocrx_word' id='word_1_308' title='bbox 192 3725 258 3791; x_wconf 79' lang='lat' dir='ltr'><strong><em>erit</em></strong></span> <span class='ocrx_word' id='word_1_309' title='bbox 274 3753 290 3788; x_wconf 82' lang='lat' dir='ltr'><strong><em>u</em></strong></span> <span class='ocrx_word' id='word_1_310' title='bbox 306 3724 500 3793; x_wconf 87' lang='lat' dir='ltr'><strong><em>observatio</em></strong></span> <span class='ocrx_word' id='word_1_311' title='bbox 511 3726 597 3813; x_wconf 81' lang='lat' dir='ltr'><strong><em>legis</em></strong></span> <span class='ocrx_word' id='word_1_312' title='bbox 610 3748 811 3814; x_wconf 74' lang='lat' dir='ltr'><strong><em>azymorum</em></strong></span> <span class='ocrx_word' id='word_1_313' title='bbox 827 3754 844 3788; x_wconf 80' lang='lat' dir='ltr'><strong>r</strong></span> <span class='ocrx_word' id='word_1_314' title='bbox 861 3728 964 3817; x_wconf 85' lang='lat' dir='ltr'><strong><em>quasi</em></strong></span> <span class='ocrx_word' id='word_1_315' title='bbox 978 3727 1120 3816; x_wconf 71' lang='lat' dir='ltr'><strong><em>siquam</em></strong></span> <span class='ocrx_word' id='word_1_316' title='bbox 1137 3726 1173 3793; x_wconf 86' lang='lat' dir='ltr'><strong><em>iu</em></strong></span> <span class='ocrx_word' id='word_1_317' title='bbox 1193 3749 1297 3793; x_wconf 77' lang='lat' dir='ltr'><strong><em>triano</em></strong></span> <span class='ocrx_word' id='word_1_318' title='bbox 1315 3738 1374 3793; x_wconf 87' lang='lat' dir='ltr'><strong><em>tua</em></strong></span> <span class='ocrx_word' id='word_1_319' title='bbox 1392 3754 1421 3808; x_wconf 76' lang='lat' dir='ltr'><strong><em>s,</em></strong></span> <span class='ocrx_word' id='word_1_320' title='bbox 1435 3726 1524 3815; x_wconf 86' lang='lat' dir='ltr'><strong><em>qnod</em></strong></span> 
     </span>
     <span class='ocr_line' id='line_1_31' title="bbox 192 3830 1524 3923; baseline -0.002 -26"><span class='ocrx_word' id='word_1_321' title='bbox 192 3832 264 3921; x_wconf 91' lang='lat' dir='ltr'><strong><em>ipse</em></strong></span> <span class='ocrx_word' id='word_1_322' title='bbox 281 3853 350 3899; x_wconf 89' lang='lat' dir='ltr'><strong><em>non</em></strong></span> <span class='ocrx_word' id='word_1_323' title='bbox 365 3837 461 3922; x_wconf 87' lang='lat' dir='ltr'><strong><em>potes</em></strong></span> <span class='ocrx_word' id='word_1_324' title='bbox 475 3830 648 3912; x_wconf 86' lang='lat' dir='ltr'><strong><em>oblivisci,</em></strong></span> <span class='ocrx_word' id='word_1_325' title='bbox 666 3834 749 3922; x_wconf 87' lang='lat' dir='ltr'><strong><em>quia</em></strong></span> <span class='ocrx_word' id='word_1_326' title='bbox 762 3855 898 3923; x_wconf 90' lang='lat' dir='ltr'><strong><em>semper</em></strong></span> <span class='ocrx_word' id='word_1_327' title='bbox 911 3833 1000 3900; x_wconf 89' lang='lat' dir='ltr'><strong><em>illud</em></strong></span> <span class='ocrx_word' id='word_1_328' title='bbox 1016 3832 1126 3917; x_wconf 80' lang='lat' dir='ltr'><strong><em>videa,</em></strong></span> <span class='ocrx_word' id='word_1_329' title='bbox 1144 3860 1160 3894; x_wconf 74' lang='lat' dir='ltr'><strong><em>a</em></strong></span> <span class='ocrx_word' id='word_1_330' title='bbox 1177 3846 1210 3899; x_wconf 89' lang='lat' dir='ltr'><strong><em>et</em></strong></span> <span class='ocrx_word' id='word_1_331' title='bbox 1225 3833 1325 3922; x_wconf 86' lang='lat' dir='ltr'><strong><em>quasi</em></strong></span> <span class='ocrx_word' id='word_1_332' title='bbox 1340 3834 1524 3899; x_wconf 81' lang='lat' dir='ltr'><strong><em>usouimeu-</em></strong></span> 
     </span>
     <span class='ocr_line' id='line_1_32' title="bbox 192 3938 1519 4029; baseline 0.002 -27"><span class='ocrx_word' id='word_1_333' title='bbox 192 3950 266 4004; x_wconf 91' lang='lat' dir='ltr'><strong><em>tum</em></strong></span> <span class='ocrx_word' id='word_1_334' title='bbox 285 3950 368 4006; x_wconf 89' lang='lat' dir='ltr'><strong><em>aute</em></strong></span> <span class='ocrx_word' id='word_1_335' title='bbox 388 3966 420 4023; x_wconf 82' lang='lat' dir='ltr'><strong><em>u,</em></strong></span> <span class='ocrx_word' id='word_1_336' title='bbox 440 3960 500 4005; x_wconf 91' lang='lat' dir='ltr'><strong><em>seu</em></strong></span> <span class='ocrx_word' id='word_1_337' title='bbox 527 3938 654 4019; x_wconf 88' lang='lat' dir='ltr'><strong><em>verius,</em></strong></span> <span class='ocrx_word' id='word_1_338' title='bbox 676 3940 775 4023; x_wconf 81' lang='lat' dir='ltr'><strong><em>mter,</em></strong></span> <span class='ocrx_word' id='word_1_339' title='bbox 800 3968 816 4001; x_wconf 66' lang='grc' dir='ltr'><strong><em>(ι</em></strong></span> <span class='ocrx_word' id='word_1_340' title='bbox 839 3940 954 4006; x_wconf 83' lang='lat' dir='ltr'><strong><em>oculos</em></strong></span> <span class='ocrx_word' id='word_1_341' title='bbox 978 3952 1053 4006; x_wconf 88' lang='lat' dir='ltr'><strong><em>tuos</em></strong></span> <span class='ocrx_word' id='word_1_342' title='bbox 1077 3966 1092 4001; x_wconf 77' lang='lat' dir='ltr'><strong><em>u</em></strong></span> <span class='ocrx_word' id='word_1_343' title='bbox 1114 3940 1171 4029; x_wconf 80' lang='lat' dir='ltr'><strong><em>(ci.</em></strong></span> <span class='ocrx_word' id='word_1_344' title='bbox 1190 3944 1284 4009; x_wconf 85' lang='lat' dir='ltr'><strong><em>Dent.</em></strong></span> <span class='ocrx_word' id='word_1_345' title='bbox 1307 3940 1519 4029; x_wconf 79' lang='lat' dir='ltr'><strong><em>1t‚1),e1·g0</em></strong></span> 
     </span>
     <span class='ocr_line' id='line_1_33' title="bbox 189 4044 1528 4136; baseline -0.001 -27"><span class='ocrx_word' id='word_1_346' title='bbox 189 4044 296 4111; x_wconf 83' lang='lat' dir='ltr'><strong><em>fronti</em></strong></span> <span class='ocrx_word' id='word_1_347' title='bbox 316 4044 520 4134; x_wconf 88' lang='lat' dir='ltr'><strong><em>impressum</em></strong></span> <span class='ocrx_word' id='word_1_348' title='bbox 544 4044 704 4136; x_wconf 89' lang='lat' dir='ltr'><strong><em>quodque</em></strong></span> <span class='ocrx_word' id='word_1_349' title='bbox 725 4045 810 4112; x_wconf 92' lang='lat' dir='ltr'><strong><em>alios</em></strong></span> <span class='ocrx_word' id='word_1_350' title='bbox 834 4046 953 4136; x_wconf 90' lang='lat' dir='ltr'><strong><em>nequit</em></strong></span> <span class='ocrx_word' id='word_1_351' title='bbox 978 4046 1103 4128; x_wconf 84' lang='lat' dir='ltr'><strong><em>latere,</em></strong></span> <span class='ocrx_word' id='word_1_352' title='bbox 1124 4073 1139 4107; x_wconf 80' lang='grc' dir='ltr'>α</span> <span class='ocrx_word' id='word_1_353' title='bbox 1164 4044 1217 4136; x_wconf 85' lang='lat' dir='ltr'><strong><em>[et]</em></strong></span> <span class='ocrx_word' id='word_1_354' title='bbox 1251 4058 1289 4112; x_wconf 89' lang='lat' dir='ltr'><strong><em>ut</em></strong></span> <span class='ocrx_word' id='word_1_355' title='bbox 1311 4046 1368 4112; x_wconf 80' lang='lat' dir='ltr'><strong><em>lea</em></strong></span> <span class='ocrx_word' id='word_1_356' title='bbox 1392 4045 1528 4111; x_wconf 78' lang='lat' dir='ltr'><strong><em>Dooiim&#39;</em></strong></span> 
     </span>
     <span class='ocr_line' id='line_1_34' title="bbox 190 4150 1525 4242; baseline 0.004 -33"><span class='ocrx_word' id='word_1_357' title='bbox 190 4154 344 4239; x_wconf 73' lang='lat' dir='ltr'><strong><em>[semper]</em></strong></span> <span class='ocrx_word' id='word_1_358' title='bbox 359 4150 405 4218; x_wconf 88' lang='lat' dir='ltr'><strong><em>sit</em></strong></span> <span class='ocrx_word' id='word_1_359' title='bbox 418 4151 455 4218; x_wconf 85' lang='lat' dir='ltr'><strong><em>iu</em></strong></span> <span class='ocrx_word' id='word_1_360' title='bbox 475 4173 530 4217; x_wconf 82' lang='lat' dir='ltr'><strong><em>ore</em></strong></span> <span class='ocrx_word' id='word_1_361' title='bbox 549 4164 608 4217; x_wconf 87' lang='lat' dir='ltr'><strong><em>tuo</em></strong></span> <span class='ocrx_word' id='word_1_362' title='bbox 626 4180 661 4237; x_wconf 85' lang='lat'><strong><em>»‚</em></strong></span> <span class='ocrx_word' id='word_1_363' title='bbox 677 4157 715 4218; x_wconf 85' lang='lat' dir='ltr'><strong><em>ut</em></strong></span> <span class='ocrx_word' id='word_1_364' title='bbox 733 4151 776 4217; x_wconf 92' lang='lat' dir='ltr'><strong><em>de</em></strong></span> <span class='ocrx_word' id='word_1_365' title='bbox 792 4151 853 4219; x_wconf 90' lang='lat' dir='ltr'><strong><em>illa</em></strong></span> <span class='ocrx_word' id='word_1_366' title='bbox 865 4174 966 4242; x_wconf 89' lang='lat' dir='ltr'><strong><em>saepe</em></strong></span> <span class='ocrx_word' id='word_1_367' title='bbox 981 4158 1015 4219; x_wconf 87' lang='lat' dir='ltr'><strong><em>et</em></strong></span> <span class='ocrx_word' id='word_1_368' title='bbox 1027 4152 1175 4219; x_wconf 87' lang='lat' dir='ltr'><strong><em>libenter</em></strong></span> <span class='ocrx_word' id='word_1_369' title='bbox 1185 4152 1337 4242; x_wconf 85' lang='lat' dir='ltr'><strong><em>loquaris</em></strong></span> <span class='ocrx_word' id='word_1_370' title='bbox 1353 4173 1431 4219; x_wconf 85' lang='lat' dir='ltr'><strong><em>eum</em></strong></span> <span class='ocrx_word' id='word_1_371' title='bbox 1447 4150 1525 4215; x_wconf 85' lang='lat' dir='ltr'><strong><em>tiliis</em></strong></span> 
     </span>
     <span class='ocr_line' id='line_1_35' title="bbox 189 4255 1522 4348; baseline -0.002 -24"><span class='ocrx_word' id='word_1_372' title='bbox 189 4255 335 4346; x_wconf 87' lang='lat' dir='ltr'><strong><em>aliisque</em></strong></span> <span class='ocrx_word' id='word_1_373' title='bbox 350 4255 409 4347; x_wconf 84' lang='lat' dir='ltr'><strong><em>(ci.</em></strong></span> <span class='ocrx_word' id='word_1_374' title='bbox 430 4260 524 4323; x_wconf 85' lang='lat' dir='ltr'><strong><em>Dent.</em></strong></span> <span class='ocrx_word' id='word_1_375' title='bbox 539 4258 879 4348; x_wconf 81' lang='lat' dir='ltr'><strong><em>o,r;11,te),ethine</em></strong></span> <span class='ocrx_word' id='word_1_376' title='bbox 896 4280 971 4325; x_wconf 88' lang='lat' dir='ltr'><strong><em>eam</em></strong></span> <span class='ocrx_word' id='word_1_377' title='bbox 992 4258 1094 4326; x_wconf 87' lang='lat' dir='ltr'><strong><em>etiam</em></strong></span> <span class='ocrx_word' id='word_1_378' title='bbox 1109 4257 1236 4326; x_wconf 87' lang='lat' dir='ltr'><strong><em>babeas</em></strong></span> <span class='ocrx_word' id='word_1_379' title='bbox 1248 4260 1285 4326; x_wconf 92' lang='lat' dir='ltr'><strong><em>in</em></strong></span> <span class='ocrx_word' id='word_1_380' title='bbox 1299 4258 1420 4340; x_wconf 88' lang='lat' dir='ltr'><strong><em>eorde,</em></strong></span> <span class='ocrx_word' id='word_1_381' title='bbox 1439 4258 1522 4323; x_wconf 84' lang='lat' dir='ltr'><strong><em>assi-</em></strong></span> 
     </span>
     <span class='ocr_line' id='line_1_36' title="bbox 189 4361 1523 4454; baseline -0.004 -26"><span class='ocrx_word' id='word_1_382' title='bbox 189 4361 258 4431; x_wconf 89' lang='lat' dir='ltr'><strong><em>due</em></strong></span> <span class='ocrx_word' id='word_1_383' title='bbox 274 4363 459 4431; x_wconf 88' lang='lat' dir='ltr'><strong><em>mediteris.</em></strong></span> <span class='ocrx_word' id='word_1_384' title='bbox 482 4393 497 4424; x_wconf 77' lang='grc' dir='ltr'>α</span> <span class='ocrx_word' id='word_1_385' title='bbox 516 4364 556 4429; x_wconf 89' lang='lat' dir='ltr'><strong><em>lo</em></strong></span> <span class='ocrx_word' id='word_1_386' title='bbox 569 4386 676 4431; x_wconf 84' lang='lat' dir='ltr'><strong><em>mauu</em></strong></span> <span class='ocrx_word' id='word_1_387' title='bbox 690 4363 782 4431; x_wconf 84' lang='lat' dir='ltr'><strong><em>euim</em></strong></span> <span class='ocrx_word' id='word_1_388' title='bbox 794 4364 882 4454; x_wconf 82' lang='lat' dir='ltr'><strong><em>sorti</em></strong></span> <span class='ocrx_word' id='word_1_389' title='bbox 896 4364 1016 4431; x_wconf 75' lang='lat' dir='ltr'><strong><em>adiurit</em></strong></span> <span class='ocrx_word' id='word_1_390' title='bbox 1031 4378 1062 4432; x_wconf 88' lang='lat' dir='ltr'><strong><em>te</em></strong></span> <span class='ocrx_word' id='word_1_391' title='bbox 1078 4364 1243 4432; x_wconf 84' lang='lat' dir='ltr'><strong><em>Dominus</em></strong></span> <span class='ocrx_word' id='word_1_392' title='bbox 1262 4364 1303 4431; x_wconf 87' lang='lat' dir='ltr'><strong><em>de</em></strong></span> <span class='ocrx_word' id='word_1_393' title='bbox 1317 4367 1473 4454; x_wconf 74' lang='lat' dir='ltr'><strong><em>Aepypto</em></strong></span> <span class='ocrx_word' id='word_1_394' title='bbox 1493 4394 1523 4443; x_wconf 72' lang='lat' dir='ltr'><strong><em>u,</em></strong></span> 
     </span>
     <span class='ocr_line' id='line_1_37' title="bbox 191 4469 1525 4553; baseline -0.001 -18"><span class='ocrx_word' id='word_1_395' title='bbox 191 4475 225 4535; x_wconf 90' lang='lat' dir='ltr'><strong><em>et</em></strong></span> <span class='ocrx_word' id='word_1_396' title='bbox 243 4469 321 4536; x_wconf 91' lang='lat' dir='ltr'><strong><em>ideo</em></strong></span> <span class='ocrx_word' id='word_1_397' title='bbox 345 4475 507 4553; x_wconf 88' lang='lat' dir='ltr'><strong><em>meretur,</em></strong></span> <span class='ocrx_word' id='word_1_398' title='bbox 529 4474 568 4536; x_wconf 89' lang='lat' dir='ltr'><strong><em>ut</em></strong></span> <span class='ocrx_word' id='word_1_399' title='bbox 587 4471 659 4538; x_wconf 87' lang='lat' dir='ltr'><strong><em>eius</em></strong></span> <span class='ocrx_word' id='word_1_400' title='bbox 682 4470 931 4539; x_wconf 87' lang='lat' dir='ltr'><strong><em>beneficiorum</em></strong></span> <span class='ocrx_word' id='word_1_401' title='bbox 955 4472 1155 4539; x_wconf 87' lang='lat' dir='ltr'><strong><em>recorderis.</em></strong></span> <span class='ocrx_word' id='word_1_402' title='bbox 1182 4495 1215 4537; x_wconf 89' lang='lat' dir='ltr'><strong><em>v.</em></strong></span> <span class='ocrx_word' id='word_1_403' title='bbox 1241 4478 1282 4539; x_wconf 82' lang='lat' dir='ltr'><strong><em>to</em></strong></span> <span class='ocrx_word' id='word_1_404' title='bbox 1306 4500 1321 4534; x_wconf 89' lang='lat'>«</span> <span class='ocrx_word' id='word_1_405' title='bbox 1339 4470 1525 4539; x_wconf 14' lang='lat' dir='ltr'><strong><em>*Cristatus</em></strong></span> 
     </span>
     <span class='ocr_line' id='line_1_38' title="bbox 188 4574 1523 4667; baseline -0.001 -27"><span class='ocrx_word' id='word_1_406' title='bbox 188 4574 426 4644; x_wconf 74' lang='lat' dir='ltr'><strong><em>huiuscemodi</em></strong></span> <span class='ocrx_word' id='word_1_407' title='bbox 436 4577 569 4643; x_wconf 65' lang='lat' dir='ltr'><strong><em>curteum</em></strong></span> <span class='ocrx_word' id='word_1_408' title='bbox 586 4588 712 4644; x_wconf 88' lang='lat' dir='ltr'><strong><em>statuto</em></strong></span> <span class='ocrx_word' id='word_1_409' title='bbox 727 4589 876 4667; x_wconf 84' lang='lat' dir='ltr'><strong><em>tempore</em></strong></span> <span class='ocrx_word' id='word_1_410' title='bbox 892 4602 913 4645; x_wconf 87' lang='lat' dir='ltr'><strong><em>a</em></strong></span> <span class='ocrx_word' id='word_1_411' title='bbox 928 4577 1047 4645; x_wconf 86' lang='lat' dir='ltr'><strong><em>diebus</em></strong></span> <span class='ocrx_word' id='word_1_412' title='bbox 1062 4578 1100 4644; x_wconf 87' lang='lat' dir='ltr'><strong><em>iu</em></strong></span> <span class='ocrx_word' id='word_1_413' title='bbox 1115 4577 1187 4645; x_wconf 84' lang='lat' dir='ltr'><strong><em>dies</em></strong></span> <span class='ocrx_word' id='word_1_414' title='bbox 1204 4606 1234 4665; x_wconf 73' lang='lat' dir='ltr'><strong><em>s,</em></strong></span> <span class='ocrx_word' id='word_1_415' title='bbox 1249 4577 1273 4645; x_wconf 92' lang='lat' dir='ltr'><strong><em>i.</em></strong></span> <span class='ocrx_word' id='word_1_416' title='bbox 1290 4600 1319 4645; x_wconf 91' lang='lat' dir='ltr'><strong><em>e.</em></strong></span> <span class='ocrx_word' id='word_1_417' title='bbox 1345 4607 1360 4639; x_wconf 74' lang='grc' dir='ltr'><strong><em>(ι</em></strong></span> <span class='ocrx_word' id='word_1_418' title='bbox 1377 4576 1420 4644; x_wconf 89' lang='lat' dir='ltr'><strong><em>de</em></strong></span> <span class='ocrx_word' id='word_1_419' title='bbox 1434 4600 1523 4643; x_wconf 87' lang='lat' dir='ltr'><strong><em>anno</em></strong></span> 
     </span>
     <span class='ocr_line' id='line_1_39' title="bbox 190 4680 548 4771; baseline 0.011 -24"><span class='ocrx_word' id='word_1_420' title='bbox 190 4682 228 4748; x_wconf 90' lang='lat' dir='ltr'><strong><em>in</em></strong></span> <span class='ocrx_word' id='word_1_421' title='bbox 242 4703 373 4750; x_wconf 90' lang='lat' dir='ltr'><strong><em>annum</em></strong></span> <span class='ocrx_word' id='word_1_422' title='bbox 390 4710 406 4744; x_wconf 88' lang='lat'>»</span> <span class='ocrx_word' id='word_1_423' title='bbox 429 4680 548 4771; x_wconf 73' lang='lat' dir='ltr'><strong><em>(Coi).</em></strong></span> 
     </span>
    </p>
   </div>
   <div class='ocr_carea' id='block_1_5' title="bbox 0 0 1772 5384">
    <p class='ocr_par' dir='ltr' id='par_1_6' title="bbox 0 0 1772 5384">
     <span class='ocr_line' id='line_1_40' title="bbox 0 0 1772 5384; baseline 0 1"><span class='ocrx_word' id='word_1_424' title='bbox 0 0 1772 5384; x_wconf 95' lang='lat' dir='ltr'><strong><em> </em></strong></span> 
     </span>
    </p>
   </div>
  </div>
 </body>
</html>
