3534 5384
262 343 318 400 {32
743 354 778 398 ax
801 354 939 399 anenno
963 354 993 397 n·
1017 354 1110 399 sium.

257 487 466 556 narrationis
485 486 742 578 quodammodo
759 486 911 555 excedat.
933 491 1005 578 Non
1028 485 1232 577 proponitur
1255 492 1434 575 tamquam
1450 486 1508 551 Dei
1529 485 1593 552 ali-

257 596 351 684 quod
373 592 567 685 eloquium,
590 615 668 660 cum
684 615 752 659 non
780 593 909 660 habeat
926 591 1074 682 praelixa
1095 590 1201 659 verba
1222 614 1230 660 ε
1253 596 1396 659 Locutus
1411 598 1461 658 est
1479 590 1592 658 Domi·

255 724 320 769 nus
330 708 393 769 cte.
409 705 463 768 Est
478 699 586 787 igitur
596 724 628 767 v.
647 703 690 766 tt
701 698 999 790 appendixaliqua
1014 698 1058 767 ad
1073 722 1105 763 v.
1122 704 1176 781 a1,
1188 696 1389 765 exclamatio
1402 696 1592 765 narratoris

255 831 328 877 non
342 807 399 874 nei
412 805 473 873 sed
482 828 543 873 suo
556 806 696 873 nomine
711 828 790 873 cum
801 804 955 896 tripudio
970 804 1156 894 repetentis
1165 804 1279 892 legem
1293 826 1326 870 v.
1349 803 1593 895 inspectatus

256 915 360 982 etiam
373 914 479 980 verba
495 912 739 979 conformantis
754 911 866 979 versui
881 917 922 979 12
941 910 952 1001 (
974 912 999 978 i.
1018 934 1048 978 v.
1067 917 1108 979 29
1122 910 1227 1002 sqq.)‚
1249 909 1309 978 ubi
1324 910 1442 978 clades
1457 918 1491 979 et
1505 910 1592 979 libe-

256 1022 342 1087 ratio
365 1018 457 1087 nocti
479 1019 728 1087 attribuuntur.
758 1043 787 1085 v.
816 1022 858 1085 tt
886 1046 902 1080 a
929 1020 1006 1086 Noa
1031 1016 1096 1085 ista
1119 1030 1168 1085 est
1193 1016 1414 1084 observabilis
1437 1016 1590 1097 Domini,

256 1124 394 1215 quoodo
409 1122 529 1192 ademit
541 1148 597 1191 eos
611 1123 653 1190 dc
669 1137 760 1191 terra
771 1124 941 1215 Aeqypti;
955 1122 1044 1191 banc
1060 1126 1233 1192 obseruare
1249 1122 1370 1190 debent
1390 1145 1506 1191 omnes
1522 1123 1593 1213 filii

254 1233 361 1301 lsrael
371 1233 409 1299 ia
424 1231 703 1322 permotionibus
720 1231 792 1298 suis
807 1259 838 1313 »,
856 1253 942 1318 ergo
957 1231 1052 1298 cultu
1071 1236 1250 1323 perpetuo.
1266 1234 1409 1297 Vertunt
1427 1250 1434 1297 :
1452 1234 1522 1297 Nox
1541 1229 1593 1296 vi-

255 1340 417 1426 giliarum
438 1340 523 1406 hacc
540 1337 605 1404 init
619 1338 723 1406 Iahve
742 1336 786 1406 ad
801 1337 1017 1405 educendum
1033 1360 1091 1404 eos
1106 1336 1149 1405 de
1166 1342 1259 1404 terra
1277 1336 1426 1426 Aegypti
1443 1355 1451 1403 :
1471 1335 1592 1403 cadem

254 1445 356 1514 debet
373 1466 442 1511 esse
461 1466 523 1535 pro
542 1443 644 1511 lahve
664 1437 950 1530 pervigiliarum
969 1443 1100 1511 cunetis
1119 1442 1198 1510 filiis
1217 1442 1318 1511 lsrael
1339 1442 1377 1510 iu
1397 1443 1592 1531 generatio-

256 1551 358 1619 nibus
371 1549 450 1617 suis.
469 1551 547 1617 Noc
561 1548 763 1639 capiliorum
778 1572 820 1615 ea
833 1549 973 1633 dicitur,
989 1572 1059 1641 qua
1074 1550 1162 1639 quis,
1179 1572 1210 1617 v.
1227 1570 1262 1635 g.
1278 1548 1438 1629 bellator,
1455 1548 1592 1636 vigilias

256 1656 328 1744 agit
342 1656 447 1746 (Cui.)
467 1655 511 1723 ad
521 1656 655 1723 hostem
669 1661 864 1747 opportuno
876 1660 1034 1745 tempore
1046 1653 1286 1722 adoriendum.
1308 1684 1322 1716 ιι
1337 1654 1463 1731 Quibus
1477 1652 1593 1721 verbis

257 1761 483 1851 significatur,
498 1768 603 1830 Deum
624 1784 668 1829 ea
682 1768 780 1829 nocte
796 1760 954 1849 vigilasse
971 1766 1005 1829 ct
1020 1761 1188 1829 Hebraeos
1203 1761 1388 1829 custodisse
1403 1760 1448 1828 ab
1467 1760 1592 1848 angelo

257 1875 428 1949 vastante,
445 1874 484 1937 ut
497 1890 555 1935 eos
570 1865 695 1935 deiude
710 1891 750 1935 ex
761 1873 918 1957 Aegypto
933 1867 1095 1935 educeret
1113 1896 1129 1930 a
1147 1867 1313 1958 (Rapsa).
1331 1866 1474 1934 Hebraei
1493 1865 1592 1934 vicis·

257 1978 320 2042 sim
336 1974 533 2063 vigilabunt
546 1996 609 2064 pro
624 1974 741 2055 lahve,
759 1973 795 2041 in
809 1973 881 2042 eius
895 1975 1061 2042 honorem
1077 1980 1111 2041 ct
1127 1974 1274 2057 arritum,
1293 1974 1476 2064 quotannis
1489 1978 1591 2041 nocte

257 2080 532 2171 quintodecimac
550 2079 621 2146 diei
639 2079 743 2169 primi
759 2078 888 2147 mansis
903 2102 1046 2147 coenam
1057 2079 1255 2170 paschalem
1275 2079 1478 2147 celebraturi
1497 2085 1587 2147 sunt.

258 2196 382 2293 omnm,
400 2194 513 2284 inquit
544 2194 678 2278 niltm„
703 2202 754 2263 est
784 2197 894 2262 forma
922 2195 1147 2285 perantiqua,
1178 2195 1336 2262 similiter
1361 2198 1465 2284 atque
1482 2210 1589 2291 mapa

258 2295 376 2401 arabia,
389 2298 485 2408 ubba
509 2328 516 2373 :
543 2310 684 2377 omnino
700 2308 748 2377 ita
763 2315 830 2391 est,
844 2332 952 2400 eaque
968 2313 1080 2379 forma
1094 2310 1199 2400 ipsius
1214 2311 1404 2393 vsententiae
1424 2293 1591 2377 veneran-

257 2401 338 2494 dam
359 2410 596 2515 antiquitatem
622 2424 843 2493 demonstrat.
866 2431 924 2507 nt,
944 2424 1035 2491 idem
1056 2426 1327 2516 obiicit,praetar
1346 2447 1483 2493 omnem
1508 2448 1591 2492 con-

256 2536 384 2599 textum
392 2530 501 2598 acetis·
512 2530 547 2597 h.
561 2530 585 2596 l.
598 2530 725 2597 mentio
737 2530 895 2598 habetur.
912 2532 990 2597 Noa
1004 2532 1087 2597 lmec
1100 2531 1218 2599 eadem
1232 2536 1293 2617 est,
1307 2554 1395 2621 quae
1412 2555 1443 2600 v.
1461 2539 1501 2601 a1
1517 2531 1590 2599 dies

252 2637 426 2721 audiebat,
443 2643 562 2704 seuest
577 2638 648 2703 eius
663 2636 730 2704 diei
744 2659 823 2703 nox.
837 2640 1025 2704 Locuturus
1038 2642 1157 2704 auctor
1168 2638 1210 2705 de
1221 2636 1360 2726 vigiliis,
1374 2660 1444 2705 non
1453 2643 1589 2728 poterat

254 2744 402 2811 scribere
412 2743 548 2832 vigilias
564 2742 649 2824 diei,
667 2743 801 2811 nullam
817 2742 910 2809 enim
927 2743 1138 2833 peculiarem
1153 2744 1290 2811 laudem
1308 2750 1368 2811 aut
1382 2743 1590 2831 dignitatem

254 2850 382 2918 habent
396 2849 537 2937 vigiliae
554 2848 716 2933 diurnae,
737 2848 799 2916 sed
817 2848 938 2918 debuit
952 2849 1102 2917 seribere
1118 2849 1254 2936 vigilias
1270 2850 1389 2917 noctis.
1408 2854 1590 2919 Praeterea

252 2958 449 3047 emphatica
467 2955 578 3023 noctis
597 2956 725 3022 mentio
744 2955 941 3023 habebatur
960 2978 991 3021 v.
1015 2962 1056 3021 29
1081 2977 1157 3045 sqq.

287 3104 417 3157 Ceterum
432 3104 568 3169 cipitaadi
581 3104 763 3167 significatio,
780 3116 865 3172 quam
878 3102 938 3155 iere
952 3104 1114 3169 praeierunt
1129 3105 1314 3165 recentiores,
1329 3119 1381 3168 pro
1400 3106 1494 3157 radice
1514 3110 1587 3163 'imit

247 3206 304 3244 non
316 3193 533 3250 demonstratur,
547 3193 612 3243 licet
629 3192 750 3241 custodio
764 3204 900 3256 persaepe
917 3194 978 3243 stne
992 3192 1099 3255 cipitiia
1116 3194 1271 3245 consistere
1287 3198 1423 3257 nequeat;
1441 3206 1475 3244 ca
1491 3192 1585 3244 radico

250 3281 360 3344 Moyses
368 3280 590 3345 frequentissime
602 3281 733 3344 exprimit
741 3279 1153 3332 mandatorumobsereaatiom.
1168 3282 1242 3346 Ergo
1252 3294 1315 3333 oum
1326 3282 1390 3331 m
1400 3282 1475 3345 Valp.
1489 3282 1586 3332 Chald.

250 3372 312 3434 Syr.
327 3370 427 3421 melius
439 3372 531 3420 vertes
546 3382 599 3419 noc
613 3368 790 3419 obseruando.

307 3559 339 3619 ’2.
366 3555 435 3617 Lar
458 3550 500 3617 dc
523 3549 747 3617 admittendis
770 3550 819 3618 ad
841 3550 1082 3619 celebrandum
1108 3550 1213 3618 Plias-r
1239 3558 1295 3621 Ex.
1326 3558 1501 3637 tata-51.

293 3739 493 3806 linationem
508 3738 680 3827 paschatis
695 3759 726 3803 v.
745 3744 787 3805 ti
802 3738 928 3805 iactam
944 3760 1072 3805 novum
1087 3738 1214 3828 excipit
1231 3738 1273 3806 de
1288 3741 1450 3828 paschate
1463 3740 1585 3807 decre-

246 3852 331 3913 tum.
350 3844 450 3912 Cuius
466 3843 554 3911 duae
574 3849 654 3910 sunt
675 3850 787 3933 partes
809 3864 817 3911 ε
833 3868 866 3910 ν.
887 3849 986 3912 aa-ar
1004 3845 1076 3931 agit
1091 3844 1134 3911 de
1153 3845 1206 3929 iis,
1225 3844 1351 3935 quibas
1371 3846 1500 3913 nonsit
1524 3852 1584 3913 aut

244 3952 286 4019 sit
298 3953 350 4019 ius
358 3950 561 4018 comedendi
576 3950 765 4040 paschatis,
783 3973 815 4019 v.
834 3956 936 4040 t85q.
954 3950 1064 4035 docet,
1076 3950 1262 4040 quomodo,
1275 3952 1335 4042 qui
1343 3974 1384 4019 eo
1399 3954 1473 4021 iure
1489 3974 1585 4020 care-

249 4065 342 4139 rcnt,
364 4057 450 4124 illud
470 4056 650 4146 acquirere
669 4063 817 4146 possent.

536 4277 557 4306 a
577 4262 611 4308 De
627 4262 786 4309 admittendis
800 4268 827 4309 et
842 4276 892 4308 nou
909 4262 1068 4309 admittendis
1085 4262 1131 4309 Ex.
1153 4264 1274 4323 rassin

286 4424 367 4509 Arq.
385 4458 428 4469 -
443 4420 610 4488 Statuitur
625 4444 654 4487 v.
675 4428 715 4489 '43
733 4422 787 4488 lex
800 4421 979 4512 nepetino,
998 4444 1028 4490 V.
1050 4427 1090 4487 ti
1105 4423 1157 4489 lex
1165 4422 1330 4513 posinna.
1347 4428 1411 4491 Lex
1424 4424 1583 4511 negativa

241 4552 272 4594 v.
294 4532 333 4593 tt
349 4549 399 4614 sq.
418 4527 613 4617 explicatur
627 4528 741 4617 quoad
757 4552 890 4611 servos,
907 4526 1097 4617 inquilinos
1113 4535 1146 4596 et
1164 4530 1407 4611 mercenarios3
1421 4529 1586 4617 firmatur

242 4658 272 4699 v.
294 4641 336 4702 tt
360 4639 560 4724 praecepto,
582 4641 618 4700 ui
634 4635 773 4723 epulum
790 4634 952 4725 paschale
969 4647 1077 4700 iotam
1101 4634 1192 4701 inira
1209 4635 1441 4703 Hebraeorum
1460 4636 1581 4705 domos

245 4746 444 4831 peragatur.
457 4754 460 4758 ’
