3534 5384
1397 15 1402 25 ·
1426 6 1634 61 ;··“·-.-;η-
1651 6 1662 10 ’-

240 362 298 421 160
721 378 761 423 nx
782 377 921 425 aserere
944 380 976 423 ru
998 376 1093 423 strar.

237 516 361 598 Moyses
382 532 528 597 regnum
553 512 611 578 Dei
629 534 734 602 super
757 513 919 579 lsraelem
942 510 1204 599 legisubditum
1227 540 1241 571 »
1264 510 1421 602 (Calua),
1441 519 1475 579 et
1494 538 1571 605 per-

234 639 319 703 gere
338 617 419 684 licet
442 639 518 685 cum
541 619 663 685 eodem
682 640 689 685 :
715 648 730 679 α
751 618 933 685 sublimior
951 640 1052 686 seusu
1073 618 1228 685 animum
1243 618 1349 705 erigit
1366 620 1409 687 ad
1427 642 1574 707 regnum

234 723 395 791 ecclesiae
415 729 489 791 lesu
504 723 628 792 Christi
642 731 675 791 et
687 725 875 793 electorum
895 725 1035 793 tandem
1057 724 1095 791 in
1112 726 1315 794 aeternitate
1341 754 1371 793 u.
1390 727 1454 795 Ubi
1469 728 1573 796 lsrael

135 842 139 849 ’
233 831 382 897 excrevit
401 830 436 897 in
454 831 643 920 populum,
661 853 704 898 vo
714 832 779 899 luit
798 838 885 899 Deus
899 832 1041 918 agnosci
1057 830 1129 898 eius
1148 832 1269 922 populi
1291 838 1376 899 Deus
1395 830 1573 924 assumpto

232 938 370 1004 nomine
390 936 508 1020 lahve,
530 941 564 1003 et
586 937 671 1004 hinc
692 938 796 1005 etiam
814 938 887 1004 eius
902 938 1025 1028 populi
1045 960 1124 1022 rem·
1147 960 1254 1028 quare
1270 938 1304 1004 in
1324 940 1572 1008 Chanaanitide

233 1044 265 1111 ei
277 1043 405 1134 populo
417 1066 481 1134 pro
496 1044 611 1133 patria
625 1043 796 1111 attributa
814 1044 918 1111 lahve
938 1045 1095 1134 reparabit
1110 1066 1168 1111 seu
1186 1067 1245 1111 ree
1259 1044 1341 1125 erit,
1357 1044 1488 1113 ibidem
1508 1047 1571 1114 ha·

233 1149 372 1229 bitabit,
410 1151 620 1239 requiescet,
653 1150 889 1218 sanctuarium
927 1152 1154 1234 nanciscetur,
1188 1155 1222 1217 et
1252 1151 1394 1241 quidem
1417 1154 1566 1237 tamdiu,

232 1255 398 1346 quamdiu
414 1255 517 1323 lsrael
536 1253 715 1343 regionem
736 1256 909 1325 obtinebit
928 1262 962 1324 et
977 1258 1174 1326 autonomia
1193 1258 1338 1325 fruetur.

268 1466 331 1524 itm,
345 1463 436 1513 mrim.
453 1476 602 1524 censuere,
617 1477 645 1513 v.
665 1462 747 1515 ll-l8
764 1476 822 1515 non
834 1454 962 1529 potuisse
976 1477 1040 1516 esse
1053 1464 1157 1528 Moysis
1169 1466 1303 1526 auctoris,
1320 1465 1395 1529 quod
1410 1466 1569 1529 ingressum

232 1556 262 1603 in
276 1551 501 1605 chanaanitiden
514 1555 542 1603 et
561 1553 751 1603 sanctuarium
765 1552 869 1604 ibidem
883 1555 1007 1604 erectum
1023 1558 1167 1617 tamquam
1181 1552 1255 1604 lacta
1267 1556 1420 1617 praeterita
1434 1554 1566 1605 celebret.

233 1640 367 1703 Unicum,
383 1640 459 1705 quod
474 1641 597 1704 aliquam
610 1641 817 1705 probabilitatis
826 1643 950 1706 spectem
965 1641 1082 1703 habeat,
1099 1645 1295 1705 argumentum
1309 1642 1465 1693 desumitur
1477 1656 1493 1693 e
1504 1656 1569 1693 ver·

231 1731 330 1781 borum
352 1731 540 1794 temporibus,
557 1729 592 1781 dc
611 1730 713 1793 quibus
733 1730 866 1781 diximus.
888 1708 970 1781 iJnde
990 1732 1040 1780 lin.
1068 1736 1157 1781 totum
1179 1732 1319 1781 canticum
1337 1739 1429 1782 ortum
1449 1730 1569 1783 affirmat

230 1831 300 1869 aevo
315 1818 433 1869 Davldls
453 1820 502 1868 aut
527 1818 688 1870 Salomonis
694 1831 702 1879 ;
718 1817 812 1869 Dillm.
828 1818 900 1869 duas
919 1818 1020 1869 cantici
1041 1818 1160 1869 adstruit
1180 1820 1375 1891 recensiones,
1393 1820 1514 1883 primam
1532 1822 1567 1871 ab

230 1908 291 1971 ipso
304 1906 400 1970 Moyse
415 1906 585 1971 proiectam,
600 1906 636 1956 ad
651 1919 737 1970 quam
749 1911 825 1957 certe
839 1908 923 1970 primi
938 1913 995 1958 tres
1015 1919 1114 1957 versus
1137 1908 1337 1971 pertinuerint,
1351 1909 1469 1958 alteram
1488 1908 1567 1960 brevi

229 1997 292 2061 post
305 2002 470 2060 occupatam
491 1994 715 2047 chanaanitlden
733 2000 838 2047 natam.
854 1996 962 2057 Perse,
977 1996 1128 2047 dummodo
1143 1996 1244 2047 cantici
1259 2008 1369 2047 summa
1383 1996 1488 2060 Moysis
1502 2010 1566 2049 esse

229 2086 350 2136 auctoris
363 2085 543 2145 concedatur,
556 2097 614 2135 non
628 2086 782 2148 repugnat,
798 2086 846 2135 aut
862 2084 933 2135 illud
957 2082 1047 2136 iorrna
1073 2084 1168 2151 aliqua
1188 2086 1361 2145 recentiore,
1379 2089 1428 2135 aut
1442 2097 1567 2150 appensa

230 2176 317 2226 etiarn
331 2174 487 2223 recentiore
503 2172 599 2235 aliqua
613 2174 743 2237 stropha,
759 2186 777 2222 a
789 2184 933 2223 sacrorum
950 2172 1180 2223 documentorum
1196 2173 1346 2224 collectore
1366 2174 1477 2236 aliquo,
1493 2186 1522 2223 v.
1535 2187 1563 2237 g.

231 2264 266 2314 ab
280 2262 378 2321 Esdra,
393 2262 567 2311 eanoniesse
578 2262 725 2311 insertum.
737 2260 802 2312 Non
817 2263 892 2311 enim
906 2263 946 2311 ita
958 2273 1087 2325 premere
1099 2264 1209 2324 oportet
1219 2260 1306 2311 verba
1322 2262 1443 2312 «cecinit
1455 2260 1566 2325 Moyses

231 2363 344 2402 carmen
358 2351 412 2400 hoc
428 2365 457 2408 r,
473 2355 505 2399 ut
522 2349 636 2412 singula
657 2350 756 2410 verba,
772 2362 886 2410 versus,
902 2350 959 2400 imo
981 2349 1114 2414 strophae
1133 2349 1222 2412 Moysi
1236 2348 1430 2401 adscribantur
1444 2351 1562 2403 auctori.

230 2440 336 2490 Tamen
346 2438 531 2501 hypotheses,
548 2438 646 2501 quales
659 2450 746 2501 supra
762 2437 1002 2497 describebamus,
1017 2438 1140 2501 gratuito
1161 2438 1190 2487 h.
1212 2438 1230 2487 1.
1247 2436 1360 2503 attingi,
1376 2440 1454 2503 patei
1477 2452 1513 2491 ex
1531 2452 1565 2489 ea

230 2540 315 2593 quam
328 2524 457 2578 dedimus
470 2527 700 2589 interpretatione
714 2527 743 2576 et
754 2527 891 2590 imprimis
905 2538 921 2576 e
933 2526 1034 2576 cantici
1046 2527 1186 2577 stmctura
1201 2523 1245 2593 (cl.
1262 2525 1385 2595 Zeaner).

664 2736 758 2783 Addita
771 2737 803 2783 ad
816 2735 941 2783 cauticum
956 2736 1002 2785 Ex.
1019 2737 1142 2795 lala-at.

270 2958 303 3001 v.
327 2941 369 3003 19
387 2962 403 2996 «
420 2935 600 3023 inpressas
614 2944 664 2997 est
687 2932 778 2997 enim
797 2953 900 3020 eques
915 2930 1052 2999 Pharao
1075 2954 1152 2999 carn
1175 2931 1330 2998 canibus
1344 2944 1377 2998 et
1391 2930 1563 3021 equitibus

227 3042 301 3107 eius
324 3041 362 3106 r'n
377 3062 471 3107 mare
497 3067 512 3099 o
523 3092 533 3123 ‚
554 3077 600 3088 -
619 3040 724 3105 Hebr.
742 3058 755 3101 .·
775 3060 882 3127 equus
904 3037 1059 3123 Pherae,
1079 3052 1150 3105 tana
1170 3037 1207 3105 in
1222 3039 1377 3105 curribus
1399 3061 1504 3129 quam
1525 3039 1562 3105 in

227 3146 401 3238 spiritibus
419 3185 465 3196 -
482 3175 497 3207 «
514 3158 548 3211 et
565 3144 703 3211 reducit
719 3166 891 3233 superaus
909 3144 1077 3212 Dominus
1095 3166 1205 3234 apicas
1219 3145 1347 3232 moris,·
1357 3144 1427 3235 filii
1446 3156 1561 3211 autem

227 3252 334 3321 [muel
351 3252 612 3319 candidaverunt
619 3273 685 3340 per·
703 3250 832 3316 siccum
848 3250 887 3316 in
901 3251 1015 3318 irradio
1032 3251 1104 3318 cius
1127 3279 1156 3318 o.
1219 3326 1224 3339 ι

264 3444 320 3496 Cur
334 3444 429 3492 enim?
444 3442 547 3493 Censet
560 3440 648 3503 syla,
664 3453 779 3492 versum
795 3441 913 3492 reddere
933 3442 1086 3503 rationem,
1112 3455 1161 3492 cur
1185 3442 1272 3493 lahve
1290 3442 1326 3492 sit
1344 3443 1517 3505 regnaturus
1532 3443 1561 3492 ln

229 3530 432 3585 ChanaanltIde
444 3544 450 3578 :
462 3533 558 3581 tamen
572 3543 630 3579 non
639 3532 699 3581 crat
713 3535 882 3593 regnaturus
890 3531 929 3580 lbi
943 3530 1043 3591 Iahve,
1056 3532 1122 3594 quia
1136 3543 1186 3594 per
1201 3530 1277 3581 Mare
1290 3530 1416 3581 Rubrum
1428 3530 1559 3582 traduxe-

226 3624 269 3672 rat
280 3620 428 3679 lsraelem,
444 3619 494 3670 sed
509 3620 576 3683 quia
589 3630 709 3681 regnare
718 3631 803 3683 super
813 3620 891 3681 ipsos
899 3618 936 3669 lbi
951 3619 1129 3680 decreverat,
1143 3618 1207 3671 ideo
1222 3619 1355 3670 traduxit.
1372 3618 1447 3683 Ergo
1463 3620 1558 3681 potius

226 3708 375 3762 dicendum
395 3708 448 3758 erit
470 3713 596 3759 extremo
617 3708 727 3757 cantico
740 3719 851 3757 rursum
871 3704 915 3774 (cl.
940 3720 966 3757 v.
987 3705 1008 3773 l)
1023 3708 1142 3771 exprimi
1159 3710 1297 3759 rationem
1315 3720 1366 3758 seu
1385 3708 1504 3769 lactum,
1521 3708 1557 3757 ob

226 3798 301 3863 quod
316 3798 369 3848 hoe
383 3798 522 3848 canticum
535 3797 714 3847 decantatum
727 3798 774 3847 sit.
788 3798 856 3846 dost.
873 3798 1035 3860 pronuntiat
1050 3810 1078 3846 v.
1098 3796 1128 3848 19
1149 3810 1213 3848 essa
1232 3809 1345 3847 versum
1362 3796 1559 3847 intercalarem

225 3886 301 3952 (pult.
327 3902 339 3934 r
364 3885 468 3937 reirain
489 3884 513 3952 ι)
529 3890 593 3950 post
608 3886 736 3949 singulos
755 3896 854 3935 versus
868 3885 914 3935 vel
935 3886 1067 3950 strophas
1084 3886 1277 3951 repetendum.
1293 3885 1348 3945 Qui
1363 3887 1404 3935 rei
1421 3886 1554 3935 metricae

221 3976 402 4036 studuerunt,
422 3976 496 4025 hunc
515 3976 599 4025 ctiam
614 3985 725 4025 versum
746 3977 836 4024 metro
850 3974 929 4025 aiunt
949 3972 1036 4025 liuere
1050 3973 1170 4039 ideoque
1188 3974 1223 4025 ad
1245 3975 1385 4025 canticum
1398 3974 1551 4037 pertinere.

222 4064 328 4114 Tamen
351 4064 379 4113 id
393 4064 508 4115 lortuito
527 4062 662 4113 accidisse
678 4063 756 4113 tanto
769 4061 880 4112 facilius
896 4062 1004 4113 adstrui
1019 4065 1126 4127 potest,
1149 4062 1224 4128 quod
1240 4062 1324 4113 dictio
1345 4076 1372 4111 v.
1401 4062 1554 4113 193111111-

224 4154 298 4202 nime
314 4154 423 4216 poetica
436 4154 550 4216 totaque
572 4154 682 4202 constet
705 4150 934 4214 expressionlbus
953 4151 1102 4215 prosaicis,
1125 4164 1197 4215 quae
1219 4153 1276 4201 iarn
1292 4164 1352 4215 cap.
1382 4150 1413 4201 11
1437 4150 1555 4201 adhibe·

223 4242 333 4291 bantur.
346 4240 439 4300 Quare
453 4243 561 4290 Barcaei
575 4240 616 4301 (in
632 4240 724 4289 biblia
741 4239 828 4290 Sacra
839 4244 906 4301 etc,
926 4238 1053 4291 Venatiis
1068 4239 1144 4305 1717)
1161 4252 1303 4291 versuma
1317 4241 1428 4291 cantico
1443 4242 1556 4303 separat

222 4332 373 4392 censetque
397 4331 585 4378 intermissam
603 4330 710 4378 resumi
731 4330 931 4379 narrationem.
956 4324 1064 4381 Contra
1083 4328 1158 4392 quod
1178 4328 1247 4380 illud
1270 4331 1329 4391 est,
1350 4343 1377 4379 v.
1401 4328 1435 4380 20
1458 4322 1557 4378 relicta

222 4417 364 4480 extemplo
379 4418 539 4467 narratione
553 4416 588 4466 ad
605 4417 744 4467 canticum
766 4417 867 4468 redire.
890 4416 1024 4481 Suggerit
1037 4416 1128 4467 uitam.
1144 4420 1283 4468 canticum
1298 4417 1452 4482 aliquando
1466 4414 1554 4466 luisse

222 4507 251 4555 in
268 4506 362 4565 aliquo
376 4504 448 4555 libro
466 4517 517 4555 seu
531 4505 697 4555 collectione
711 4508 899 4567 canticorum,
917 4504 1011 4570 ibique
1026 4507 1079 4557 hoc
1093 4519 1176 4556 versu
1191 4520 1253 4557 csse
1270 4492 1472 4569 auctumque
1490 4516 1555 4556 con-

222 4595 327 4645 cinnati
351 4595 453 4644 cantici
471 4594 582 4644 occasio
601 4595 630 4643 in
650 4596 814 4647 memoriam
827 4598 1008 4645 revocaretur
1013 4607 1021 4657 ;
1038 4594 1102 4646 inde
1126 4608 1239 4645 versum
1251 4596 1281 4645 in
1296 4596 1424 4647 Exodum
1439 4612 1553 4664 quoque

222 4684 258 4733 ad
272 4683 373 4733 cantici
387 4684 493 4733 calcem
505 4684 661 4747 irrepsisse.
678 4682 710 4736 ld
724 4684 865 4735 sitacium
879 4696 943 4735 esse
953 4683 1121 4744 adstruatur,
1134 4688 1260 4748 tempore
1274 4687 1372 4749 ulique
1382 4689 1555 4754 perantiquo

222 4771 327 4823 lactum
339 4785 401 4824 esse
415 4773 627 4837 supponendum
642 4774 708 4835 erit,
720 4786 784 4825 cum
797 4786 824 4823 v.
844 4773 876 4824 19
892 4774 973 4824 ctiam
990 4772 1065 4841 apud
1080 4772 1156 4823 Sam.
1173 4773 1292 4837 legatur.
