3534 5384
253 346 291 404 50
705 356 809 402 uersis
830 356 908 401 acri
929 356 962 400 ru
983 357 1133 402 iscrrro.

285 496 349 546 Non
363 493 548 554 affirmamus
565 493 641 558 quod
663 495 771 557 putavit
795 493 924 557 quidam,
944 498 1009 544 ante
1023 493 1139 556 Moysen
1160 495 1239 544 nullo
1261 492 1295 543 ab
1316 492 1452 544 Hebraeis
1470 484 1585 545 nomine

249 585 362 648 proprio
374 583 546 647 appellatum
557 596 619 632 esse
630 583 730 632 Deum.
743 581 886 633 Eiusmodi
900 595 1004 632 nomen
1013 583 1157 646 proprium
1166 581 1273 643 luerat,
1286 583 1358 633 teste
1367 585 1428 646 ipsa
1441 584 1583 646 scriptura

249 674 304 735 6,3,
317 686 419 724 nemen
434 672 466 721 El
483 671 633 722 Schaddai.
650 671 700 732 At,
716 672 782 721 licet
793 670 862 720 illud
871 672 1008 720 exstitent
1023 671 1075 721 Dei
1089 672 1246 734 proprium,
1258 683 1316 720 non
1326 675 1386 722 erat
1401 671 1476 721 idem
1494 672 1581 723 simul

249 761 373 812 solorum
387 761 576 812 Hebraeorum
590 761 748 824 proprium,
765 763 796 809 ut
809 772 827 808 a
840 760 909 808 solis
924 760 1059 809 Hebraeis
1070 760 1147 809 Deus
1157 761 1270 810 nomine
1283 759 1315 809 El
1329 758 1468 810 Schaddai
1483 761 1584 824 appel-

249 851 365 901 laretur.
382 848 526 899 Eiusmodi
540 851 634 900 autem
644 861 746 900 nomen
761 850 790 898 in
801 849 874 897 votis
894 852 968 908 erat,
984 848 1059 912 quod
1078 852 1106 898 el
1123 848 1213 898 Deum
1225 850 1370 913 tamquam
1387 850 1502 912 speciali
1517 863 1585 912 prae

249 940 312 989 aliis
324 939 453 1002 gentihus
468 933 549 987 titulo
566 937 756 987 Hebraeorum
769 938 852 986 deum
865 936 991 996 efferret,
1005 939 1033 986 et
1047 950 1064 986 a
1077 937 1249 1001 reliquarmn
1264 938 1390 1001 gentium
1404 935 1458 987 diis
1471 939 1587 1001 penitus

248 1031 416 1078 secerneret.
435 1026 489 1086 Qui
513 1039 618 1078 numen
632 1027 747 1076 nomine
762 1026 881 1076 Ammon
901 1025 1074 1089 appellabat,
1093 1027 1259 1076 censebatur
1280 1027 1350 1076 illud
1372 1028 1402 1076 in
1426 1028 1587 1077 sanctuario

249 1116 382 1166 Thebano
397 1116 524 1166 venerari
539 1119 567 1166 et
582 1115 722 1165 Pharaoni
742 1113 887 1164 Ammonis
908 1113 966 1164 illio
980 1115 1107 1178 obsequi.
1125 1113 1156 1164 ei
1171 1114 1364 1165 Hebraeorum
1381 1115 1457 1166 Deus
1469 1118 1583 1168 nomine

250 1205 318 1254 Baal
331 1203 430 1254 luisset
445 1203 643 1266 appellandus,
656 1215 722 1252 mox
734 1203 804 1253 Baal
819 1203 906 1253 Israel
919 1204 1045 1267 aeqtialis
1059 1203 1172 1253 habitus
1183 1209 1258 1254 esset
1273 1204 1368 1254 Baalis
1379 1201 1475 1266 Tyrii,
1490 1204 1586 1255 baalis

248 1293 358 1344 Sidonii
371 1297 583 1355 ceterorumque
603 1292 722 1342 Baalim.
739 1291 862 1342 Putasne
877 1291 1057 1342 dimissurum
1075 1291 1162 1342 luisse
1176 1292 1353 1343 Pharaonem
1376 1293 1538 1351 Hebraeos,
1555 1295 1582 1342 si

246 1383 360 1432 nomine
375 1379 459 1442 Seth,
472 1380 541 1430 Baal
551 1381 659 1430 aliusve
675 1381 798 1430 numinis
810 1385 966 1443 rogaretur,
979 1393 1098 1443 qnorum
1112 1382 1226 1443 agmim
1237 1387 1303 1432 aete
1315 1384 1380 1445 ipse
1394 1382 1443 1431 aut
1456 1383 1584 1432 anteces-

247 1482 325 1522 sores
338 1469 493 1520 fudissent?
505 1469 710 1532 Requirehatur
728 1481 831 1520 nomen
853 1471 906 1519 Dei
924 1471 1068 1532 proprium
1085 1470 1244 1531 nationale,
1261 1484 1318 1533 quo
1332 1472 1394 1534 ipse
1408 1484 1425 1520 a
1439 1471 1508 1522 solis
1524 1470 1586 1520 He-

248 1559 339 1609 braeis
355 1558 557 1622 appellaretur.

292 1782 325 1827 v.
343 1764 382 1826 it
401 1785 417 1820 u
434 1757 532 1824 Dieit
557 1761 647 1824 Deus·
671 1756 719 1823 od
736 1759 878 1846 Moysen
891 1781 903 1824 .·
916 1759 992 1847 Epo
1004 1781 1095 1842 sum,
1120 1758 1184 1847 qui
1194 1780 1281 1825 aum.
1303 1759 1363 1824 Ab
1381 1780 1394 1826 .·
1413 1753 1471 1826 stc
1489 1758 1580 1826 dices

245 1863 331 1954 filiis
352 1864 462 1932 isreel
479 1887 492 1931 .·
509 1863 576 1946 Qui
598 1877 647 1931 est
668 1891 702 1946 o,
724 1885 785 1930 seu
805 1865 920 1932 verius
938 1865 1039 1948 Sum,
1060 1893 1075 1926 ε(
1098 1865 1192 1931 misit
1215 1888 1268 1932 me
1294 1864 1343 1932 ad
1362 1889 1418 1932 ees
1442 1895 1472 1934 ».
1492 1888 1525 1934 v.
1543 1872 1584 1935 15

249 2000 265 2034 «
278 1971 439 2062 Dieitque
453 1971 578 2038 iterum
590 1974 680 2037 Deus
690 1969 738 2037 od
745 1973 888 2060 Moysen
902 1993 914 2035 .·
930 1974 1023 2038 Haec
1036 1969 1126 2038 dices
1137 1971 1337 2060 fitiislsrael
1345 1994 1358 2038 .·
1369 1974 1538 2040 Dominus
1551 2002 1582 2054 a,

248 2101 336 2168 quae
356 2101 418 2146 vox
441 2077 632 2146 hebraeum
655 2076 756 2143 [ehoe
771 2077 950 2166 exprimit,
970 2105 986 2139 u
1002 2081 1092 2144 Deus
1109 2091 1256 2168 petiam
1271 2091 1473 2162 uestrorum,
1498 2083 1586 2146 Deus

249 2175 439 2271 Abraham,
454 2188 544 2250 Deus
559 2186 655 2250 [soce
668 2195 700 2250 et
712 2187 802 2249 Deus
816 2187 932 2259 Iacob,
946 2184 1041 2249 misit
1054 2207 1107 2252 me
1121 2184 1169 2250 ud
1180 2207 1236 2251 uos
1258 2206 1271 2250 :
1285 2185 1346 2252 hoe
1362 2208 1487 2252 nomen
1498 2185 1586 2252 miii

248 2303 296 2356 est
317 2291 354 2356 in
378 2303 556 2356 oeternum
578 2318 611 2372 n,
633 2289 836 2356 duraturum
856 2290 990 2357 tamdiu
1009 2291 1176 2380 quamdiu
1199 2291 1340 2360 durabit
1358 2291 1478 2360 foedus
1499 2297 1583 2359 Gen.

250 2402 328 2479 17‚7
342 2419 393 2486 sq.
418 2401 530 2478 13.19‚
555 2422 570 2456 ι(
586 2408 619 2462 et
635 2395 697 2462 ltoe
715 2395 913 2462 memoriale
929 2418 1044 2462 nietam
1061 2398 1098 2463 in
1114 2397 1372 2486 permotionem
1391 2412 1425 2464 et
1436 2420 1585 2488 qenero-

249 2502 377 2569 tionem
399 2530 429 2567 n.
459 2501 509 2570 ci.
535 2505 587 2569 Oe.
612 2508 690 2584 125
716 2500 777 2592 (o).
802 2505 884 2568 Cum
900 2516 964 2573 iat,
982 2502 1147 2570 nterraoric
1168 2525 1227 2570 seu
1251 2505 1464 2587 memoriale,
1482 2505 1585 2572 etiam

248 2608 333 2676 alias
350 2609 658 2695 comensignilieet
680 2607 748 2696 (Os.
768 2613 862 2689 1t,8;
886 2613 938 2675 Ps.
957 2615 1055 2693 30,5;
1078 2615 1172 2676 Cant.
1196 2612 1283 2699 1,3),
1300 2610 1336 2677 h.
1354 2612 1378 2678 l.
1400 2612 1452 2678 ob·
1467 2611 1584 2700 paral-

249 2715 422 2782 lelismum
443 2737 521 2782 cum
543 2737 623 2782 voce
647 2737 772 2780 olomeo
792 2715 938 2782 eandem
955 2715 1021 2781 sibi
1042 2715 1195 2783 vindieat
1214 2716 1515 2802 significationem.
1530 2723 1586 2784 Est

250 2827 366 2889 autem
392 2843 519 2888 nomen
541 2821 759 2904 memoriale,
784 2828 955 2911 quatenus
978 2822 1191 2911 appellatum
1213 2823 1303 2906 eius,
1328 2824 1389 2913 qui
1411 2823 1500 2909 illud
1522 2843 1585 2890 no-

251 2951 330 2995 men
350 2928 473 3012 habet,
498 2927 700 2995 memoriam
720 2933 754 2994 et
778 2927 1002 2994 attentionem
1016 2929 1155 3011 exeitat;
1177 2930 1231 3012 iis,
1249 2929 1405 3019 quiillud
1422 2929 1584 3013 audiunt,

246 3034 396 3103 eundem
407 3035 444 3102 in
461 3036 663 3102 memoriam
677 3041 826 3101 revocat.
841 3035 935 3101 Unde
948 3034 1051 3102 etiam
1067 3035 1222 3123 sequitur
1237 3055 1244 3102 :
1262 3065 1278 3098 «
1291 3037 1354 3103 sub
1369 3036 1436 3103 hoc
1447 3037 1586 3105 nomine

249 3141 533 3210 memorabuntur
554 3163 612 3208 seu
635 3141 913 3208 recordabuntur
931 3143 999 3207 mei
1019 3163 1143 3230 meque
1174 3141 1385 3210 invocabunt
1406 3172 1423 3206 »
1444 3143 1583 3234 (Syia).

249 3253 379 3314 Nomen
405 3255 521 3315 aulem
544 3246 630 3314 illud
657 3247 807 3333 intelligi
830 3269 957 3314 nomen
984 3246 1104 3330 lutee,
1130 3252 1222 3314 totus
1245 3254 1418 3318 contortus
1442 3250 1581 3332 elamat,

249 3375 356 3443 quare
376 3353 546 3419 infelicius
560 3352 649 3420 illud
660 3357 717 3418 Pr.
737 3355 814 3419 lon.
831 3353 867 3420 h.
886 3353 909 3418 l.
926 3353 1128 3442 suppressit.

293 3463 503 3550 Responsum
520 3458 565 3526 ad
579 3461 811 3548 quaestionem
826 3483 858 3526 v.
878 3465 918 3525 13
934 3459 1078 3526 indubie
1099 3459 1248 3527 habetur
1269 3485 1300 3527 v.
1320 3468 1373 3528 15.
1396 3463 1586 3538 Quaereba-

251 3571 307 3632 tur
324 3586 331 3633 :
349 3594 364 3628 u
383 3565 476 3644 Quod
492 3571 677 3632 estnomen
692 3567 787 3634 eius?
809 3594 824 3626 o
848 3565 1105 3654 Respondetur:
1126 3594 1142 3628 «
1157 3568 1303 3633 labve...
1319 3568 1444 3634 horest
1458 3591 1585 3636 nomen

250 3694 366 3739 meum
381 3701 410 3738 ».
430 3671 620 3750 Quaerebat
635 3695 667 3738 v.
689 3679 729 3738 13
746 3676 869 3759 Moyses
889 3693 1031 3755 nomen,
1051 3672 1145 3761 quod
1164 3672 1322 3740 israelitis
1340 3674 1586 3761 interroganti-

251 3779 314 3846 bus
335 3779 572 3861 annuntiaret3
592 3778 819 3868 respondetur
843 3778 874 3844 ei
895 3801 927 3845 v.
956 3785 1026 3846 15:
1055 3807 1070 3840 «
1098 3784 1186 3845 Haec
1210 3779 1302 3846 dices
1325 3779 1405 3846 filiis
1428 3782 1582 3850 lsrael».

250 3891 378 3975 ileapse
397 3907 524 3952 nomen
539 3884 640 3952 lahve
653 3890 779 3971 lloyses
793 3888 825 3950 et
845 3885 1006 3952 Israelitis
1025 3890 1059 3951 et
1073 3885 1241 3952 Pharaoni
1252 3887 1480 3953 annuntiavit.
1499 3889 1587 3966 Quid

250 4015 329 4059 vero
354 3990 420 4060 sibi
439 3991 512 4058 vult
527 4014 559 4058 v.
580 3992 640 4058 it?
655 3991 731 4057 Eius
755 3990 840 4057 duas
859 3997 973 4079 partes
994 3992 1136 4058 seorsim
1152 3991 1457 4060 considerabimus.
1477 3994 1587 4081 Igitur

252 4099 358 4165 verba
378 4129 393 4160 u
414 4103 486 4184 Ego
501 4119 594 4180 snm,
612 4097 672 4186 qui
692 4119 768 4164 sum
794 4124 810 4158 »
827 4097 961 4163 loeutus
976 4105 1026 4164 est
1045 4103 1131 4164 Deus
1146 4097 1189 4163 ad
1210 4099 1321 4165 solum
1340 4104 1495 4186 Moysen,
1516 4124 1585 4191 non

250 4205 346 4271 iussit
365 4204 525 4272 israelitis
544 4205 686 4286 referre,
705 4203 785 4270 lieet
801 4203 873 4271 sine
896 4203 1002 4270 dubio
1022 4203 1189 4271 retulerit.
1205 4204 1274 4270 iliis
1287 4203 1403 4274 verbis
1417 4208 1585 4274 rationem

250 4311 372 4401 pandit
396 4317 480 4377 licus
502 4310 667 4400 assumpti
685 4310 837 4378 nominis
864 4310 991 4379 lahve:
1015 4315 1114 4391 Sum,
1136 4310 1197 4399 qui
1221 4333 1295 4377 sum
1315 4333 1322 4379 :
1344 4310 1423 4378 ideo
1447 4314 1586 4380 nomine

251 4417 329 4483 volo
353 4419 467 4484 vocari
487 4422 558 4500 Est,
584 4417 698 4484 lahve.
725 4421 895 4499 Fortasse,
917 4422 1055 4506 praeter
1083 4439 1123 4484 ea
1144 4418 1209 4482 tria
1227 4417 1352 4498 verba,
1377 4419 1477 4507 plura
1500 4425 1587 4487 Deus

248 4525 291 4591 de
310 4547 371 4590 sua
395 4528 520 4591 natura
542 4523 586 4590 ad
605 4528 736 4612 Moysen
754 4524 888 4591 loeutus
911 4529 976 4606 est,
998 4545 1087 4613 quae
1112 4523 1171 4589 ille
1185 4544 1254 4588 non
1270 4523 1439 4591 iudicavit
1454 4527 1585 4616 populo

245 4654 315 4699 esse
324 4629 619 4697 communicanda.
642 4631 722 4711 Sed,
741 4630 825 4720 quid
842 4631 908 4697 sibi
929 4630 1002 4696 vult
1025 4631 1132 4696 altera
1144 4653 1177 4696 v.
1202 4637 1242 4698 it
1263 4651 1367 4720 pars:
1392 4659 1408 4693 n
1426 4634 1480 4698 dit
1497 4654 1504 4700 :
1524 4633 1580 4700 Sie

250 4739 341 4806 dices
350 4737 431 4805 filiis
446 4738 549 4806 lsrael
566 4759 574 4806 :
596 4743 677 4806 Sum
693 4738 785 4804 misit
804 4759 858 4805 me
870 4737 916 4804 ad
929 4759 987 4804 vos
1008 4739 1047 4803 o?
1060 4739 1160 4820 Sar-m,
1179 4753 1261 4801 riter
1276 4761 1347 4804 non
1367 4743 1417 4805 est
1433 4739 1584 4807 alterum
