3534 5384
281 397 341 458 260
682 413 825 458 novorum
847 415 1002 459 sannorum
1025 413 1213 458 marmorio.

279 548 495 638 proveniens.
518 547 567 614 Cf.
591 554 607 613 1
632 552 715 633 Reg.
734 547 975 629 latentiam
996 546 1061 637 pili
1082 565 1263 635 caprarum
1283 546 1499 613 texebantur.
1521 553 1613 633 Ergo

282 654 331 721 uti
359 677 389 721 v.
412 661 432 718 3
458 652 615 736 metalla,
641 652 691 720 ita
713 676 747 720 v.
772 660 790 720 t
810 653 944 721 textilia
965 657 1132 734 recenset3
1156 657 1348 742 sequuntur
1372 674 1404 718 v.
1429 659 1448 720 5
1468 652 1573 742 pelles
1602 675 1610 720 :

282 789 300 823 a
316 775 349 827 et
362 758 469 849 pelles
483 760 629 826 arietant
640 760 851 841 rubricatae,
861 759 1039 850 pellesque
1051 759 1226 826 ianthinas
1244 787 1273 824 n.

316 905 346 958 Si
361 907 452 956 solum
467 912 577 969 spectes
590 918 655 955 cum
664 908 758 968 priore
772 908 953 968 expressione
966 907 1195 970 parallelismum,
1209 911 1318 962 mentun
1334 907 1436 968 poterit
1454 906 1613 967 exprimere

280 997 326 1047 rel
349 997 454 1045 animal
475 974 571 1060 (oblat)
591 994 638 1044 vel
656 995 779 1045 colorem
801 993 967 1060 (nentem).
985 995 1045 1045 Hoc
1066 995 1184 1044 alterum
1204 995 1451 1057 expresseram
1473 991 1611 1050 ὑακίνθιναι,

279 1087 327 1148 tq.
344 1086 443 1147 Symm.
468 1077 578 1144 ἰάνθινα,
599 1095 670 1146 ergo
686 1084 844 1143 violaceus;
861 1084 927 1134 dum
953 1083 1033 1146 Tarp.
1058 1085 1120 1146 Syr.
1147 1083 1294 1132 adstruunt
1315 1083 1419 1132 anirnal
1446 1085 1565 1138 tanuen.
1590 1083 1611 1131 E

278 1176 358 1225 cuius
372 1173 447 1237 pelle
461 1173 583 1223 tentoria
599 1176 627 1221 et
646 1171 733 1222 calcei
747 1172 968 1222 conficiebantur
983 1169 1027 1239 (ci.
1040 1172 1088 1222 ΕΖ.
1108 1169 1210 1238 16101.
1231 1173 1267 1222 at
1286 1171 1427 1236 quodnam
1444 1172 1550 1222 animal
1569 1177 1612 1222 est

281 1261 430 1326 Sasguna?
448 1261 526 1310 Varii
545 1264 640 1310 varias
660 1263 690 1310 in
713 1260 836 1311 medium
858 1259 1003 1324 proterunt
1027 1262 1217 1322 coniecturas,
1234 1273 1304 1324 quas
1327 1261 1391 1312 vide
1415 1261 1489 1325 apud
1514 1261 1609 1312 Dillm.

281 1351 413 1415 Appellat
427 1349 484 1400 Det.
497 1349 713 1412 (Prolegomena
728 1350 806 1399 eines
821 1361 914 1400 neuen
931 1350 1117 1400 hoba-aram.
1133 1349 1381 1410 Woerterbuches,
1397 1363 1425 1414 p.
1443 1349 1475 1400 77
1491 1349 1547 1412 sq.)
1559 1362 1611 1398 ro·

280 1453 340 1491 cem
355 1451 480 1502 assyram
498 1438 638 1496 immola,
655 1450 739 1500 quam
758 1442 855 1488 censet
868 1439 1026 1501 exprimere
1039 1449 1186 1488 vervecem
1203 1452 1208 1486 :
1223 1438 1365 1488 necessat
1380 1439 1449 1488 satis
1465 1437 1549 1488 affine
1563 1439 1609 1500 iis,

279 1541 352 1593 quae
366 1533 432 1577 ante
446 1529 638 1587 recensentur,
653 1524 772 1590 patlibus
788 1527 913 1576 arietum.
929 1527 984 1576 Alii
1002 1539 1037 1576 ex
1051 1527 1150 1590 lingua
1166 1527 1243 1578 arab.
1260 1527 1360 1590 petunt
1376 1526 1610 1590 significationem

279 1617 406 1680 delphini
424 1630 474 1666 sen
492 1615 610 1665 alicuius
631 1615 762 1664 animalis
781 1614 908 1678 delphini
927 1615 1033 1676 allinis,
1047 1617 1259 1679 suggeruntque
1277 1615 1452 1666 trichecbum
1466 1621 1610 1666 manatum

279 1704 409 1773 (Duiong,
423 1695 579 1768 Halicore),
596 1704 686 1767 quiin
701 1702 772 1753 Mari
788 1703 884 1754 Rubro
898 1704 1035 1766 abundat,
1052 1711 1081 1754 et
1095 1706 1201 1755 oculus
1215 1705 1290 1769 pelle
1304 1704 1391 1754 calcei
1408 1707 1436 1755 et
1451 1711 1531 1755 scuta
1545 1717 1610 1756 con·

278 1796 417 1845 ficiuntur.
441 1793 610 1855 Intelligitur
629 1805 698 1842 sane
722 1804 812 1855 genus
836 1792 918 1854 ecrit,
936 1793 1011 1857 quod
1035 1794 1121 1843 etiam
1145 1795 1275 1857 Aegyptii
1290 1795 1407 1853 norunt,
1427 1807 1499 1856 quos
1523 1795 1550 1842 in
1574 1807 1610 1844 eo

278 1882 472 1949 praeparando
483 1879 570 1932 tuisse
580 1881 767 1945 peritissimos
781 1881 859 1931 disce
872 1893 907 1930 cx
922 1881 1024 1931 Ennea
1036 1896 1064 1946 p.
1077 1881 1138 1932 598.

320 2009 397 2070 Post
413 2001 569 2082 metalla,
588 2000 718 2067 textilia
733 2006 766 2067 et
784 2001 893 2090 pelles
911 2002 1067 2091 sequitur
1083 2003 1216 2088 lignum
1233 2023 1240 2069 :
1265 2029 1280 2062 r<
1299 2013 1332 2068 et
1348 2001 1445 2092 liqna
1456 2003 1556 2070 setirn
1571 2031 1603 2069 o.

277 2127 372 2182 nnc,
393 2131 471 2197 aeq.
492 2107 637 2190 sedenti,
655 2106 792 2173 saltante
802 2112 852 2174 est
869 2108 1012 2174 mimosa
1022 2107 1162 2174 nilotica
1176 2107 1315 2197 (Lina),
1328 2108 1432 2175 arbor
1446 2130 1605 2198 procera,

275 2237 426 2297 ramosa,
447 2213 485 2282 in
504 2218 659 2303 Aegypto
687 2218 721 2278 et
742 2214 870 2280 Arabia
893 2213 1067 2303 frequens,
1089 2219 1145 2281 Est
1163 2214 1267 2281 unica
1286 2213 1463 2281 Sinaitidis
1486 2215 1602 2298 arbor,

276 2345 364 2412 quae
380 2319 690 2387 constructionibus
704 2325 754 2386 est
770 2324 861 2409 apta.
884 2321 1030 2405 Lignum
1050 2327 1102 2387 est
1120 2321 1357 2403 durissimum,
1375 2319 1603 2400 levissimum,

274 2428 345 2494 fere
362 2424 625 2514 incorruptibile
642 2426 748 2514 (LXX
764 2427 841 2506 ξυλὰ
863 2427 993 2516 ἄσηπτα)
1014 2447 1021 2492 :
1047 2431 1120 2493 erat
1139 2426 1246 2514 igitur
1263 2427 1478 2515 aptissimum
1501 2427 1607 2495 eonfi-

277 2533 409 2601 ciendis
428 2534 487 2615 iis,
509 2553 598 2620 quae
621 2529 667 2597 ad
688 2551 803 2597 arcam
823 2531 1044 2620 spectabant,
1062 2555 1149 2622 quae
1168 2539 1201 2599 et
1214 2533 1320 2620 longo
1337 2539 1492 2623 tempore
1509 2541 1607 2602 erant

275 2641 442 2708 duratura
463 2643 497 2706 et
518 2636 680 2704 continuo
710 2635 994 2705 circumferenda.
1022 2642 1089 2704 Hoc
1117 2639 1251 2726 lignum
1273 2639 1413 2706 tandem
1440 2640 1604 2727 nigrescit

274 2748 319 2816 ad
348 2747 458 2813 instar
483 2743 583 2810 ebeni
613 2742 705 2832 (Syr.
730 2743 886 2823 ariana).
913 2748 957 2810 Ex
981 2767 1022 2810 eo
1048 2745 1124 2812 tlnit
1148 2745 1281 2832 gummi
1309 2746 1497 2812 arabicum.
1525 2769 1556 2812 v.
1585 2755 1607 2813 6

277 2883 292 2916 a
327 2854 446 2921 Oleum
475 2848 734 2918 attaminata
757 2849 1042 2940 [concinnanda]‚
1069 2867 1225 2918 aromata
1250 2851 1286 2918 r'n
1316 2863 1548 2942 ttnqaentarn,
1573 2867 1605 2920 et

275 2960 504 3050 ttyntiamata
523 2955 603 3022 boni
618 2953 732 3022 odoris
752 2983 782 3021 n.
806 2959 907 3022 Hebe.
924 2978 937 3022 :
954 2969 1112 3024 aromata
1130 2957 1179 3024 ad
1192 2957 1304 3025 oleam
1320 2957 1494 3025 erectionis
1512 2971 1544 3026 et
1558 2959 1611 3026 art

273 3067 511 3156 suffimentum
526 3061 833 3129 odoramentorum.
850 3069 988 3130 Versum
1004 3065 1166 3131 omittunt
1184 3065 1290 3146 LXX,
1305 3087 1392 3154 quos
1407 3066 1512 3133 etiam
1525 3089 1607 3132 con-

274 3174 364 3240 feras
378 3171 422 3238 ad
439 3176 531 3250 35,8.
549 3174 601 3236 tt.
621 3175 674 3235 19.
687 3173 742 3234 28.
761 3173 959 3258 Sequuntur
973 3169 1112 3237 modam
1126 3191 1296 3256 gemmae,
1315 3193 1400 3260 quas
1414 3172 1604 3240 secundum

274 3285 376 3359 35,27
392 3277 562 3367 principes
578 3273 694 3341 daturi
708 3279 806 3340 erant
824 3295 831 3342 :
847 3298 880 3342 v.
898 3282 918 3340 7
935 3304 950 3337 n
963 3275 1095 3366 lapidee
1110 3275 1296 3364 onychinos
1303 3331 1313 3363 ,
1336 3289 1370 3343 et
1383 3300 1538 3366 pammac
1557 3279 1609 3345 ad

275 3383 470 3452 ornandam
491 3381 604 3471 ephod
619 3403 659 3446 ac
684 3380 853 3447 rationale
878 3409 907 3448 ».
928 3395 992 3448 tna
1014 3381 1070 3472 (cf.
1098 3406 1187 3472 quae
1207 3382 1354 3451 diximus
1369 3385 1413 3452 ad
1426 3391 1446 3460 Ι1
1463 3389 1548 3472 Reg.
1567 3392 1599 3464 2,

276 3492 330 3578 19)
345 3496 378 3558 et
394 3504 459 3581 tun
471 3488 529 3555 hie
545 3487 655 3555 obiter
669 3489 893 3554 nominentur
907 3495 1084 3584 tamquam
1100 3511 1152 3556 res
1169 3495 1259 3558 nota.
1274 3495 1325 3558 Sc.
1344 3491 1515 3558 eiusmodi
1532 3513 1601 3558 ves-

272 3605 323 3666 tes
343 3619 455 3665 saeras
478 3594 635 3661 viderant
661 3593 804 3662 ltebraei
826 3594 920 3685 apud
940 3597 1140 3686 Aegyptios,
1157 3596 1346 3664 sacerdotes
1368 3598 1511 3664 Hebraei
1533 3598 1602 3665 for-

274 3712 360 3773 tasse
379 3705 449 3770 iam
464 3707 543 3769 ante
560 3706 695 3788 Moysen
713 3707 903 3787 gesserent.
926 3713 992 3792 itm
1013 3701 1186 3791 depictum
1204 3703 1281 3770 vide
1298 3703 1388 3794 apud
1415 3705 1469 3770 W.
1488 3703 1599 3772 Sneitlt

273 3816 297 3879 1.
309 3818 385 3892 300,
398 3814 525 3877 vestem
535 3808 734 3875 inferiorem
743 3795 822 3876 butt
831 3805 880 3874 ib.
894 3829 927 3896 p.
940 3813 1003 3876 aaa
1014 3831 1022 3890 ;
1034 3830 1144 3898 neque
1154 3809 1297 3876 dubium
1307 3810 1599 3900 Aegyptiosetiam

277 3939 353 3986 usos
368 3938 438 3984 esse
453 3919 544 3982 veste
558 3913 721 3981 inferiore
740 3913 907 3980 adinstar
922 3928 997 3980 ten.

310 4082 351 4131 De
372 4085 445 4136 nam
464 4079 585 4129 diximus
603 4077 638 4127 ad
661 4079 730 4129 Gen.
749 4077 811 4138 art
829 4090 836 4128 :
852 4091 925 4142 quae
945 4091 979 4128 ea
996 4091 1109 4141 gemma
1128 4078 1225 4142 luerit,
1243 4080 1367 4131 nondum
1385 4084 1462 4132 certo
1480 4087 1606 4132 constat„

275 4151 377 4225 [litabtt
394 4177 477 4228 11111,
491 4167 595 4230 lapidee
610 4165 788 4230 repletionis:
803 4171 869 4216 sunt
883 4169 912 4217 hi
925 4167 1021 4217 variae
1033 4180 1175 4230 gemmae,
1192 4183 1265 4232 quae
1283 4169 1415 4230 ‘lali-20
1433 4181 1608 4220 enumeran-

272 4264 327 4308 tur.
342 4257 403 4306 Hae
414 4268 543 4319 gemmae
555 4255 801 4305 cireanntadendae
814 4260 895 4306 erant
908 4268 976 4305 auro
990 4235 1147 4317 nnnibm,
1160 4259 1190 4306 tn
1205 4257 1359 4323 impletione
1371 4273 1430 4308 saa.
1445 4258 1519 4321 Ergo
1532 4259 1604 4308 haec

270 4346 397 4408 impletio
411 4357 468 4394 non
482 4349 525 4395 est
539 4344 613 4395 idem
627 4348 713 4408 atque
727 4345 776 4394 illa
790 4345 984 4394 circumclusio
999 4357 1005 4392 :
1022 4345 1072 4394 sed
1086 4345 1152 4396 illae
1165 4359 1292 4410 gemmae
1309 4347 1451 4412 replebant
1463 4347 1608 4400 rationale

273 4436 346 4484 cirea
360 4435 388 4484 et
401 4435 474 4483 inter
488 4433 558 4484 duos
572 4433 693 4484 maiores
707 4434 815 4497 lapides
831 4438 914 4489 nillil.
933 4431 974 4484 cf.
988 4432 1079 4494 ‘28‚17.
1097 4433 1144 4496 ‘203
1163 4433 1239 4500 at,5;
1257 4433 1352 4498 35,3a;
1370 4435 1461 4498 39,10.

607 4629 635 4678 b.
658 4629 816 4682 sanctuarii
831 4630 1003 4680 constructio
1018 4629 1068 4678 Ex.
1086 4629 1258 4692 tna-‘rata

310 4825 343 4870 v.
360 4807 381 4870 8
398 4829 414 4865 a
431 4803 637 4894 Facientqne
653 4803 741 4871 initi
755 4803 1008 4888 sanctuarinm,
1025 4815 1058 4872 et
1076 4804 1234 4876 eratineo
1253 4805 1290 4876 in
1305 4807 1415 4876 nteclr'o
1432 4831 1546 4878 eoram
1564 4841 1600 4880 o.
