3534 5384
539 351 659 409 370
1327 366 1622 410 NOVORUM
1666 366 1989 410 menonem
2034 367 2398 410 msrlruno.

542 501 831 567 Domino
877 528 935 568 >›.
970 524 1035 568 v.
1077 507 1157 567 10
1195 528 1226 561 «
1266 498 1619 588 Quidquid
1658 511 1888 566 aulem
1929 499 2273 589 reliquum
2321 513 2450 586 est,
2488 500 2618 567 eric
2655 502 2887 568 Aaron
2918 514 2981 566 et
3011 500 3196 585 filio-

545 632 695 673 rum
733 608 882 673 eius
904 661 919 689 ,
962 620 1274 673 sanctum
1304 617 1697 673 sauctorum
1726 605 1807 672 de
1840 606 2298 673 oblationibus
2337 605 2617 673 Domini
2648 636 2709 673 ».
2745 608 2840 673 Cf.
2882 630 2947 673 v.
2988 613 3052 674 3.

609 832 743 881 wrm
785 827 978 888 utique
1008 829 1096 874 cst
1131 822 1382 874 clibanus
1415 838 1431 872 .·
1468 823 1540 873 ci.
1580 824 1721 874 Gen.
1763 823 1951 884 15,17;
1985 823 2086 872 Ex.
2123 824 2210 883 8‚3
2239 821 2424 890 (7,28).
2459 829 2694 880 ΠΦΠἾὩ
2734 824 2884 888 Vul9.
2918 825 3045 873 LXX
3068 826 3190 888 Syr.

537 917 751 964 vertere
790 913 1136 974 craticulam,
1179 912 1280 962 sed
1319 912 1512 963 Chald.
1553 911 1674 978 (pro
1693 920 1857 967 ΝΠἾἾ
1889 912 2109 974 corrige
2139 910 2318 979 ΝΓΠἾ)
2361 913 2694 975 sartayinem
2726 912 2909 978 (yerm.
2947 912 3189 974 Pianne,

540 1003 686 1067 anyl.
712 1016 840 1066 pan,
863 1001 1001 1065 gall.
1027 999 1368 1065 chaudiere).
1401 1000 1559 1060 Quae
1580 1001 1757 1051 altera
1772 1000 2112 1063 significatio
2132 1002 2350 1052 videtur
2368 1000 2736 1066 praeferenda
2757 1002 2827 1052 ob
2847 1000 3050 1052 radicis
3071 1015 3192 1053 sen-

536 1105 660 1141 sum
691 1093 919 1151 moveri,
954 1092 1084 1140 hinc
1113 1089 1342 1140 ebullire
1372 1104 1390 1140 .·
1421 1102 1566 1154 quae
1605 1102 1740 1140 vero
1771 1091 1828 1138 in
1868 1090 2134 1140 craticula
2163 1088 2424 1153 coquitur
2453 1091 2739 1153 placenta,
2770 1103 2882 1140 non
2912 1095 3188 1150 movetur,

537 1194 648 1229 non
677 1180 891 1229 ebullit.
919 1186 1103 1235 ΠΞΠῚΞ
1135 1181 1190 1232 vi
1219 1180 1390 1242 etymi
1428 1177 1709 1243 significat
1733 1179 2193 1238 instrumentum,
2228 1192 2338 1241 quo
2379 1178 2470 1227 vel
2509 1180 2565 1228 in
2605 1191 2717 1244 quo
2754 1180 3014 1242 coquitur
3051 1192 3192 1243 opus

536 1271 829 1332 pistorium
871 1264 1136 1336 (mnan).
1170 1268 1333 1327 Quod
1363 1269 1491 1317 1:11
1520 1266 1672 1330 ναις.
1704 1269 1829 1330 Syr.
1861 1270 1915 1318 et
1943 1268 2113 1317 etiam
2146 1266 2333 1316 Chald.
2381 1264 2674 1333 (Rufinum
2708 1268 2778 1318 ct.
2810 1268 2966 1318 hebr.
3000 1275 3189 1326 1¹1wa

536 1358 565 1407 2
607 1358 746 1421 Reg.
782 1357 918 1422 13,9)
958 1359 1186 1407 vertunt
1222 1358 1576 1418 sartaginem.
1613 1356 1827 1406 Poterit
1858 1369 1993 1418 ergo
2028 1357 2151 1419 quis
2180 1355 2508 1415 defendere,
2542 1356 2654 1407 duo
2684 1358 2740 1406 h.
2774 1357 2810 1406 l.
2842 1357 3188 1420 sartaginum

532 1459 740 1509 genera
770 1447 1106 1496 enumerari.
1134 1445 1323 1495 Monet
1350 1446 1476 1505 Kn„
1512 1445 1583 1495 ob
1613 1443 1923 1507 praefixum
1950 1424 2025 1503 Sy
2055 1445 2294 1506 intelligi
2325 1448 2583 1508 oportere
2612 1447 3042 1496 instrumentum
3072 1447 3191 1509 pla-

533 1547 692 1594 num;
739 1535 950 1584 Arabes
995 1535 1299 1583 etiamnum
1344 1544 1588 1584 massam
1641 1546 1880 1597 coquere
1931 1533 2153 1583 laminis
2197 1533 2394 1583 terreis
2443 1534 2787 1597 impositam,
2830 1546 2974 1597 quae
3023 1547 3190 1598 super

531 1626 717 1686 ignem
748 1623 1111 1673 collocentur.
1145 1621 1457 1673 Excludere
1496 1626 1685 1671 autem
1714 1622 1936 1671 videtur
1975 1635 2020 1671 s.
2057 1624 2240 1672 textus
2278 1634 2374 1671 eas
2414 1622 2690 1685 coquendi
2719 1624 2881 1686 panis
2918 1624 3184 1681 rationes,

529 1712 733 1775 quibus
776 1712 1123 1761 immundum
1164 1710 1299 1774 quid
1338 1710 1633 1761 admisceri
1673 1713 1893 1774 poterat
1936 1723 1948 1758 :
1992 1722 2195 1774 panem
2232 1711 2660 1761 subcinericium
2699 1714 2795 1761 aut
2833 1713 2890 1761 in
2925 1712 3189 1762 craticula

527 1809 762 1851 coctum.
798 1828 865 1836 —
899 1814 949 1850 v.
984 1800 1012 1848 8
1052 1805 1329 1883 Πιηιῑηη,
1364 1799 1569 1861 aliquis
1606 1801 1786 1861 offert,
1815 1799 1885 1848 ob
1924 1804 2195 1849 mutatam
2232 1799 2387 1849 verbi
2421 1812 2720 1862 personam
2764 1800 3188 1850 admirationem

528 1892 717 1952 utique
744 1889 892 1952 tacit.
926 1890 1118 1939 Serius
1148 1890 1416 1939 insertam
1442 1901 1638 1939 vocem
1666 1888 1921 1951 suggerit
1956 1888 2137 1937 Dillm.

825 2119 1017 2167 Regulae
1046 2117 1099 2157 de
1120 2118 1358 2163 termento,
1382 2118 1470 2157 sale
1492 2120 1536 2157 et
1560 2119 1709 2165 melle,
1739 2127 1817 2165 pro
1840 2116 2064 2156 sacrificiis
2088 2116 2326 2157 incruentis
2344 2118 2545 2156 omnibus
2570 2118 2669 2157 Ler-
2698 2117 2875 2166 all-13.

610 2309 774 2394 Arq.
803 2342 890 2354 —
930 2308 1363 2370 Fermentum
1394 2325 1434 2368 a
1472 2303 1757 2370 mincha
1793 2302 2197 2385 excluditur,
2243 2303 2345 2369 sal
2379 2324 2649 2392 semper
2678 2302 3178 2371 adhibendum.

525 2411 702 2477 lllud
733 2432 896 2477 vero
926 2432 962 2476 e
990 2409 1401 2496 generaliori
1440 2408 1673 2497 aliquo
1694 2461 1709 2491 ,
1747 2408 1936 2498 quod
1964 2408 2281 2475 omnibus
2311 2414 2548 2476 notum
2581 2432 2720 2476 esse
2747 2411 3178 2500 supponitur,

522 2517 863 2607 principio
887 2515 1270 2591 deducitur,
1293 2517 1705 2583 fermentum
1731 2521 1798 2581 et
1824 2516 1961 2581 mel
1986 2515 2251 2582 excludi
2276 2539 2317 2581 a
2338 2515 2925 2582 combustionibus
2949 2517 3179 2584 sacris,

614 2648 678 2691 v.
722 2630 797 2689 11
842 2654 871 2684 «
912 2622 1150 2689 Omnis
1190 2621 1441 2688 oblatio
1486 2651 1516 2682 υ
1562 2643 1680 2688 seu
1711 2621 2020 2704 mincha,
2060 2651 2088 2682 «
2124 2644 2299 2711 quae
2339 2623 2630 2713 offertur
2662 2622 2984 2707 Domine,
3029 2626 3183 2691 abs-

523 2755 652 2820 que
676 2735 1022 2821 fermento
1059 2731 1213 2818 fiel,
1254 2750 1374 2795 nec
1404 2728 1787 2818 quidquam
1832 2756 1862 2788 >›
1902 2766 1992 2777 —
2016 2726 2221 2794 Hebr.
2260 2729 2429 2817 quia
2458 2728 2638 2797 nihil
2666 2770 2754 2778 —
2789 2758 2820 2791 «
2857 2729 3185 2817 semnenli

520 2863 600 2905 ac
627 2838 849 2904 mellis
874 2835 1260 2903 adolebitur
1293 2863 1323 2896 »
1367 2872 1458 2885 —
1484 2836 1674 2901 Sam.
1713 2836 1896 2901 LXX
1921 2841 1986 2901 et
2026 2838 2226 2923 Tarq.
2266 2833 2457 2903 Hier.
2491 2848 2875 2925 apponetur
2902 2875 2992 2886 —
3032 2864 3064 2899 «
3110 2837 3184 2902 in

519 2945 856 3034 sacrificio
896 2943 1188 3009 Domino
1225 2970 1284 3008 ».
1322 2969 1354 3002 «
1389 2946 1828 3008 Fermentum
1861 2963 1941 3007 ex
1970 2942 2412 3029 corruptione
2451 2941 2527 3008 fit
2566 2970 2598 3002 »
2635 2943 2973 3033 (Βοηῂκ),
3009 2964 3185 3009 mas-

516 3074 798 3140 samque
834 3050 1214 3138 corrumpit
1243 3048 1406 3137 (Gal.
1444 3055 1591 3129 5‚9;
1626 3048 1714 3115 cf.
1763 3055 1793 3113 1
1831 3052 1979 3113 Cor.
2025 3049 2190 3136 5,8).
2230 3053 2589 3116 Praeterea
2608 3071 2851 3137 azyma
2874 3054 3185 3116 constan-

522 3165 627 3225 ter
655 3160 721 3223 in
756 3156 1163 3223 memoriam
1198 3154 1611 3222 revocabant
1641 3153 2123 3221 'liberationem
2156 3177 2235 3220 ex
2265 3159 2573 3246 Aegypto
2616 3155 2868 3223 factam
2901 3155 3178 3246 (syla).

522 3264 645 3331 Mel
683 3264 839 3331 ideo
879 3285 1043 3329 sane
1070 3260 1581 3343 excludebatur,
1624 3260 1811 3348 quod
1858 3259 1942 3326 de
1982 3260 2321 3328 intestinis
2360 3263 2772 3329 insectorum
2803 3264 3187 3351 procedens

523 3370 784 3460 aliquid
814 3374 1208 3436 censeretur
1230 3367 1485 3433 habere
1516 3365 1979 3434 immunditiei
2014 3388 2029 3434 ε
2074 3367 2179 3432 lex
2203 3366 2373 3434 haec
2410 3368 2737 3457 primarie
2768 3369 3007 3459 utique
3044 3392 3188 3436 res-

523 3476 823 3567 piciebat
880 3476 1016 3542 mel
1062 3495 1304 3563 apum,
1354 3472 1512 3540 licet
1554 3472 1643 3539 ab
1684 3472 2008 3540 Hebraeis
2050 3474 2197 3539 sine
2250 3472 2464 3541 dubio
2508 3475 2733 3563 quoad
2773 3476 2943 3543 alias
2976 3475 3183 3543 etiam

524 3583 749 3651 mellis
775 3584 1034 3672 species
1063 3580 1579 3647 observabatur.
1612 3583 1861 3645 Tamen
1897 3602 1938 3645 a
1977 3579 2138 3645 solis
2167 3580 2520 3648 sacrifieiis
2546 3583 2620 3648 in
2656 3582 2858 3649 altari
2896 3583 3185 3649 combu-

525 3690 753 3758 rendis
791 3690 961 3755 haec
1014 3686 1575 3767 excludebantur,
1617 3708 1760 3752 non
1805 3709 1845 3751 a
1892 3685 2192 3752 donariis
2243 3688 2481 3770 sacriS,
2525 3688 2806 3776 quaein
2837 3710 3037 3756 usum
3076 3710 3189 3754 ee-

523 3799 766 3865 derent
789 3794 1220 3863 sacerdotum
1257 3815 1273 3862 :
1309 3817 1375 3861 v.
1416 3800 1496 3860 12
1528 3820 1558 3853 «
1606 3792 1968 3858 Primitias
2001 3802 2269 3858 tantum
2296 3815 2530 3859 eorum
2561 3795 2865 3883 offeretis
2883 3797 3009 3884 [ac]
3028 3817 3185 3860 mn-

526 3928 689 3971 nera
742 3931 801 3970 ».
858 3904 1059 3969 Hebr.
1098 3923 1123 3966 .·
1164 3913 1515 3989 tamquam
1566 3898 1823 3966 donum
1858 3897 2348 3991 primitiarum
2386 3900 2694 3991 afferetis
2732 3925 2812 3966 ea
2858 3901 3179 3968 Domino,

530 4043 559 4072 «
594 4013 815 4101 Super
848 4008 1068 4075 altare
1095 4030 1245 4072 vero
1272 4028 1410 4073 non
1452 4006 1891 4094 imponentur
1924 4006 1994 4070 in
2025 4005 2298 4072 odorem
2324 4006 2683 4072 suavitatis
2721 4036 2779 4072 ».
3487 4088 3498 4109 ἱ

611 4141 675 4185 v.
715 4123 795 4183 13
839 4146 867 4176 α
917 4111 1278 4202 Quidquid
1328 4112 1649 4178 obtuleris
1681 4111 2035 4200 sacrificii,
2072 4111 2213 4178 sale
2254 4112 2559 4196 condies,
2606 4135 2727 4180 ηεε
2770 4117 3038 4203 auferes
3079 4114 3192 4179 sal
3499 4098 3501 4189 l

519 4222 813 4314 foederis
847 4220 972 4287 Dei
998 4221 1104 4287 tui
1132 4247 1163 4280 »
1189 4260 1276 4269 —
1304 4242 1433 4308 pro
1460 4208 1657 4306 “n-⁸5&
1690 4222 1852 4284 Lxx
1883 4233 2023 4280 rum
2060 4257 2147 4267 —
2175 4247 2207 4281 «
2234 4217 2315 4284 de
2337 4218 2672 4307 sacrificio
2705 4233 2844 4286 tuo.
2881 4223 2960 4285 In
2991 4221 3188 4287 omni
3497 4215 3499 4288 4

524 4330 863 4397 oblatione
893 4340 1011 4394 cua
1051 4329 1297 4417 offeres
1333 4325 1441 4391 sal
1473 4354 1534 4391 ».
1578 4327 1778 4390 Hebr.
1817 4324 2121 4413 primum
2166 4324 2470 4413 loquitur
2504 4327 2589 4392 de
2626 4325 2965 4393 oblatione
3004 4326 3185 4392 miu-

521 4437 682 4503 cllae
710 4449 867 4502 luae
880 4488 899 4519 ,
922 4433 1171 4500 deinde
1195 4435 1278 4501 de
1298 4431 1572 4500 mz‘nclta
1594 4443 1739 4511 lua,
1770 4431 2046 4497 tandem
2067 4432 2151 4499 de
2177 4431 2364 4497 omni
2380 4431 2720 4499 oblatione
2745 4446 2886 4499 lua.
2914 4434 3180 4500 Priores

522 4545 696 4611 duae
724 4542 1187 4632 expressiones
1229 4539 1316 4605 ad
1346 4539 1561 4605 solam
1594 4538 1942 4603 mincham
1983 4539 2512 4624 restringuntur,
2569 4562 2711 4606 non
2748 4563 2912 4606 vero
2946 4539 3177 4606 tertia.

519 4654 682 4718 Hinc
722 4656 949 4716 censet
998 4647 1171 4730 Gai„
1218 4647 1456 4713 ultima
1507 4644 1938 4735 expressione
1989 4645 2258 4711 extendi
2304 4651 2742 4735 praeceptum
2791 4645 3180 4712 adhibendi

514 4759 672 4825 salis
698 4755 1038 4824 adomnia
1062 4753 1420 4834 sacrificia,
1451 4751 1659 4818 etiam
1684 4756 1972 4818 cruenta
1994 4773 2007 4819 :
2033 4750 2215 4818 unde
2247 4750 2515 4818 dicatur
2542 4759 2734 4819 Marc.
2774 4758 2931 4834 9348
2965 4784 2992 4813 «
3025 4775 3180 4819 om-
