3534 5384
817 331 907 378 itanu
928 329 1038 377 istun.

628 555 651 616 β.
667 553 705 600 De
720 553 891 614 redemptione
904 553 1019 602 animalis
1034 553 1097 602 Lev.
1117 554 1225 612 ets-ia.

304 756 337 800 v.
365 738 446 802 9-13
467 733 540 820 agit
558 731 601 798 de
618 729 829 799 animalibus
848 753 908 798 seu
935 730 1129 799 distinctius
1141 732 1447 820 pecoribusuuuz,
1463 731 1591 799 etenim

260 865 293 909 v.
309 863 343 928 g.
359 860 480 908 canem
490 844 558 907 Deo
569 843 647 905 voto
660 839 863 928 promittere
878 837 1052 925 sacrilegii
1063 836 1167 905 affine
1179 836 1384 905 habebatur.
1397 859 1430 903 v.
1442 843 1461 904 9
1475 864 1492 899 u
1509 839 1594 906 Ani-

260 947 335 1014 mal
354 957 486 1028 cirtem,
507 944 603 1034 quod
621 943 798 1012 immolari
813 956 930 1034 potest
945 943 1107 1026 Domino,
1125 943 1168 1030 [si
1182 944 1258 1033 quis
1271 943 1425 1032 vocent]
1438 955 1592 1011 sanctam

261 1053 327 1121 erit
349 1081 379 1120 ».
409 1051 538 1119 Clarius
563 1052 665 1116 Hebr.
692 1048 823 1116 :Etsi
839 1072 949 1140 pecus
970 1049 1149 1140 (voverit),
1175 1048 1217 1118 de
1238 1072 1304 1136 quo
1322 1061 1437 1140 potest
1454 1049 1596 1140 aliquid

262 1159 352 1227 dono
367 1157 489 1249 offerri
502 1157 664 1243 Domino,
681 1177 781 1223 omne
798 1156 894 1247 quod
907 1154 1041 1223 dederit
1054 1155 1097 1223 de
1111 1179 1148 1224 eo
1163 1157 1325 1241 Domina,
1341 1155 1407 1224 erit
1421 1169 1593 1224 sanctum.

261 1269 366 1334 Porro
392 1288 433 1332 ex
447 1287 488 1332 ea
506 1265 686 1331 sanctitate
704 1263 862 1353 sequitur
877 1285 911 1329 v.
938 1268 979 1330 10
1001 1283 1009 1331 :
1032 1291 1049 1325 «
1067 1274 1099 1330 et
1117 1262 1249 1330 mutari
1265 1285 1336 1329 non
1350 1263 1495 1352 poterit,
1516 1261 1540 1331 i.
1563 1288 1593 1331 1.

261 1395 323 1441 nec
340 1370 464 1439 meiius
487 1371 578 1437 malo
598 1391 661 1436 nec
675 1369 783 1460 peius
807 1371 894 1436 bono
913 1389 925 1434 :
948 1367 1072 1460 quodsi
1087 1369 1289 1451 mutaverit,
1307 1381 1339 1436 et
1357 1369 1470 1460 r'yrstun
1489 1369 1597 1460 [quod

262 1491 434 1546 mutatum
453 1480 532 1564 est],
554 1487 587 1542 et
606 1474 699 1542 iliud
711 1497 779 1566 pra
801 1498 869 1567 quo
897 1485 1067 1542 mutatum
1093 1488 1157 1561 est,
1184 1489 1417 1544 consecratum
1439 1476 1505 1543 erit
1530 1480 1595 1543 Dn-

173 1640 176 1644 .
262 1585 355 1652 ruina
385 1613 415 1652 u.
438 1582 584 1673 Ideoque
606 1582 724 1649 nullus
748 1582 976 1672 redemptioni
997 1581 1062 1650 erit
1090 1583 1198 1650 locus.
1223 1605 1256 1651 v.
1279 1589 1318 1650 11
1340 1582 1590 1650 «1111111111-

262 1690 446 1777 mundum,
464 1689 560 1780 qaod
582 1687 759 1756 immolari
784 1689 931 1756 Domino
950 1711 1020 1756 non
1043 1701 1176 1780 potest,
1199 1688 1243 1777 [si
1263 1690 1339 1779 quis
1359 1687 1587 1779 1111111111-

262 1798 404 1866 ducetur
430 1807 511 1863 ante
534 1794 744 1864 sacerdotem
768 1823 804 1880 u,
830 1819 864 1862 v.
890 1802 930 1862 ie
955 1823 971 1858 u
993 1795 1057 1887 qui
1081 1795 1242 1863 iudicans
1264 1809 1381 1863 utrum
1405 1798 1530 1863 bonurn
1547 1819 1591 1863 an

261 1904 393 1973 malum
407 1902 454 1970 sit
467 1914 596 1969 statuet
607 1903 762 1992 pretium
783 1924 818 1986 »3
835 1924 906 1969 non
920 1929 935 1963 u
951 1906 1076 1970 statuet
1087 1901 1237 1992 pretium
1257 1902 1411 1971 medium
1425 1903 1517 1970 inter
1537 1901 1595 1970 bo

261 2033 344 2081 num
364 2014 398 2078 at
414 2010 545 2077 malum
565 2035 581 2068 u
605 2007 720 2099 (Kn),
742 2029 824 2075 nam
844 2009 913 2075 hoo
930 2009 1080 2098 pretium
1094 2007 1245 2076 medium
1260 2013 1396 2099 poterat
1410 2008 1514 2076 semel
1530 2031 1593 2100 pro

260 2139 397 2209 semper
411 2113 566 2198 definiri,
587 2136 700 2204 neque
716 2114 898 2206 oportebat
911 2113 1051 2202 singula
1061 2113 1206 2206 produci
1221 2113 1385 2183 animalia
1396 2137 1404 2199 ;
1416 2114 1474 2183 sed
1491 2115 1593 2184 huius

261 2222 434 2292 individui
457 2220 618 2290 animalis
641 2221 791 2311 pretinm
815 2219 966 2288 definiet.
995 2243 1027 2288 v.
1053 2227 1093 2289 13
1116 2249 1132 2284 u
1161 2221 1290 2304 Quodsi
1309 2220 1549 2289 dareooluerit
1564 2221 1595 2288 is

265 2329 326 2422 qui
340 2331 459 2419 essert,
477 2327 583 2396 addet
602 2349 707 2416 supra
722 2326 997 2394 aestimationem
1015 2327 1174 2417 quintam
1192 2339 1330 2418 partem
1351 2350 1389 2412 »;
1406 2350 1475 2395 non
1494 2334 1547 2410 ut,
1566 2329 1594 2395 si

227 2475 231 2482 ·
262 2436 393 2505 animal
407 2440 449 2502 10
469 2433 559 2502 siclis
573 2433 821 2515 aestimaretur,
840 2433 938 2501 daret
954 2441 995 2502 50
1014 2433 1168 2524 (baim),
1185 2455 1263 2523 cum
1278 2440 1319 2501 10
1334 2455 1403 2502 non
1416 2435 1461 2502 sit
1474 2435 1596 2526 quinta

263 2563 343 2634 pars
362 2547 422 2622 to,
444 2538 504 2607 sed
525 2545 564 2608 ut
586 2561 650 2630 pro
676 2546 718 2607 5⁰
737 2537 888 2606 solveret
907 2545 948 2606 60
971 2539 1107 2630 (Spin).
1128 2544 1233 2618 Quem
1252 2561 1439 2624 excessum,
1454 2563 1596 2630 compa-

263 2669 345 2718 rans
360 2654 452 2731 5,1t,
474 2645 583 2714 Cuim.
603 2651 702 2713 vocat
727 2671 744 2706 u
769 2644 935 2712 mulctam
953 2673 969 2708 >r
992 2667 999 2715 :
1021 2646 1137 2714 stricte
1151 2646 1326 2736 loquendo
1340 2648 1485 2716 mulctae
1499 2648 1596 2716 locus

263 2777 333 2822 non
350 2757 424 2822 erat
441 2752 479 2820 iu
498 2752 639 2840 negotio
664 2750 826 2842 explicita
849 2753 927 2838 lega
942 2753 1145 2843 approbato.
1164 2753 1261 2821 Ratio
1274 2753 1430 2842 impositi
1445 2775 1597 2822 excessus

264 2884 304 2930 ea
323 2859 460 2928 videtur
477 2859 599 2938 fnisse,
620 2880 664 2925 ne
686 2857 788 2925 facile
807 2863 971 2926 voventes
990 2858 1033 2925 de
1060 2857 1262 2926 redimendo
1283 2864 1364 2927 voto
1382 2861 1594 2948 cogitarent,

264 2974 298 3037 11
311 2972 349 3036 ut
361 2965 515 3056 aliquam
529 2985 657 3033 vovens
671 2964 821 3031 solveret
836 2964 1150 3054 compensationem
1174 2987 1237 3056 pro
1252 2987 1411 3036 concesso
1428 2967 1496 3035 sibi
1514 2988 1596 3058 prae

264 3072 385 3142 ceteris
398 3070 663 3163 praeemptionis
681 3071 756 3138 iure
773 3070 905 3159 (Tost.).

533 3305 562 3356 b.
584 3305 627 3356 Da
646 3304 840 3371 redemptione
859 3306 1077 3357 inanimatorum
1096 3305 1165 3358 Lev.
1186 3307 1328 3368 inti-ts.

648 3460 673 3492 a.
688 3442 727 3491 De
743 3443 911 3504 redemptione
924 3443 1011 3492 domus
1027 3444 1086 3494 Lev.
1103 3448 1171 3506 2711
1188 3460 1225 3506 sq.

311 3629 346 3673 v.
376 3611 415 3672 11
443 3631 459 3666 u
480 3605 591 3670 Homo
610 3601 641 3669 si
659 3601 789 3669 voverit
808 3601 949 3670 domum
972 3626 1070 3671 stram
1093 3616 1125 3671 11
1146 3606 1411 3695 sarectificaoerit
1431 3607 1595 3690 Domino,

269 3708 498 3780 considerabit
510 3731 586 3776 earn
607 3707 780 3793 sacerdos,
799 3723 916 3776 utram
933 3712 1020 3778 bona
1036 3734 1083 3778 an
1100 3711 1263 3796 melesii,
1279 3727 1312 3779 et
1324 3713 1422 3780 iusta
1432 3714 1595 3803 pretium,

268 3816 362 3911 quod
376 3820 418 3884 ab
434 3839 472 3884 eo
482 3817 595 3907 fuerit
615 3816 836 3883 constitutum
852 3845 887 3900 »,
908 3855 952 3866 -
968 3817 1134 3884 constabit
1151 3818 1256 3908 (LXX
1269 3819 1455 3910 σταθήσεται)
1470 3833 1501 3887 11
1515 3820 1599 3888 binc

268 3965 311 3976 -
329 3955 344 3987 u
366 3921 679 3991 venumdabitur».
697 3923 746 3988 Gi.
769 3929 884 4003 2530.
907 3946 939 3990 v.
963 3930 1004 3992 15
1021 3951 1037 3984 «
1056 3923 1120 3992 Sin
1139 3938 1254 3992 autem
1270 3924 1347 4007 iile,
1365 3927 1428 4017 qui
1444 3939 1596 4012 reiterat,

267 4031 413 4100 voluerit
435 4029 602 4097 redimere
624 4051 718 4108 eam,
742 4027 839 4095 dabit
863 4029 1022 4120 quintum
1040 4043 1177 4121 partem
1205 4031 1453 4101 aestimationis
1475 4056 1595 4126 supra,

267 4151 301 4205 et
318 4137 453 4205 babebit
470 4135 610 4203 doniam
627 4164 658 4202 s,
1123 4147 1126 4152 ·

663 4334 687 4394 β.
703 4332 741 4380 De
757 4333 927 4392 redemptione
943 4333 998 4394 agri
1014 4333 1073 4384 Lex.
1088 4337 1209 4396 ²⁷2¹⁶·²⁵·

312 4511 351 4574 In
372 4500 538 4569 vovendis
561 4501 654 4588 agris
678 4500 765 4568 ratio
789 4501 951 4569 habenda
969 4509 1022 4570 est
1041 4501 1126 4590 legis
1144 4503 1298 4572 iubilaei.
1321 4509 1404 4572 Cum
1420 4508 1512 4574 enim
1531 4507 1598 4598 ipsi

268 4613 344 4702 agri
360 4610 418 4678 uei
431 4609 513 4691 sint,
532 4608 662 4675 necnisi
678 4629 798 4676 eorum
815 4608 944 4676 fructus
962 4609 1006 4677 ab
1021 4610 1182 4678 Hebraeis
1197 4610 1340 4678 alienari
1354 4612 1499 4701 possint,
1516 4613 1597 4680 hinc

267 4721 371 4790 etiam
394 4715 566 4784 Hebraeus
590 4715 711 4806 nequit
731 4715 845 4806 ipsum
872 4738 995 4804 agrum
1025 4723 1104 4784 voto
1133 4716 1292 4786 addicere
1308 4724 1391 4803 Deo,
1412 4719 1472 4787 sed
1487 4721 1598 4788 solum
