3534 5384
704 380 754 423 ru·
778 366 851 455 2⁷¹⁵
873 381 939 434 sao·
1430 370 1489 429 275

156 513 221 598 ad,·
234 535 348 602 neque
364 502 485 589 nubit:
497 515 687 580 necessario
701 512 861 600 designat
878 512 1077 580 inferiorem
1093 514 1196 582 totius
1206 516 1321 583 altaris
1334 523 1488 606 partem,¹

156 620 216 688 sad
229 618 279 686 uti
294 635 364 687 nnn
389 619 600 686 demonstrat
622 618 754 709 aliquid
774 619 903 686 corolla
917 619 1072 686 inferius.
1095 625 1184 698 Quae
1206 644 1287 688 vero
1307 623 1487 692 citavimus

158 727 279 809 verba,
303 749 374 819 non
392 727 591 809 enuntiant,
609 725 774 793 craticula
797 725 1043 794 collocandanc
1062 726 1166 792 fuerit
1188 727 1253 794 situ
1269 731 1422 797 verticali
1443 755 1486 799 an

157 832 376 902 horizontali.
393 833 488 900 Unde
501 833 575 900 Coi.
594 832 837 923 interpretatus
851 838 903 900 est
910 839 980 912 rete
991 855 1138 900 aeneum
1153 839 1320 918 erectum,
1341 843 1489 926 quatuor

159 941 274 1008 altaris
290 941 402 1007 latera
412 939 719 1028 circumplectens,
744 945 778 1005 et
797 939 842 1006 ad
862 939 1010 1006 mediam
1033 939 1104 1006 eius
1122 939 1339 1008 altitudinem
1359 945 1403 1011 ab
1418 945 1487 1013 imo

159 1069 351 1134 assurgens.
373 1045 436 1113 Ubi
453 1067 588 1113 necesse
604 1045 667 1112 erit
684 1068 762 1112 cum
780 1048 806 1110 T
804 1058 864 1113 ost.
881 1045 1025 1126 inferre,
1041 1068 1117 1112 eam
1131 1074 1147 1108 (ι
1163 1047 1363 1116 craticulam
1380 1053 1490 1138 magis

161 1153 205 1221 ad
225 1153 518 1243 pulchritudinem
541 1151 706 1242 quemad
727 1151 963 1220 necessitatem
981 1152 1127 1241 positam
1149 1175 1219 1220 csse
1236 1177 1273 1237 »3
1300 1156 1369 1223 imo
1384 1159 1488 1248 aliqui

160 1258 342 1346 imaginati
356 1264 435 1327 sunt
453 1259 622 1325 cancellos
636 1264 729 1325 extra
750 1258 859 1325 altare
874 1265 1003 1325 erectos
1019 1265 1053 1326 et
1067 1259 1156 1325 illud
1169 1260 1275 1326 veluti
1291 1285 1309 1327 a
1325 1263 1489 1352 profano-

115 1441 120 1448 ,
161 1389 238 1433 rum
258 1387 392 1437 accessu
407 1366 640 1432 defendentes.
663 1365 783 1433 llirum
802 1364 973 1448 videatur,
991 1365 1026 1430 in
1042 1365 1144 1432 altari
1161 1365 1386 1436 describendo
1401 1371 1490 1446 nihil

162 1472 298 1564 penitus
323 1472 391 1538 dici
415 1473 458 1538 dc
482 1477 578 1562 parte
604 1472 751 1538 maxime
772 1473 978 1555 necessaria,
1004 1471 1064 1538 ubi
1086 1471 1202 1539 oblata
1226 1475 1485 1558 comburantur,

163 1578 265 1670 plura
278 1601 359 1646 vero
378 1577 421 1645 de
438 1583 641 1645 ornamento
659 1578 775 1667 aliquo
793 1582 852 1645 aut
868 1577 1039 1644 cancellis.
1057 1581 1191 1645 Attente
1205 1579 1232 1645 si
1251 1602 1324 1646 rem
1343 1604 1490 1672 perpen-

164 1686 238 1768 das,
257 1684 440 1775 perspicies
454 1685 492 1751 in
505 1684 605 1751 altari
626 1684 687 1751 illo
703 1684 857 1751 debuisse
872 1683 1010 1750 tandem
1023 1705 1094 1751 esse
1112 1689 1237 1752 cratem
1255 1686 1407 1775 aliquam
1423 1691 1490 1758 situ

157 1786 369 1859 'horizontali
391 1791 612 1872 collocatam,
633 1813 697 1880 per
721 1812 826 1880 quam
848 1796 881 1857 et
903 1789 1050 1874 cinerea,
1074 1812 1118 1856 ne
1142 1790 1234 1878 ignis
1251 1793 1488 1880 suffocaretur,

165 1897 401 1966 dilaberentur
418 1897 669 1986 continuusque
692 1897 735 1964 ab
755 1883 846 1962 iulra
864 1896 938 1982 igni
960 1919 1020 1962 aer
1043 1895 1243 1986 adspiraret.
1267 1902 1372 1974 Quom
1387 1901 1490 1969 situm

165 2005 346 2075 craticulae
359 2028 392 2072 v.
410 2011 429 2072 t
445 2003 620 2071 tribuebat
631 2006 697 2070 los.
716 2003 808 2090 (Ant.
824 2007 879 2070 lll.
898 2011 930 2070 6.
946 2005 993 2092 8),
1012 2002 1128 2069 dicens
1142 2003 1180 2069 in
1198 2032 1213 2064 «
1233 2004 1379 2074 humum
1393 2003 1512 2094 deci?

166 2114 252 2182 disse
265 2112 394 2198 ignem,
403 2110 464 2201 qui
474 2110 517 2178 de
523 2110 689 2178 craticula
698 2109 910 2176 dilaberetur
920 2137 936 2170 o
948 2131 955 2192 ;
968 2109 1126 2176 tribuunt
1135 2112 1238 2200 Any„
1257 2113 1345 2195 Vat,
1357 2114 1491 2202 Boasr„

168 2219 275 2289 Calin.
297 2219 435 2307 aliique.
458 2217 625 2285 Haerebat
640 2216 751 2303 igitur
771 2221 881 2283 crates
902 2215 1053 2282 medium
1073 2239 1135 2306 per
1149 2217 1256 2284 altare
1276 2217 1416 2302 librata,
1435 2244 1492 2288 cu·

166 2326 277 2393 bitum
292 2330 395 2414 atque
412 2324 585 2392 semissem
600 2346 704 2412 supra
718 2323 864 2390 humum
874 2323 1021 2404 elevata,
1037 2345 1107 2388 non
1119 2325 1286 2390 catenulis
1300 2346 1318 2390 e
1333 2327 1495 2403 cornibus

168 2431 285 2499 altaris
304 2431 473 2522 pendula,
494 2430 552 2498 sed
572 2430 638 2522 ipsi
655 2427 756 2497 altari
775 2429 954 2496 individue
976 2435 1168 2518 compacta.
1189 2429 1227 2496 ui
1246 2433 1345 2510 crati,
1369 2433 1429 2500 ubi
1443 2457 1495 2501 sa-

167 2522 331 2608 crificium
355 2538 548 2619 offerretur,
574 2536 818 2625 imponebatur
838 2535 991 2624 primum
1006 2536 1180 2622 lignorum
1195 2541 1305 2604 strues
1324 2539 1415 2625 (ch.
1439 2547 1494 2622 1,7
1560 2535 1563 2540 ’

168 2668 242 2736 sqq.
257 2651 291 2712 et
302 2632 460 2735 passim),
477 2644 562 2711 strui
575 2642 843 2732 imponebantur
853 2641 1011 2708 victimae
1022 2643 1139 2708 frusta.
1158 2647 1278 2710 Tantus
1292 2650 1344 2710 sat
1354 2644 1491 2734 planus

169 2750 508 2819 Difficultatem'faoit
533 2772 605 2817 non
626 2756 754 2831 textus,
776 2748 836 2815 sed
857 2748 968 2836 pictae
988 2748 1158 2838 quaedam
1178 2749 1250 2816 cius
1273 2750 1392 2817 altaris
1412 2753 1495 2821 ima-

169 2860 282 2946 gines,
300 2880 400 2949 quas,
418 2857 479 2948 qui
500 2878 679 2944 nunquam
698 2857 762 2945 ipsi
777 2854 1008 2922 Hebraeorum
1029 2854 1136 2922 altare
1155 2864 1416 2945 conspexerant,
1436 2858 1494 2926 de-

168 2966 342 3032 lineavere
360 2966 517 3054 pictores.
540 2963 737 3050 Secundum
751 2984 837 3051 quos
857 2965 893 3028 et
905 2967 1014 3028 strues
1029 2966 1062 3028 et
1079 2961 1220 3029 victima
1233 2985 1365 3030 stimmo
1383 2965 1495 3054 impo-

169 3071 343 3139 nebantur
354 3069 456 3138 altari
467 3070 691 3158 omniumque
705 3068 868 3159 patebant
884 3067 1019 3134 obtutui
1037 3088 1044 3134 :
1062 3073 1097 3135 at
1110 3067 1269 3135 videntur
1284 3069 1369 3136 haec
1387 3071 1498 3160 potius
1628 3073 1630 3076 ’
1675 3117 1678 3124 -

171 3200 299 3265 magna
313 3183 464 3267 exparte
480 3175 563 3266 ipsis
578 3175 697 3243 altaris
714 3175 879 3242 lateribus
898 3174 1000 3242 fuisse
1020 3175 1180 3241 decenter
1199 3176 1320 3243 celata.
1337 3176 1498 3245 Eliminat

171 3285 292 3366 ctiam,
308 3305 411 3375 quam
421 3281 641 3364 tradidimus,
657 3281 838 3371 explicatio
853 3280 1090 3348 difficultatem
1104 3281 1200 3348 illam
1215 3281 1309 3348 haud
1324 3269 1494 3372 exiguam,

172 3391 343 3481 quomodo
360 3391 450 3478 ignis
468 3390 593 3470 altare,
610 3388 704 3479 quod
720 3387 858 3474 elignis
877 3387 975 3454 setim
992 3392 1080 3470 erat,
1103 3388 1211 3454 aereis
1226 3390 1343 3478 utique
1360 3389 1498 3458 laminis

174 3499 315 3589 opertiS,
327 3521 398 3564 non
408 3495 666 3586 consumpserit.
678 3494 800 3563 Altaris
814 3492 984 3584 siquidem
994 3492 1125 3560 nullam
1135 3493 1193 3560 ille
1205 3493 1297 3580 ignis
1308 3495 1498 3584 attingebat

173 3612 307 3695 partem
321 3609 458 3695 praeter
481 3608 610 3670 cratem
628 3592 743 3682 illam,
760 3623 849 3691 quae
872 3604 945 3667 tota
959 3621 1065 3666 aenea
1085 3603 1174 3681 erat,
1192 3601 1331 3690 eiusque
1348 3603 1496 3672 mediam

175 3713 286 3801 potius
313 3717 457 3800 partem.
484 3733 516 3776 v.
538 3718 558 3776 6
585 3736 601 3770 a
625 3707 744 3774 Facies
765 3719 798 3773 et
820 3720 929 3773 vectes
953 3705 1075 3772 altaris
1095 3705 1137 3772 de
1152 3705 1259 3794 lippis
1277 3708 1374 3774 setim
1396 3707 1497 3790 dana,
1569 3715 1570 3718 ’

174 3839 259 3908 qrtos
274 3817 404 3907 operies
419 3816 558 3884 lerninis
571 3815 688 3882 aeaeis
705 3835 739 3896 »;
759 3836 792 3880 v.
809 3820 860 3879 7«
878 3824 911 3880 et
926 3811 1066 3879 didaces
1076 3835 1142 3902 per·
1154 3812 1314 3896 circadae,
1332 3828 1500 3906 erantque

175 3935 374 4015 exactaeque
388 3925 494 3991 latere
513 3922 637 3990 altaris
654 3921 702 3988 ad
714 3920 925 4010 portandam
944 3947 974 3985 ».
1001 3923 1123 3985 Sensus
1137 3919 1257 3986 obvius
1272 3925 1337 4002 est,
1355 3923 1418 3987 hos
1435 3923 1500 3987 cir-

176 4030 269 4099 cutos
290 4053 360 4097 esse
380 4030 535 4110 eosdem,
554 4050 639 4119 quos
664 4050 697 4094 v.
725 4032 744 4093 t
768 4026 914 4092 annulos
935 4026 1089 4092 vertebat
1111 4025 1206 4091 Hier.
1225 4027 1372 4115 ,(ntt:u);
1398 4027 1502 4118 idque

176 4137 357 4206 contirmat
376 4141 454 4218 38ss
478 4158 553 4226 sqq.
577 4139 625 4202 Ea
642 4135 751 4220 igitur
773 4133 954 4200 altitudine
975 4136 1073 4198 erant
1086 4131 1207 4198 annuli
1229 4132 1297 4217 illi,
1320 4156 1387 4224 quo
1403 4135 1503 4202 lacile

176 4244 325 4312 traiectis
343 4242 498 4310 vectibus
521 4264 542 4308 a
562 4239 792 4331 portatoribus
808 4239 935 4326 gestari
953 4238 1061 4305 altare
1081 4242 1205 4327 posset.
1228 4238 1356 4306 Annali
1370 4249 1504 4330 prosta-

176 4351 262 4419 bant
274 4349 413 4440 quidem
433 4351 475 4435 (v.
496 4347 529 4437 t)
548 4349 585 4415 in
599 4352 747 4436 quatuor
764 4345 917 4433 angulis,
934 4343 993 4412 sed
1015 4343 1063 4410 ita
1085 4349 1122 4410 ut
1140 4345 1215 4412 bini
1233 4347 1270 4412 in
1288 4369 1357 4413 uno
1375 4351 1506 4416 emine·

179 4464 257 4526 rent
276 4459 397 4538 latere,
421 4458 454 4522 et
479 4453 553 4520 bini
571 4455 608 4520 in
626 4453 734 4520 latere
748 4453 922 4542 opposito,
946 4450 1029 4517 dum
1048 4450 1158 4518 latera
1175 4451 1353 4519 interiecta
1370 4456 1507 4522 annulis

178 4569 345 4635 carerent.
363 4585 396 4631 v,
419 4567 440 4629 8
462 4587 479 4622 «
495 4562 584 4649 [Noa
597 4559 747 4626 solidum
760 4557 822 4626 sed
835 4558 939 4624 inciae
959 4557 1001 4646 et]
1025 4579 1146 4624 onorem
1171 4557 1375 4654 intrinsecus
1399 4563 1506 4648 sac-ies

181 4670 324 4752 illud»,
350 4691 397 4737 sc.
421 4668 546 4749 altare;
574 4694 590 4728 a
609 4667 699 4732 sicat
718 4665 781 4732 tibi
797 4667 834 4730 in
859 4676 972 4730 accrate
997 4676 1222 4731 ntonstratnm
1251 4678 1298 4731 est
1321 4695 1351 4731 ».
1375 4667 1476 4734 Hebr.
1495 4690 1507 4734 .·

180 4766 313 4848 cavam
326 4774 452 4845 tabulis
475 4773 583 4863 socies
601 4771 701 4839 ill-ad.
729 4772 841 4839 Altare
862 4771 950 4838 illud
973 4770 1129 4860 portatile
1151 4793 1222 4837 non
1239 4772 1420 4860 oportebat
1440 4796 1509 4840 csse
