<?xml version="1.0" encoding="UTF-8"?>
<!DOCTYPE html PUBLIC "-//W3C//DTD XHTML 1.0 Transitional//EN"
    "http://www.w3.org/TR/xhtml1/DTD/xhtml1-transitional.dtd">
<html xmlns="http://www.w3.org/1999/xhtml" xml:lang="en" lang="en">
 <head>
  <title>
</title>
<meta http-equiv="Content-Type" content="text/html;charset=utf-8" />
  <meta name='ocr-system' content='tesseract 3.04.00' />
  <meta name='ocr-capabilities' content='ocr_page ocr_carea ocr_par ocr_line ocrx_word'/>
</head>
<body>
  <div class='ocr_page' id='page_1' title='image "./commentariusine00hummgoog_0200.png"; bbox 0 0 3534 5384; ppageno 0'>
   <div class='ocr_carea' id='block_1_1' title="bbox 751 348 1536 419">
    <p class='ocr_par' dir='ltr' id='par_1_1' title="bbox 751 348 1536 419">
     <span class='ocr_line' id='line_1_1' title="bbox 751 348 1536 419; baseline 0.01 -13"><span class='ocrx_word' id='word_1_1' title='bbox 751 363 801 406; x_wconf 78' lang='lat' dir='ltr'>nx.</span> <span class='ocrx_word' id='word_1_2' title='bbox 825 348 893 419; x_wconf 62' lang='lat' dir='ltr'>tini</span> <span class='ocrx_word' id='word_1_3' title='bbox 919 363 984 415; x_wconf 88' lang='lat' dir='ltr'>soo.</span> <span class='ocrx_word' id='word_1_4' title='bbox 1137 381 1140 386; x_wconf 89' lang='lat'><em>·</em></span> <span class='ocrx_word' id='word_1_5' title='bbox 1478 355 1536 416; x_wconf 82' lang='lat'>189</span> 
     </span>
    </p>
   </div>
   <div class='ocr_carea' id='block_1_2' title="bbox 196 494 1598 2927">
    <p class='ocr_par' dir='ltr' id='par_1_2' title="bbox 196 494 1598 2927">
     <span class='ocr_line' id='line_1_2' title="bbox 201 494 1533 591; baseline 0.006 -29"><span class='ocrx_word' id='word_1_6' title='bbox 201 497 295 578; x_wconf 87' lang='lat' dir='ltr'>lieet,</span> <span class='ocrx_word' id='word_1_7' title='bbox 326 500 362 561; x_wconf 89' lang='lat' dir='ltr'>at</span> <span class='ocrx_word' id='word_1_8' title='bbox 384 496 421 562; x_wconf 95' lang='lat' dir='ltr'>in</span> <span class='ocrx_word' id='word_1_9' title='bbox 441 495 497 562; x_wconf 90' lang='lat' dir='ltr'>his</span> <span class='ocrx_word' id='word_1_10' title='bbox 522 494 678 563; x_wconf 71' lang='lat' dir='ltr'>formulis</span> <span class='ocrx_word' id='word_1_11' title='bbox 707 494 962 582; x_wconf 82' lang='lat' dir='ltr'>chronologicis</span> <span class='ocrx_word' id='word_1_12' title='bbox 984 496 1042 584; x_wconf 90' lang='lat' dir='ltr'>(cf.</span> <span class='ocrx_word' id='word_1_13' title='bbox 1068 503 1163 582; x_wconf 79' lang='lat'>16,1;</span> <span class='ocrx_word' id='word_1_14' title='bbox 1191 503 1289 566; x_wconf 90' lang='lat' dir='ltr'>Num.</span> <span class='ocrx_word' id='word_1_15' title='bbox 1326 507 1426 584; x_wconf 86' lang='lat' dir='ltr'>10,1o</span> <span class='ocrx_word' id='word_1_16' title='bbox 1453 504 1533 591; x_wconf 86' lang='lat' dir='ltr'>etc.)</span> 
     </span>
     <span class='ocr_line' id='line_1_3' title="bbox 201 602 1532 697; baseline 0.001 -28"><span class='ocrx_word' id='word_1_17' title='bbox 201 603 522 690; x_wconf 83' lang='lat' dir='ltr'>designatmeusem</span> <span class='ocrx_word' id='word_1_18' title='bbox 532 602 783 669; x_wconf 85' lang='lat' dir='ltr'>tantummodo.</span> <span class='ocrx_word' id='word_1_19' title='bbox 797 606 912 692; x_wconf 84' lang='lat' dir='ltr'><strong>Neque</strong></span> <span class='ocrx_word' id='word_1_20' title='bbox 922 617 979 666; x_wconf 77' lang='lat' dir='ltr'>nm</span> <span class='ocrx_word' id='word_1_21' title='bbox 995 614 1066 668; x_wconf 73' lang='lat' dir='ltr'>nn:</span> <span class='ocrx_word' id='word_1_22' title='bbox 1077 605 1165 672; x_wconf 86' lang='lat' dir='ltr'>verti</span> <span class='ocrx_word' id='word_1_23' title='bbox 1177 609 1287 694; x_wconf 89' lang='lat' dir='ltr'>potest</span> <span class='ocrx_word' id='word_1_24' title='bbox 1298 633 1313 666; x_wconf 91' lang='lat'>«</span> <span class='ocrx_word' id='word_1_25' title='bbox 1325 607 1381 674; x_wconf 91' lang='lat' dir='ltr'>die</span> <span class='ocrx_word' id='word_1_26' title='bbox 1392 608 1505 697; x_wconf 86' lang='lat' dir='ltr'>prima</span> <span class='ocrx_word' id='word_1_27' title='bbox 1517 637 1532 670; x_wconf 73' lang='lat' dir='ltr'>n</span> 
     </span>
     <span class='ocr_line' id='line_1_4' title="bbox 203 702 1535 805; baseline 0.004 -29"><span class='ocrx_word' id='word_1_28' title='bbox 203 708 355 798; x_wconf 65' lang='lat' dir='ltr'>(lurp),</span> <span class='ocrx_word' id='word_1_29' title='bbox 373 702 518 797; x_wconf 86' lang='lat' dir='ltr'>neque«</span> <span class='ocrx_word' id='word_1_30' title='bbox 538 707 594 776; x_wconf 91' lang='lat' dir='ltr'>die</span> <span class='ocrx_word' id='word_1_31' title='bbox 609 708 712 775; x_wconf 88' lang='lat' dir='ltr'>tertia</span> <span class='ocrx_word' id='word_1_32' title='bbox 727 736 743 768; x_wconf 87' lang='lat'>»</span> <span class='ocrx_word' id='word_1_33' title='bbox 759 709 901 798; x_wconf 57' lang='lat' dir='ltr'>(Aren),</span> <span class='ocrx_word' id='word_1_34' title='bbox 916 731 1027 800; x_wconf 90' lang='lat' dir='ltr'>neque</span> <span class='ocrx_word' id='word_1_35' title='bbox 1045 741 1060 773; x_wconf 93' lang='lat'>«</span> <span class='ocrx_word' id='word_1_36' title='bbox 1078 711 1152 800; x_wconf 86' lang='lat' dir='ltr'>ipsa</span> <span class='ocrx_word' id='word_1_37' title='bbox 1172 710 1247 795; x_wconf 91' lang='lat' dir='ltr'>die,</span> <span class='ocrx_word' id='word_1_38' title='bbox 1264 735 1333 802; x_wconf 83' lang='lat' dir='ltr'>qun</span> <span class='ocrx_word' id='word_1_39' title='bbox 1347 715 1535 805; x_wconf 89' lang='lat' dir='ltr'>completus</span> 
     </span>
     <span class='ocr_line' id='line_1_5' title="bbox 202 814 1531 904; baseline 0.004 -22"><span class='ocrx_word' id='word_1_40' title='bbox 202 823 251 882; x_wconf 89' lang='lat' dir='ltr'>est</span> <span class='ocrx_word' id='word_1_41' title='bbox 268 814 396 882; x_wconf 83' lang='lat' dir='ltr'>mensis</span> <span class='ocrx_word' id='word_1_42' title='bbox 410 815 532 882; x_wconf 90' lang='lat' dir='ltr'>tertius</span> <span class='ocrx_word' id='word_1_43' title='bbox 549 842 565 876; x_wconf 65' lang='grc' dir='ltr'>ι)</span> <span class='ocrx_word' id='word_1_44' title='bbox 584 815 723 903; x_wconf 64' lang='lat' dir='ltr'>(Man),</span> <span class='ocrx_word' id='word_1_45' title='bbox 741 815 894 882; x_wconf 84' lang='lat' dir='ltr'>sedeam</span> <span class='ocrx_word' id='word_1_46' title='bbox 913 815 1032 882; x_wconf 87' lang='lat' dir='ltr'>Dillm.</span> <span class='ocrx_word' id='word_1_47' title='bbox 1051 815 1237 884; x_wconf 82' lang='lat' dir='ltr'>dicendum</span> <span class='ocrx_word' id='word_1_48' title='bbox 1251 840 1431 886; x_wconf 91' lang='lat' dir='ltr'>numerum</span> <span class='ocrx_word' id='word_1_49' title='bbox 1451 820 1531 904; x_wconf 87' lang='lat' dir='ltr'>diei,</span> 
     </span>
     <span class='ocr_line' id='line_1_6' title="bbox 201 920 1535 1016; baseline 0.004 -28"><span class='ocrx_word' id='word_1_50' title='bbox 201 923 261 1012; x_wconf 92' lang='lat' dir='ltr'>qui</span> <span class='ocrx_word' id='word_1_51' title='bbox 274 921 411 1012; x_wconf 84' lang='lat' dir='ltr'>pridem</span> <span class='ocrx_word' id='word_1_52' title='bbox 424 922 460 988; x_wconf 90' lang='lat' dir='ltr'>in</span> <span class='ocrx_word' id='word_1_53' title='bbox 476 926 569 988; x_wconf 84' lang='lat' dir='ltr'>textu</span> <span class='ocrx_word' id='word_1_54' title='bbox 581 921 696 1004; x_wconf 85' lang='lat' dir='ltr'>fucrit,</span> <span class='ocrx_word' id='word_1_55' title='bbox 707 920 880 990; x_wconf 83' lang='lat' dir='ltr'>excidisse.</span> <span class='ocrx_word' id='word_1_56' title='bbox 899 944 932 987; x_wconf 87' lang='lat' dir='ltr'>v.</span> <span class='ocrx_word' id='word_1_57' title='bbox 950 929 971 989; x_wconf 76' lang='lat'><strong>2</strong></span> <span class='ocrx_word' id='word_1_58' title='bbox 993 951 1008 982; x_wconf 92' lang='lat'>«</span> <span class='ocrx_word' id='word_1_59' title='bbox 1025 925 1116 990; x_wconf 85' lang='lat' dir='ltr'>Nom</span> <span class='ocrx_word' id='word_1_60' title='bbox 1123 923 1279 1014; x_wconf 80' lang='lat' dir='ltr'>profecti</span> <span class='ocrx_word' id='word_1_61' title='bbox 1294 923 1335 991; x_wconf 85' lang='lat' dir='ltr'>de</span> <span class='ocrx_word' id='word_1_62' title='bbox 1348 925 1535 1016; x_wconf 78' lang='lat' dir='ltr'>Rephidim</span> 
     </span>
     <span class='ocr_line' id='line_1_7' title="bbox 200 1025 1534 1119; baseline 0.003 -24"><span class='ocrx_word' id='word_1_63' title='bbox 200 1041 234 1095; x_wconf 84' lang='lat' dir='ltr'>ei</span> <span class='ocrx_word' id='word_1_64' title='bbox 240 1028 479 1119; x_wconf 65' lang='lat' dir='ltr'>pervenientes</span> <span class='ocrx_word' id='word_1_65' title='bbox 494 1050 603 1117; x_wconf 80' lang='lat' dir='ltr'>nsque</span> <span class='ocrx_word' id='word_1_66' title='bbox 623 1027 660 1094; x_wconf 85' lang='lat' dir='ltr'>in</span> <span class='ocrx_word' id='word_1_67' title='bbox 680 1025 851 1094; x_wconf 80' lang='lat' dir='ltr'>desertam</span> <span class='ocrx_word' id='word_1_68' title='bbox 869 1027 989 1112; x_wconf 84' lang='lat' dir='ltr'>Sinai,</span> <span class='ocrx_word' id='word_1_69' title='bbox 1012 1031 1246 1097; x_wconf 80' lang='lat' dir='ltr'>castrametati</span> <span class='ocrx_word' id='word_1_70' title='bbox 1258 1044 1339 1097; x_wconf 83' lang='lat' dir='ltr'>suni</span> <span class='ocrx_word' id='word_1_71' title='bbox 1352 1032 1403 1118; x_wconf 83' lang='lat' dir='ltr'>[in</span> <span class='ocrx_word' id='word_1_72' title='bbox 1418 1032 1534 1099; x_wconf 86' lang='lat' dir='ltr'>eodem</span> 
     </span>
     <span class='ocr_line' id='line_1_8' title="bbox 201 1133 1533 1224; baseline 0.005 -22"><span class='ocrx_word' id='word_1_73' title='bbox 201 1135 287 1222; x_wconf 82' lang='lat' dir='ltr'>loco]</span> <span class='ocrx_word' id='word_1_74' title='bbox 303 1134 414 1224; x_wconf 79' lang='lat' dir='ltr'><em>ibique</em></span> <span class='ocrx_word' id='word_1_75' title='bbox 430 1133 542 1201; x_wconf 81' lang='lat' dir='ltr'>lsrael</span> <span class='ocrx_word' id='word_1_76' title='bbox 555 1133 637 1223; x_wconf 75' lang='lat' dir='ltr'>finit</span> <span class='ocrx_word' id='word_1_77' title='bbox 657 1133 805 1202; x_wconf 81' lang='lat' dir='ltr'>tentoria</span> <span class='ocrx_word' id='word_1_78' title='bbox 825 1158 843 1200; x_wconf 86' lang='lat' dir='ltr'>e</span> <span class='ocrx_word' id='word_1_79' title='bbox 861 1134 1003 1223; x_wconf 72' lang='lat' dir='ltr'>reqione</span> <span class='ocrx_word' id='word_1_80' title='bbox 1026 1135 1152 1202; x_wconf 83' lang='lat' dir='ltr'>montis</span> <span class='ocrx_word' id='word_1_81' title='bbox 1172 1165 1207 1220; x_wconf 71' lang='lat' dir='ltr'>n,</span> <span class='ocrx_word' id='word_1_82' title='bbox 1231 1137 1292 1205; x_wconf 91' lang='lat' dir='ltr'>ubi</span> <span class='ocrx_word' id='word_1_83' title='bbox 1304 1143 1391 1206; x_wconf 85' lang='lat' dir='ltr'>Deus</span> <span class='ocrx_word' id='word_1_84' title='bbox 1408 1162 1426 1207; x_wconf 90' lang='lat' dir='ltr'>e</span> <span class='ocrx_word' id='word_1_85' title='bbox 1446 1141 1533 1208; x_wconf 91' lang='lat' dir='ltr'>rubo</span> 
     </span>
     <span class='ocr_line' id='line_1_9' title="bbox 200 1240 1531 1336; baseline 0.003 -27"><span class='ocrx_word' id='word_1_86' title='bbox 200 1243 334 1309; x_wconf 89' lang='lat' dir='ltr'>locutus</span> <span class='ocrx_word' id='word_1_87' title='bbox 355 1241 468 1309; x_wconf 86' lang='lat' dir='ltr'>iuerat</span> <span class='ocrx_word' id='word_1_88' title='bbox 487 1240 590 1336; x_wconf 82' lang='lat' dir='ltr'>Moysi</span> <span class='ocrx_word' id='word_1_89' title='bbox 610 1241 732 1329; x_wconf 76' lang='lat' dir='ltr'>(Gai).</span> <span class='ocrx_word' id='word_1_90' title='bbox 754 1244 804 1308; x_wconf 85' lang='lat' dir='ltr'>lta</span> <span class='ocrx_word' id='word_1_91' title='bbox 818 1241 922 1307; x_wconf 86' lang='lat' dir='ltr'>etiam</span> <span class='ocrx_word' id='word_1_92' title='bbox 937 1241 1077 1331; x_wconf 91' lang='lat' dir='ltr'>impleri</span> <span class='ocrx_word' id='word_1_93' title='bbox 1092 1242 1213 1333; x_wconf 82' lang='lat' dir='ltr'>incipit</span> <span class='ocrx_word' id='word_1_94' title='bbox 1227 1243 1365 1330; x_wconf 80' lang='lat' dir='ltr'>signum</span> <span class='ocrx_word' id='word_1_95' title='bbox 1378 1246 1481 1333; x_wconf 79' lang='lat' dir='ltr'>lioysi</span> <span class='ocrx_word' id='word_1_96' title='bbox 1499 1255 1531 1328; x_wconf 90' lang='lat'>3,</span> 
     </span>
     <span class='ocr_line' id='line_1_10' title="bbox 203 1346 1535 1436; baseline 0.004 -22"><span class='ocrx_word' id='word_1_97' title='bbox 203 1355 244 1415; x_wconf 73' lang='lat'>12</span> <span class='ocrx_word' id='word_1_98' title='bbox 265 1370 287 1413; x_wconf 86' lang='lat' dir='ltr'>a</span> <span class='ocrx_word' id='word_1_99' title='bbox 309 1353 375 1416; x_wconf 83' lang='lat' dir='ltr'>lieo</span> <span class='ocrx_word' id='word_1_100' title='bbox 397 1347 529 1415; x_wconf 91' lang='lat' dir='ltr'>datum.</span> <span class='ocrx_word' id='word_1_101' title='bbox 551 1369 584 1414; x_wconf 89' lang='lat' dir='ltr'>v.</span> <span class='ocrx_word' id='word_1_102' title='bbox 613 1353 633 1414; x_wconf 81' lang='grc'><strong>3</strong></span> <span class='ocrx_word' id='word_1_103' title='bbox 656 1377 672 1408; x_wconf 88' lang='grc'>«</span> <span class='ocrx_word' id='word_1_104' title='bbox 698 1349 833 1436; x_wconf 77' lang='lat' dir='ltr'>Moyses</span> <span class='ocrx_word' id='word_1_105' title='bbox 851 1359 967 1414; x_wconf 82' lang='lat' dir='ltr'>antem</span> <span class='ocrx_word' id='word_1_106' title='bbox 982 1346 1139 1415; x_wconf 78' lang='lat' dir='ltr'>escendit</span> <span class='ocrx_word' id='word_1_107' title='bbox 1152 1348 1200 1415; x_wconf 85' lang='lat' dir='ltr'>ad</span> <span class='ocrx_word' id='word_1_108' title='bbox 1214 1353 1318 1416; x_wconf 74' lang='lat' dir='ltr'>Derim</span> <span class='ocrx_word' id='word_1_109' title='bbox 1331 1378 1366 1434; x_wconf 76' lang='lat' dir='ltr'>n,</span> <span class='ocrx_word' id='word_1_110' title='bbox 1382 1353 1475 1419; x_wconf 87' lang='lat' dir='ltr'>LXX</span> <span class='ocrx_word' id='word_1_111' title='bbox 1488 1352 1535 1419; x_wconf 83' lang='lat' dir='ltr'>od</span> 
     </span>
     <span class='ocr_line' id='line_1_11' title="bbox 200 1452 1534 1547; baseline 0.004 -27"><span class='ocrx_word' id='word_1_112' title='bbox 200 1467 349 1522; x_wconf 87' lang='lat' dir='ltr'>montem</span> <span class='ocrx_word' id='word_1_113' title='bbox 374 1453 455 1537; x_wconf 87' lang='lat' dir='ltr'>Dei,</span> <span class='ocrx_word' id='word_1_114' title='bbox 483 1475 573 1543; x_wconf 88' lang='lat' dir='ltr'>quae</span> <span class='ocrx_word' id='word_1_115' title='bbox 598 1452 716 1534; x_wconf 86' lang='lat' dir='ltr'>lectio,</span> <span class='ocrx_word' id='word_1_116' title='bbox 740 1453 770 1520; x_wconf 91' lang='lat' dir='ltr'>si</span> <span class='ocrx_word' id='word_1_117' title='bbox 792 1453 945 1541; x_wconf 83' lang='lat' dir='ltr'>genuina</span> <span class='ocrx_word' id='word_1_118' title='bbox 969 1461 1195 1544; x_wconf 79' lang='lat' dir='ltr'>supponatur,</span> <span class='ocrx_word' id='word_1_119' title='bbox 1218 1455 1385 1523; x_wconf 89' lang='lat' dir='ltr'>rationem</span> <span class='ocrx_word' id='word_1_120' title='bbox 1411 1458 1534 1547; x_wconf 81' lang='lat' dir='ltr'>pandit</span> 
     </span>
     <span class='ocr_line' id='line_1_12' title="bbox 201 1548 1598 1652; baseline 0.006 -25"><span class='ocrx_word' id='word_1_121' title='bbox 201 1560 377 1628; x_wconf 83' lang='lat' dir='ltr'>adhibitae</span> <span class='ocrx_word' id='word_1_122' title='bbox 392 1560 483 1627; x_wconf 88' lang='lat' dir='ltr'>vocis</span> <span class='ocrx_word' id='word_1_123' title='bbox 498 1548 611 1625; x_wconf 59' lang='grc' dir='ltr'>τιὴ-ἡκ.</span> <span class='ocrx_word' id='word_1_124' title='bbox 632 1565 756 1641; x_wconf 90' lang='lat' dir='ltr'>Porro,</span> <span class='ocrx_word' id='word_1_125' title='bbox 773 1559 972 1650; x_wconf 82' lang='lat' dir='ltr'>apparuisse</span> <span class='ocrx_word' id='word_1_126' title='bbox 992 1563 1098 1627; x_wconf 82' lang='lat' dir='ltr'>Deum</span> <span class='ocrx_word' id='word_1_127' title='bbox 1114 1561 1227 1628; x_wconf 84' lang='lat' dir='ltr'>forma</span> <span class='ocrx_word' id='word_1_128' title='bbox 1245 1562 1361 1652; x_wconf 87' lang='lat' dir='ltr'>aliqua</span> <span class='ocrx_word' id='word_1_129' title='bbox 1379 1564 1533 1631; x_wconf 84' lang='lat' dir='ltr'>sensibili</span> <span class='ocrx_word' id='word_1_130' title='bbox 1595 1629 1598 1636; x_wconf 91' lang='lat'>.</span> 
     </span>
     <span class='ocr_line' id='line_1_13' title="bbox 200 1664 1534 1757; baseline 0.001 -23"><span class='ocrx_word' id='word_1_131' title='bbox 200 1674 234 1734; x_wconf 90' lang='lat' dir='ltr'>et</span> <span class='ocrx_word' id='word_1_132' title='bbox 251 1667 404 1734; x_wconf 92' lang='lat' dir='ltr'>locutum</span> <span class='ocrx_word' id='word_1_133' title='bbox 416 1689 486 1734; x_wconf 86' lang='lat' dir='ltr'>esse</span> <span class='ocrx_word' id='word_1_134' title='bbox 503 1687 582 1733; x_wconf 86' lang='lat' dir='ltr'>voce</span> <span class='ocrx_word' id='word_1_135' title='bbox 597 1664 751 1734; x_wconf 86' lang='lat' dir='ltr'>sensibili</span> <span class='ocrx_word' id='word_1_136' title='bbox 773 1665 943 1756; x_wconf 81' lang='lat' dir='ltr'>(oocooii,·</span> <span class='ocrx_word' id='word_1_137' title='bbox 959 1666 1004 1733; x_wconf 87' lang='lat' dir='ltr'>ei.</span> <span class='ocrx_word' id='word_1_138' title='bbox 1020 1665 1109 1755; x_wconf 77' lang='lat' dir='ltr'>3,t),</span> <span class='ocrx_word' id='word_1_139' title='bbox 1126 1671 1218 1734; x_wconf 88' lang='lat' dir='ltr'>reete</span> <span class='ocrx_word' id='word_1_140' title='bbox 1236 1667 1341 1735; x_wconf 81' lang='lat' dir='ltr'>inseri</span> <span class='ocrx_word' id='word_1_141' title='bbox 1355 1671 1475 1757; x_wconf 80' lang='lat' dir='ltr'>Bonsr.</span> <span class='ocrx_word' id='word_1_142' title='bbox 1494 1693 1534 1737; x_wconf 83' lang='lat' dir='ltr'>ex</span> 
     </span>
     <span class='ocr_line' id='line_1_14' title="bbox 200 1771 1529 1863; baseline 0.001 -22"><span class='ocrx_word' id='word_1_143' title='bbox 200 1773 346 1841; x_wconf 88' lang='lat' dir='ltr'>aliarum</span> <span class='ocrx_word' id='word_1_144' title='bbox 360 1772 613 1863; x_wconf 80' lang='lat' dir='ltr'>apparitionum</span> <span class='ocrx_word' id='word_1_145' title='bbox 622 1771 795 1859; x_wconf 80' lang='lat' dir='ltr'>analogia.</span> <span class='ocrx_word' id='word_1_146' title='bbox 816 1800 831 1833; x_wconf 78' lang='grc' dir='ltr'>α</span> <span class='ocrx_word' id='word_1_147' title='bbox 855 1771 1061 1862; x_wconf 83' lang='lat' dir='ltr'>Voccoitque</span> <span class='ocrx_word' id='word_1_148' title='bbox 1076 1795 1153 1840; x_wconf 77' lang='lat' dir='ltr'>eunt</span> <span class='ocrx_word' id='word_1_149' title='bbox 1167 1771 1334 1840; x_wconf 82' lang='lat' dir='ltr'>Dominus</span> <span class='ocrx_word' id='word_1_150' title='bbox 1347 1775 1389 1842; x_wconf 84' lang='lat' dir='ltr'>de</span> <span class='ocrx_word' id='word_1_151' title='bbox 1403 1790 1529 1858; x_wconf 74' lang='lat' dir='ltr'>morice,</span> 
     </span>
     <span class='ocr_line' id='line_1_15' title="bbox 200 1877 1532 1968; baseline 0.002 -22"><span class='ocrx_word' id='word_1_152' title='bbox 200 1892 232 1946; x_wconf 84' lang='lat' dir='ltr'>et</span> <span class='ocrx_word' id='word_1_153' title='bbox 245 1879 297 1946; x_wconf 82' lang='lat' dir='ltr'>nit</span> <span class='ocrx_word' id='word_1_154' title='bbox 317 1900 329 1945; x_wconf 92' lang='lat'>.·</span> <span class='ocrx_word' id='word_1_155' title='bbox 349 1882 442 1947; x_wconf 85' lang='lat' dir='ltr'>Haec</span> <span class='ocrx_word' id='word_1_156' title='bbox 457 1877 550 1946; x_wconf 84' lang='lat' dir='ltr'>dices</span> <span class='ocrx_word' id='word_1_157' title='bbox 562 1878 682 1945; x_wconf 79' lang='lat' dir='ltr'>domm·</span> <span class='ocrx_word' id='word_1_158' title='bbox 695 1880 812 1959; x_wconf 83' lang='lat' dir='ltr'>Iacob,</span> <span class='ocrx_word' id='word_1_159' title='bbox 830 1889 863 1945; x_wconf 85' lang='lat' dir='ltr'>et</span> <span class='ocrx_word' id='word_1_160' title='bbox 877 1879 1100 1946; x_wconf 76' lang='lat' dir='ltr'>conrintiabis</span> <span class='ocrx_word' id='word_1_161' title='bbox 1112 1877 1199 1968; x_wconf 78' lang='lat' dir='ltr'>filiis</span> <span class='ocrx_word' id='word_1_162' title='bbox 1211 1881 1320 1947; x_wconf 82' lang='lat' dir='ltr'>Israel</span> <span class='ocrx_word' id='word_1_163' title='bbox 1335 1909 1364 1948; x_wconf 88' lang='lat'>».</span> <span class='ocrx_word' id='word_1_164' title='bbox 1382 1883 1532 1949; x_wconf 85' lang='lat' dir='ltr'>Pnralle-</span> 
     </span>
     <span class='ocr_line' id='line_1_16' title="bbox 198 1983 1532 2077; baseline -0.001 -23"><span class='ocrx_word' id='word_1_165' title='bbox 198 1986 318 2054; x_wconf 88' lang='lat' dir='ltr'>lismus</span> <span class='ocrx_word' id='word_1_166' title='bbox 331 1987 534 2073; x_wconf 78' lang='lat' dir='ltr'>gravitatem</span> <span class='ocrx_word' id='word_1_167' title='bbox 544 1984 640 2052; x_wconf 87' lang='lat' dir='ltr'>addit</span> <span class='ocrx_word' id='word_1_168' title='bbox 651 1984 811 2052; x_wconf 87' lang='lat' dir='ltr'>orationi.</span> <span class='ocrx_word' id='word_1_169' title='bbox 828 2006 860 2051; x_wconf 88' lang='lat' dir='ltr'>v.</span> <span class='ocrx_word' id='word_1_170' title='bbox 880 1988 929 2050; x_wconf 81' lang='lat' dir='ltr'>i«</span> <span class='ocrx_word' id='word_1_171' title='bbox 953 1985 1014 2052; x_wconf 90' lang='lat' dir='ltr'>Vos</span> <span class='ocrx_word' id='word_1_172' title='bbox 1030 1984 1121 2076; x_wconf 76' lang='lat' dir='ltr'>[ipsi]</span> <span class='ocrx_word' id='word_1_173' title='bbox 1138 1983 1285 2070; x_wconf 83' lang='lat' dir='ltr'>vidistis,</span> <span class='ocrx_word' id='word_1_174' title='bbox 1294 2009 1384 2076; x_wconf 85' lang='lat' dir='ltr'>quae</span> <span class='ocrx_word' id='word_1_175' title='bbox 1388 1989 1532 2077; x_wconf 76' lang='lat' dir='ltr'>fecerim</span> 
     </span>
     <span class='ocr_line' id='line_1_17' title="bbox 199 2090 1529 2183; baseline 0.001 -23"><span class='ocrx_word' id='word_1_176' title='bbox 199 2090 851 2183; x_wconf 76' lang='lat' dir='ltr'>Aeqyptiis,quomodoporiaoerimvos</span> <span class='ocrx_word' id='word_1_177' title='bbox 862 2118 879 2153; x_wconf 90' lang='lat'>»</span> <span class='ocrx_word' id='word_1_178' title='bbox 889 2091 1294 2180; x_wconf 80' lang='lat' dir='ltr'>—explicationisgratiu</span> <span class='ocrx_word' id='word_1_179' title='bbox 1304 2095 1397 2161; x_wconf 87' lang='lat' dir='ltr'>LXX</span> <span class='ocrx_word' id='word_1_180' title='bbox 1409 2095 1529 2162; x_wconf 85' lang='lat' dir='ltr'>Gbald.</span> 
     </span>
     <span class='ocr_line' id='line_1_18' title="bbox 196 2197 1529 2290; baseline -0.004 -23"><span class='ocrx_word' id='word_1_181' title='bbox 196 2199 355 2268; x_wconf 89' lang='lat' dir='ltr'>inserunt</span> <span class='ocrx_word' id='word_1_182' title='bbox 377 2198 480 2290; x_wconf 84' lang='lat' dir='ltr'>quasi</span> <span class='ocrx_word' id='word_1_183' title='bbox 501 2238 546 2248; x_wconf 92' lang='lat'><em>-</em></span> <span class='ocrx_word' id='word_1_184' title='bbox 571 2226 588 2260; x_wconf 77' lang='grc' dir='ltr'><strong><em>κ</em></strong></span> <span class='ocrx_word' id='word_1_185' title='bbox 607 2219 710 2288; x_wconf 83' lang='lat' dir='ltr'>super</span> <span class='ocrx_word' id='word_1_186' title='bbox 728 2197 804 2265; x_wconf 87' lang='lat' dir='ltr'>elas</span> <span class='ocrx_word' id='word_1_187' title='bbox 825 2197 1043 2288; x_wconf 78' lang='lat' dir='ltr'>aqrrilarum,</span> <span class='ocrx_word' id='word_1_188' title='bbox 1065 2210 1098 2264; x_wconf 84' lang='lat' dir='ltr'>et</span> <span class='ocrx_word' id='word_1_189' title='bbox 1117 2199 1361 2288; x_wconf 82' lang='lat' dir='ltr'>assumpserim</span> <span class='ocrx_word' id='word_1_190' title='bbox 1380 2200 1467 2267; x_wconf 80' lang='lat' dir='ltr'>mibi</span> <span class='ocrx_word' id='word_1_191' title='bbox 1491 2225 1529 2284; x_wconf 65' lang='grc' dir='ltr'>»ς</span> 
     </span>
     <span class='ocr_line' id='line_1_19' title="bbox 198 2303 1532 2388; baseline 0.001 -16"><span class='ocrx_word' id='word_1_192' title='bbox 198 2313 292 2373; x_wconf 87' lang='lat' dir='ltr'>verte</span> <span class='ocrx_word' id='word_1_193' title='bbox 309 2326 317 2372; x_wconf 74' lang='grc' dir='ltr'><strong>ε</strong></span> <span class='ocrx_word' id='word_1_194' title='bbox 333 2319 367 2371; x_wconf 83' lang='lat' dir='ltr'>et</span> <span class='ocrx_word' id='word_1_195' title='bbox 384 2304 591 2372; x_wconf 71' lang='lat' dir='ltr'>addiscerint</span> <span class='ocrx_word' id='word_1_196' title='bbox 605 2304 653 2371; x_wconf 86' lang='lat' dir='ltr'>od</span> <span class='ocrx_word' id='word_1_197' title='bbox 670 2327 735 2388; x_wconf 88' lang='lat' dir='ltr'>me,</span> <span class='ocrx_word' id='word_1_198' title='bbox 753 2326 799 2372; x_wconf 91' lang='lat' dir='ltr'>sc.</span> <span class='ocrx_word' id='word_1_199' title='bbox 820 2303 865 2371; x_wconf 88' lang='lat' dir='ltr'>ad</span> <span class='ocrx_word' id='word_1_200' title='bbox 878 2304 971 2371; x_wconf 89' lang='lat' dir='ltr'>hunc</span> <span class='ocrx_word' id='word_1_201' title='bbox 980 2303 1097 2371; x_wconf 92' lang='lat' dir='ltr'>locum</span> <span class='ocrx_word' id='word_1_202' title='bbox 1112 2327 1199 2372; x_wconf 86' lang='lat' dir='ltr'>ame</span> <span class='ocrx_word' id='word_1_203' title='bbox 1214 2307 1390 2374; x_wconf 89' lang='lat' dir='ltr'>selectum.</span> <span class='ocrx_word' id='word_1_204' title='bbox 1403 2335 1419 2370; x_wconf 77' lang='lat' dir='ltr'>a</span> <span class='ocrx_word' id='word_1_205' title='bbox 1437 2307 1532 2374; x_wconf 91' lang='lat' dir='ltr'>Prius</span> 
     </span>
     <span class='ocr_line' id='line_1_20' title="bbox 199 2409 1532 2501; baseline 0 -21"><span class='ocrx_word' id='word_1_206' title='bbox 199 2413 291 2480; x_wconf 83' lang='lat' dir='ltr'>male</span> <span class='ocrx_word' id='word_1_207' title='bbox 312 2412 407 2479; x_wconf 88' lang='lat' dir='ltr'>illata</span> <span class='ocrx_word' id='word_1_208' title='bbox 429 2411 623 2501; x_wconf 76' lang='lat' dir='ltr'>Aegyptiis,</span> <span class='ocrx_word' id='word_1_209' title='bbox 640 2410 765 2478; x_wconf 89' lang='lat' dir='ltr'>deinde</span> <span class='ocrx_word' id='word_1_210' title='bbox 789 2410 883 2477; x_wconf 90' lang='lat' dir='ltr'>bona</span> <span class='ocrx_word' id='word_1_211' title='bbox 907 2409 1031 2477; x_wconf 88' lang='lat' dir='ltr'>collatu</span> <span class='ocrx_word' id='word_1_212' title='bbox 1049 2410 1208 2478; x_wconf 80' lang='lat' dir='ltr'>Israelitis</span> <span class='ocrx_word' id='word_1_213' title='bbox 1227 2413 1532 2480; x_wconf 84' lang='lat' dir='ltr'>commemoranda</span> 
     </span>
     <span class='ocr_line' id='line_1_21' title="bbox 200 2515 1532 2611; baseline 0.001 -25"><span class='ocrx_word' id='word_1_214' title='bbox 200 2519 341 2586; x_wconf 90' lang='lat' dir='ltr'>mandat</span> <span class='ocrx_word' id='word_1_215' title='bbox 357 2545 373 2578; x_wconf 75' lang='lat' dir='ltr'>e</span> <span class='ocrx_word' id='word_1_216' title='bbox 391 2517 513 2607; x_wconf 83' lang='lat' dir='ltr'>(Gai.);</span> <span class='ocrx_word' id='word_1_217' title='bbox 532 2524 565 2584; x_wconf 89' lang='lat' dir='ltr'>ei</span> <span class='ocrx_word' id='word_1_218' title='bbox 581 2517 667 2585; x_wconf 85' lang='lat' dir='ltr'>hoec</span> <span class='ocrx_word' id='word_1_219' title='bbox 683 2516 823 2606; x_wconf 83' lang='lat' dir='ltr'>quidem</span> <span class='ocrx_word' id='word_1_220' title='bbox 838 2516 903 2602; x_wconf 86' lang='lat' dir='ltr'>ito,</span> <span class='ocrx_word' id='word_1_221' title='bbox 921 2521 958 2583; x_wconf 91' lang='lat' dir='ltr'>ut</span> <span class='ocrx_word' id='word_1_222' title='bbox 972 2515 1123 2606; x_wconf 90' lang='lat' dir='ltr'>primum</span> <span class='ocrx_word' id='word_1_223' title='bbox 1142 2518 1310 2607; x_wconf 87' lang='lat' dir='ltr'>protectio</span> <span class='ocrx_word' id='word_1_224' title='bbox 1325 2526 1359 2587; x_wconf 88' lang='lat' dir='ltr'>ct</span> <span class='ocrx_word' id='word_1_225' title='bbox 1373 2526 1532 2611; x_wconf 89' lang='lat' dir='ltr'>portenta</span> 
     </span>
     <span class='ocr_line' id='line_1_22' title="bbox 197 2622 1527 2706; baseline 0.001 -15"><span class='ocrx_word' id='word_1_226' title='bbox 197 2624 234 2692; x_wconf 92' lang='lat' dir='ltr'>in</span> <span class='ocrx_word' id='word_1_227' title='bbox 248 2625 372 2692; x_wconf 90' lang='lat' dir='ltr'>itinere</span> <span class='ocrx_word' id='word_1_228' title='bbox 387 2645 563 2705; x_wconf 85' lang='lat' dir='ltr'>concessa,</span> <span class='ocrx_word' id='word_1_229' title='bbox 582 2623 665 2691; x_wconf 88' lang='lat' dir='ltr'>dein</span> <span class='ocrx_word' id='word_1_230' title='bbox 676 2622 810 2690; x_wconf 90' lang='lat' dir='ltr'>itineris</span> <span class='ocrx_word' id='word_1_231' title='bbox 823 2622 990 2690; x_wconf 87' lang='lat' dir='ltr'>terminus</span> <span class='ocrx_word' id='word_1_232' title='bbox 999 2623 1172 2690; x_wconf 83' lang='lat' dir='ltr'>efferatur.</span> <span class='ocrx_word' id='word_1_233' title='bbox 1192 2629 1294 2692; x_wconf 85' lang='lat' dir='ltr'>«Non</span> <span class='ocrx_word' id='word_1_234' title='bbox 1310 2631 1382 2692; x_wconf 89' lang='lat' dir='ltr'>tam</span> <span class='ocrx_word' id='word_1_235' title='bbox 1398 2634 1527 2706; x_wconf 89' lang='lat' dir='ltr'>euntes,</span> 
     </span>
     <span class='ocr_line' id='line_1_23' title="bbox 197 2727 1531 2822; baseline -0.002 -23"><span class='ocrx_word' id='word_1_236' title='bbox 197 2753 304 2822; x_wconf 86' lang='lat' dir='ltr'>quam</span> <span class='ocrx_word' id='word_1_237' title='bbox 323 2731 412 2798; x_wconf 86' lang='lat' dir='ltr'>vecti</span> <span class='ocrx_word' id='word_1_238' title='bbox 426 2753 447 2797; x_wconf 83' lang='lat' dir='ltr'>n</span> <span class='ocrx_word' id='word_1_239' title='bbox 459 2735 526 2797; x_wconf 83' lang='lat' dir='ltr'>[ico</span> <span class='ocrx_word' id='word_1_240' title='bbox 543 2730 610 2796; x_wconf 91' lang='lat' dir='ltr'>iter</span> <span class='ocrx_word' id='word_1_241' title='bbox 628 2733 775 2817; x_wconf 83' lang='lat' dir='ltr'>egerunt</span> <span class='ocrx_word' id='word_1_242' title='bbox 794 2756 811 2790; x_wconf 79' lang='lat' dir='ltr'>u</span> <span class='ocrx_word' id='word_1_243' title='bbox 829 2728 947 2817; x_wconf 71' lang='lat' dir='ltr'>(Cei).</span> <span class='ocrx_word' id='word_1_244' title='bbox 968 2727 1094 2807; x_wconf 81' lang='lat' dir='ltr'>Quibus</span> <span class='ocrx_word' id='word_1_245' title='bbox 1109 2728 1208 2797; x_wconf 88' lang='lat' dir='ltr'>factis</span> <span class='ocrx_word' id='word_1_246' title='bbox 1222 2730 1461 2798; x_wconf 84' lang='lat' dir='ltr'>illustrabatur</span> <span class='ocrx_word' id='word_1_247' title='bbox 1474 2733 1531 2797; x_wconf 81' lang='lat' dir='ltr'>[tei</span> 
     </span>
     <span class='ocr_line' id='line_1_24' title="bbox 197 2833 1531 2927; baseline -0.002 -21"><span class='ocrx_word' id='word_1_248' title='bbox 197 2837 446 2927; x_wconf 86' lang='lat' dir='ltr'>omnipotentia</span> <span class='ocrx_word' id='word_1_249' title='bbox 465 2843 498 2904; x_wconf 87' lang='lat' dir='ltr'>et</span> <span class='ocrx_word' id='word_1_250' title='bbox 518 2837 554 2903; x_wconf 91' lang='lat' dir='ltr'>in</span> <span class='ocrx_word' id='word_1_251' title='bbox 574 2835 745 2927; x_wconf 91' lang='lat' dir='ltr'>populum</span> <span class='ocrx_word' id='word_1_252' title='bbox 763 2835 953 2902; x_wconf 83' lang='lat' dir='ltr'>hebraeum</span> <span class='ocrx_word' id='word_1_253' title='bbox 973 2833 1098 2924; x_wconf 90' lang='lat' dir='ltr'>pietas;</span> <span class='ocrx_word' id='word_1_254' title='bbox 1120 2857 1267 2924; x_wconf 87' lang='lat' dir='ltr'>quarum</span> <span class='ocrx_word' id='word_1_255' title='bbox 1290 2837 1457 2905; x_wconf 90' lang='lat' dir='ltr'>memoria</span> <span class='ocrx_word' id='word_1_256' title='bbox 1477 2838 1531 2904; x_wconf 92' lang='lat' dir='ltr'>iu-</span> 
     </span>
    </p>
   </div>
   <div class='ocr_carea' id='block_1_3' title="bbox 198 2940 1676 3046">
    <p class='ocr_par' dir='ltr' id='par_1_3' title="bbox 198 2925 1766 3046">
     <span class='ocr_line' id='line_1_25' title="bbox 198 2940 1676 3046; baseline 0.001 -36"><span class='ocrx_word' id='word_1_257' title='bbox 198 2943 377 3012; x_wconf 87' lang='lat' dir='ltr'>ducendus</span> <span class='ocrx_word' id='word_1_258' title='bbox 392 2943 421 3010; x_wconf 93' lang='lat' dir='ltr'>is</span> <span class='ocrx_word' id='word_1_259' title='bbox 439 2947 528 3025; x_wconf 86' lang='lat' dir='ltr'>erat,</span> <span class='ocrx_word' id='word_1_260' title='bbox 546 2946 583 3008; x_wconf 93' lang='lat' dir='ltr'>ut</span> <span class='ocrx_word' id='word_1_261' title='bbox 597 2941 652 3010; x_wconf 87' lang='lat' dir='ltr'>cui</span> <span class='ocrx_word' id='word_1_262' title='bbox 666 2943 735 3009; x_wconf 82' lang='lat' dir='ltr'>iem</span> <span class='ocrx_word' id='word_1_263' title='bbox 747 2941 888 3008; x_wconf 88' lang='lat' dir='ltr'>aliunde</span> <span class='ocrx_word' id='word_1_264' title='bbox 900 2940 1083 3007; x_wconf 88' lang='lat' dir='ltr'>adstrictus</span> <span class='ocrx_word' id='word_1_265' title='bbox 1098 2945 1189 3026; x_wconf 88' lang='lat' dir='ltr'>erat,</span> <span class='ocrx_word' id='word_1_266' title='bbox 1207 2940 1328 3009; x_wconf 82' lang='lat' dir='ltr'>foedus</span> <span class='ocrx_word' id='word_1_267' title='bbox 1338 2942 1531 3030; x_wconf 78' lang='lat' dir='ltr'>religiosius</span> <span class='ocrx_word' id='word_1_268' title='bbox 1562 3035 1565 3046; x_wconf 50' lang='lat'>,</span> <span class='ocrx_word' id='word_1_269' title='bbox 1673 3033 1676 3040; x_wconf 16' lang='grc' dir='ltr'>λ</span> 
     </span>
    </p>
   </div>
   <div class='ocr_carea' id='block_1_4' title="bbox 198 3051 479 3118">
    <p class='ocr_par' dir='ltr' id='par_1_4' title="bbox 198 3051 479 3118">
     <span class='ocr_line' id='line_1_26' title="bbox 198 3051 479 3118; baseline -0.004 0"><span class='ocrx_word' id='word_1_270' title='bbox 198 3051 301 3118; x_wconf 86' lang='lat' dir='ltr'>etiam</span> <span class='ocrx_word' id='word_1_271' title='bbox 319 3053 479 3117; x_wconf 80' lang='lat' dir='ltr'>servaret.</span> 
     </span>
    </p>
   </div>
   <div class='ocr_carea' id='block_1_5' title="bbox 195 3235 1530 4194">
    <p class='ocr_par' dir='ltr' id='par_1_5' title="bbox 195 3235 1530 4194">
     <span class='ocr_line' id='line_1_27' title="bbox 234 3235 1526 3306; baseline -0.002 -13"><span class='ocrx_word' id='word_1_272' title='bbox 234 3242 307 3293; x_wconf 88' lang='lat' dir='ltr'>illud</span> <span class='ocrx_word' id='word_1_273' title='bbox 321 3241 356 3292; x_wconf 88' lang='lat' dir='ltr'>de</span> <span class='ocrx_word' id='word_1_274' title='bbox 369 3242 464 3306; x_wconf 80' lang='lat' dir='ltr'>pinnis</span> <span class='ocrx_word' id='word_1_275' title='bbox 479 3239 637 3302; x_wconf 81' lang='lat' dir='ltr'>aquitarum</span> <span class='ocrx_word' id='word_1_276' title='bbox 652 3235 743 3305; x_wconf 64' lang='lat' dir='ltr'>(nun</span> <span class='ocrx_word' id='word_1_277' title='bbox 759 3250 766 3286; x_wconf 92' lang='lat'><strong>:</strong></span> <span class='ocrx_word' id='word_1_278' title='bbox 783 3250 840 3289; x_wconf 92' lang='lat' dir='ltr'>non</span> <span class='ocrx_word' id='word_1_279' title='bbox 854 3248 975 3300; x_wconf 86' lang='lat' dir='ltr'>pennae,</span> <span class='ocrx_word' id='word_1_280' title='bbox 991 3237 1102 3288; x_wconf 90' lang='lat' dir='ltr'>humeri</span> <span class='ocrx_word' id='word_1_281' title='bbox 1116 3237 1161 3287; x_wconf 88' lang='lat' dir='ltr'>vel</span> <span class='ocrx_word' id='word_1_282' title='bbox 1183 3238 1301 3299; x_wconf 85' lang='lat' dir='ltr'>similia,</span> <span class='ocrx_word' id='word_1_283' title='bbox 1318 3238 1368 3289; x_wconf 88' lang='lat' dir='ltr'>sed</span> <span class='ocrx_word' id='word_1_284' title='bbox 1388 3241 1492 3303; x_wconf 86' lang='lat' dir='ltr'>pinnae</span> <span class='ocrx_word' id='word_1_285' title='bbox 1509 3244 1526 3291; x_wconf 90' lang='lat' dir='ltr'>i.</span> 
     </span>
     <span class='ocr_line' id='line_1_28' title="bbox 198 3325 1529 3396; baseline -0.003 -14"><span class='ocrx_word' id='word_1_286' title='bbox 198 3345 224 3384; x_wconf 89' lang='lat' dir='ltr'>e.</span> <span class='ocrx_word' id='word_1_287' title='bbox 244 3332 353 3388; x_wconf 80' lang='lat' dir='ltr'>alarum</span> <span class='ocrx_word' id='word_1_288' title='bbox 371 3341 481 3394; x_wconf 79' lang='lat' dir='ltr'>pennae</span> <span class='ocrx_word' id='word_1_289' title='bbox 497 3328 687 3389; x_wconf 82' lang='lat' dir='ltr'>robustiores,</span> <span class='ocrx_word' id='word_1_290' title='bbox 707 3326 809 3392; x_wconf 85' lang='lat' dir='ltr'>quibus</span> <span class='ocrx_word' id='word_1_291' title='bbox 823 3327 1000 3390; x_wconf 88' lang='lat' dir='ltr'>potissimum</span> <span class='ocrx_word' id='word_1_292' title='bbox 1018 3327 1091 3376; x_wconf 84' lang='lat' dir='ltr'>inest</span> <span class='ocrx_word' id='word_1_293' title='bbox 1110 3325 1146 3376; x_wconf 79' lang='lat' dir='ltr'>sd</span> <span class='ocrx_word' id='word_1_294' title='bbox 1164 3325 1316 3376; x_wconf 87' lang='lat' dir='ltr'>volandum</span> <span class='ocrx_word' id='word_1_295' title='bbox 1330 3327 1423 3396; x_wconf 68' lang='lat' dir='ltr'>robur)</span> <span class='ocrx_word' id='word_1_296' title='bbox 1439 3329 1529 3379; x_wconf 85' lang='lat' dir='ltr'>insius</span> 
     </span>
     <span class='ocr_line' id='line_1_29' title="bbox 196 3413 1530 3484; baseline -0.004 -12"><span class='ocrx_word' id='word_1_297' title='bbox 196 3421 353 3484; x_wconf 84' lang='lat' dir='ltr'>explicatur</span> <span class='ocrx_word' id='word_1_298' title='bbox 366 3418 448 3469; x_wconf 87' lang='lat' dir='ltr'>Deut.</span> <span class='ocrx_word' id='word_1_299' title='bbox 466 3417 544 3479; x_wconf 64' lang='lat' dir='ltr'>atii</span> <span class='ocrx_word' id='word_1_300' title='bbox 565 3430 571 3466; x_wconf 76' lang='grc' dir='ltr'><strong><em>ε</em></strong></span> <span class='ocrx_word' id='word_1_301' title='bbox 589 3415 668 3468; x_wconf 87' lang='lat' dir='ltr'>Siout</span> <span class='ocrx_word' id='word_1_302' title='bbox 682 3415 778 3480; x_wconf 83' lang='lat' dir='ltr'>aquila</span> <span class='ocrx_word' id='word_1_303' title='bbox 796 3415 922 3465; x_wconf 81' lang='lat' dir='ltr'>excitans</span> <span class='ocrx_word' id='word_1_304' title='bbox 943 3413 1041 3463; x_wconf 90' lang='lat' dir='ltr'>nidum</span> <span class='ocrx_word' id='word_1_305' title='bbox 1060 3427 1157 3476; x_wconf 88' lang='lat' dir='ltr'>suum,</span> <span class='ocrx_word' id='word_1_306' title='bbox 1173 3427 1258 3479; x_wconf 87' lang='lat' dir='ltr'>super</span> <span class='ocrx_word' id='word_1_307' title='bbox 1272 3415 1366 3480; x_wconf 88' lang='lat' dir='ltr'>pullos</span> <span class='ocrx_word' id='word_1_308' title='bbox 1384 3431 1451 3468; x_wconf 89' lang='lat' dir='ltr'>suos</span> <span class='ocrx_word' id='word_1_309' title='bbox 1467 3433 1530 3467; x_wconf 89' lang='lat' dir='ltr'>sus·</span> 
     </span>
     <span class='ocr_line' id='line_1_30' title="bbox 197 3502 1530 3573; baseline -0.006 -13"><span class='ocrx_word' id='word_1_310' title='bbox 197 3521 287 3573; x_wconf 87' lang='lat' dir='ltr'>pensa</span> <span class='ocrx_word' id='word_1_311' title='bbox 304 3507 430 3559; x_wconf 85' lang='lat' dir='ltr'>extendit</span> <span class='ocrx_word' id='word_1_312' title='bbox 443 3507 503 3557; x_wconf 85' lang='lat' dir='ltr'>aias</span> <span class='ocrx_word' id='word_1_313' title='bbox 518 3519 598 3565; x_wconf 85' lang='lat' dir='ltr'>suas,</span> <span class='ocrx_word' id='word_1_314' title='bbox 615 3503 764 3570; x_wconf 85' lang='lat' dir='ltr'>prehendit</span> <span class='ocrx_word' id='word_1_315' title='bbox 778 3516 843 3554; x_wconf 90' lang='lat' dir='ltr'>eum</span> <span class='ocrx_word' id='word_1_316' title='bbox 862 3507 891 3554; x_wconf 90' lang='lat' dir='ltr'>et</span> <span class='ocrx_word' id='word_1_317' title='bbox 908 3502 1012 3553; x_wconf 78' lang='lat' dir='ltr'>attollit</span> <span class='ocrx_word' id='word_1_318' title='bbox 1029 3515 1094 3554; x_wconf 90' lang='lat' dir='ltr'>eum</span> <span class='ocrx_word' id='word_1_319' title='bbox 1112 3515 1197 3567; x_wconf 86' lang='lat' dir='ltr'>super</span> <span class='ocrx_word' id='word_1_320' title='bbox 1215 3503 1317 3568; x_wconf 83' lang='lat' dir='ltr'>pinnas</span> <span class='ocrx_word' id='word_1_321' title='bbox 1331 3517 1407 3556; x_wconf 86' lang='lat' dir='ltr'>suas.</span> <span class='ocrx_word' id='word_1_322' title='bbox 1423 3505 1530 3564; x_wconf 83' lang='lat' dir='ltr'>Quibus</span> 
     </span>
     <span class='ocr_line' id='line_1_31' title="bbox 198 3590 1529 3666; baseline -0.003 -18"><span class='ocrx_word' id='word_1_323' title='bbox 198 3598 292 3666; x_wconf 73' lang='lat' dir='ltr'>piures</span> <span class='ocrx_word' id='word_1_324' title='bbox 305 3601 439 3661; x_wconf 82' lang='lat' dir='ltr'>putavere</span> <span class='ocrx_word' id='word_1_325' title='bbox 449 3596 567 3660; x_wconf 78' lang='lat' dir='ltr'>exprimi</span> <span class='ocrx_word' id='word_1_326' title='bbox 580 3593 704 3645; x_wconf 81' lang='lat' dir='ltr'>tabulam</span> <span class='ocrx_word' id='word_1_327' title='bbox 720 3592 754 3643; x_wconf 86' lang='lat' dir='ltr'>de</span> <span class='ocrx_word' id='word_1_328' title='bbox 769 3592 864 3656; x_wconf 85' lang='lat' dir='ltr'>aquila</span> <span class='ocrx_word' id='word_1_329' title='bbox 878 3590 971 3656; x_wconf 87' lang='lat' dir='ltr'>pullos</span> <span class='ocrx_word' id='word_1_330' title='bbox 986 3591 1039 3642; x_wconf 82' lang='lat' dir='ltr'>alis</span> <span class='ocrx_word' id='word_1_331' title='bbox 1059 3592 1105 3642; x_wconf 86' lang='lat' dir='ltr'>vel</span> <span class='ocrx_word' id='word_1_332' title='bbox 1120 3592 1246 3643; x_wconf 86' lang='lat' dir='ltr'>humeris</span> <span class='ocrx_word' id='word_1_333' title='bbox 1264 3593 1428 3658; x_wconf 83' lang='lat' dir='ltr'>imponente</span> <span class='ocrx_word' id='word_1_334' title='bbox 1445 3601 1529 3659; x_wconf 87' lang='lat' dir='ltr'>atque</span> 
     </span>
     <span class='ocr_line' id='line_1_32' title="bbox 197 3678 1530 3750; baseline -0.005 -14"><span class='ocrx_word' id='word_1_335' title='bbox 197 3687 238 3737; x_wconf 78' lang='lat' dir='ltr'>ita</span> <span class='ocrx_word' id='word_1_336' title='bbox 251 3698 301 3750; x_wconf 87' lang='lat' dir='ltr'>per</span> <span class='ocrx_word' id='word_1_337' title='bbox 314 3697 381 3737; x_wconf 82' lang='lat' dir='ltr'>aera</span> <span class='ocrx_word' id='word_1_338' title='bbox 394 3683 546 3736; x_wconf 80' lang='lat' dir='ltr'>delerente.</span> <span class='ocrx_word' id='word_1_339' title='bbox 564 3682 608 3735; x_wconf 87' lang='lat' dir='ltr'>ci.</span> <span class='ocrx_word' id='word_1_340' title='bbox 623 3681 747 3732; x_wconf 78' lang='lat' dir='ltr'>Brcibrt.</span> <span class='ocrx_word' id='word_1_341' title='bbox 763 3680 874 3731; x_wconf 80' lang='lat' dir='ltr'>Hieron.</span> <span class='ocrx_word' id='word_1_342' title='bbox 893 3680 925 3732; x_wconf 89' lang='lat' dir='ltr'>P.</span> <span class='ocrx_word' id='word_1_343' title='bbox 943 3679 969 3730; x_wconf 89' lang='lat'>11</span> <span class='ocrx_word' id='word_1_344' title='bbox 984 3679 1045 3732; x_wconf 88' lang='lat' dir='ltr'>Lib.</span> <span class='ocrx_word' id='word_1_345' title='bbox 1067 3678 1095 3729; x_wconf 89' lang='lat'>11</span> <span class='ocrx_word' id='word_1_346' title='bbox 1110 3691 1170 3744; x_wconf 85' lang='lat' dir='ltr'>cap.</span> <span class='ocrx_word' id='word_1_347' title='bbox 1187 3681 1201 3730; x_wconf 85' lang='grc'>3</span> <span class='ocrx_word' id='word_1_348' title='bbox 1223 3693 1289 3745; x_wconf 80' lang='lat' dir='ltr'>pag.</span> <span class='ocrx_word' id='word_1_349' title='bbox 1309 3681 1370 3733; x_wconf 81' lang='lat'>176.</span> <span class='ocrx_word' id='word_1_350' title='bbox 1388 3681 1530 3748; x_wconf 66' lang='lat' dir='ltr'>Cunrinon</span> 
     </span>
     <span class='ocr_line' id='line_1_33' title="bbox 196 3768 1529 3839; baseline -0.005 -13"><span class='ocrx_word' id='word_1_351' title='bbox 196 3777 235 3827; x_wconf 88' lang='lat' dir='ltr'>sit</span> <span class='ocrx_word' id='word_1_352' title='bbox 246 3775 368 3826; x_wconf 85' lang='lat' dir='ltr'>auctoris</span> <span class='ocrx_word' id='word_1_353' title='bbox 380 3774 508 3839; x_wconf 86' lang='lat' dir='ltr'>inspirati</span> <span class='ocrx_word' id='word_1_354' title='bbox 523 3769 662 3823; x_wconf 87' lang='lat' dir='ltr'>eiusmodi</span> <span class='ocrx_word' id='word_1_355' title='bbox 676 3769 711 3821; x_wconf 87' lang='lat' dir='ltr'>dc</span> <span class='ocrx_word' id='word_1_356' title='bbox 727 3769 812 3820; x_wconf 89' lang='lat' dir='ltr'>rebus</span> <span class='ocrx_word' id='word_1_357' title='bbox 831 3768 1007 3820; x_wconf 81' lang='lat' dir='ltr'>naturalibus</span> <span class='ocrx_word' id='word_1_358' title='bbox 1026 3780 1136 3820; x_wconf 85' lang='lat' dir='ltr'>errores</span> <span class='ocrx_word' id='word_1_359' title='bbox 1163 3770 1318 3832; x_wconf 84' lang='lat' dir='ltr'>corrigere,</span> <span class='ocrx_word' id='word_1_360' title='bbox 1333 3783 1425 3836; x_wconf 89' lang='lat' dir='ltr'>neque</span> <span class='ocrx_word' id='word_1_361' title='bbox 1445 3785 1529 3835; x_wconf 85' lang='lat' dir='ltr'>repu-</span> 
     </span>
     <span class='ocr_line' id='line_1_34' title="bbox 196 3841 1530 3928; baseline -0.005 -14"><span class='ocrx_word' id='word_1_362' title='bbox 196 3875 285 3928; x_wconf 78' lang='lat' dir='ltr'>gnare</span> <span class='ocrx_word' id='word_1_363' title='bbox 298 3862 482 3913; x_wconf 82' lang='lat' dir='ltr'>videtureum</span> <span class='ocrx_word' id='word_1_364' title='bbox 494 3861 523 3910; x_wconf 87' lang='lat' dir='ltr'>li.</span> <span class='ocrx_word' id='word_1_365' title='bbox 540 3861 559 3910; x_wconf 88' lang='lat'>1.</span> <span class='ocrx_word' id='word_1_366' title='bbox 576 3859 611 3911; x_wconf 86' lang='lat' dir='ltr'>ad</span> <span class='ocrx_word' id='word_1_367' title='bbox 626 3872 689 3910; x_wconf 87' lang='lat' dir='ltr'>cam</span> <span class='ocrx_word' id='word_1_368' title='bbox 700 3857 825 3909; x_wconf 82' lang='lat' dir='ltr'>tabulam</span> <span class='ocrx_word' id='word_1_369' title='bbox 834 3857 969 3908; x_wconf 83' lang='lat' dir='ltr'>alludere.</span> <span class='ocrx_word' id='word_1_370' title='bbox 982 3857 1088 3908; x_wconf 84' lang='lat' dir='ltr'>Tamen</span> <span class='ocrx_word' id='word_1_371' title='bbox 1102 3855 1198 3907; x_wconf 80' lang='lat' dir='ltr'>chald.</span> <span class='ocrx_word' id='word_1_372' title='bbox 1213 3859 1276 3922; x_wconf 76' lang='lat' dir='ltr'>Syr.</span> <span class='ocrx_word' id='word_1_373' title='bbox 1296 3858 1379 3910; x_wconf 87' lang='lat' dir='ltr'>Deut.</span> <span class='ocrx_word' id='word_1_374' title='bbox 1397 3858 1475 3920; x_wconf 63' lang='lat' dir='ltr'>inii</span> <span class='ocrx_word' id='word_1_375' title='bbox 1493 3841 1530 3919; x_wconf 64' lang='lat' dir='ltr'>hp·</span> 
     </span>
     <span class='ocr_line' id='line_1_35' title="bbox 196 3944 1529 4019; baseline -0.004 -17"><span class='ocrx_word' id='word_1_376' title='bbox 196 3954 415 4019; x_wconf 80' lang='lat' dir='ltr'>interpretantur</span> <span class='ocrx_word' id='word_1_377' title='bbox 432 3963 518 4001; x_wconf 87' lang='lat' dir='ltr'>seusu</span> <span class='ocrx_word' id='word_1_378' title='bbox 536 3947 714 4000; x_wconf 85' lang='lat' dir='ltr'>instrumenti</span> <span class='ocrx_word' id='word_1_379' title='bbox 735 3960 742 3995; x_wconf 92' lang='lat'>:</span> <span class='ocrx_word' id='word_1_380' title='bbox 763 3947 794 3997; x_wconf 91' lang='lat' dir='ltr'>in</span> <span class='ocrx_word' id='word_1_381' title='bbox 814 3944 978 3997; x_wconf 83' lang='lat' dir='ltr'>fortitudine</span> <span class='ocrx_word' id='word_1_382' title='bbox 996 3947 1146 4009; x_wconf 82' lang='lat' dir='ltr'>pinnarum</span> <span class='ocrx_word' id='word_1_383' title='bbox 1166 3957 1296 4008; x_wconf 86' lang='lat' dir='ltr'>suarum;</span> <span class='ocrx_word' id='word_1_384' title='bbox 1312 3960 1395 4010; x_wconf 89' lang='lat' dir='ltr'>quern</span> <span class='ocrx_word' id='word_1_385' title='bbox 1415 3960 1529 3998; x_wconf 87' lang='lat' dir='ltr'>sensum</span> 
     </span>
     <span class='ocr_line' id='line_1_36' title="bbox 196 4029 1529 4104; baseline -0.005 -12"><span class='ocrx_word' id='word_1_386' title='bbox 196 4040 349 4104; x_wconf 84' lang='lat' dir='ltr'>aliquando</span> <span class='ocrx_word' id='word_1_387' title='bbox 363 4052 398 4090; x_wconf 81' lang='lat' dir='ltr'>ea</span> <span class='ocrx_word' id='word_1_388' title='bbox 411 4039 585 4103; x_wconf 84' lang='lat' dir='ltr'>praepositio</span> <span class='ocrx_word' id='word_1_389' title='bbox 599 4035 717 4087; x_wconf 86' lang='lat' dir='ltr'>induere</span> <span class='ocrx_word' id='word_1_390' title='bbox 727 4034 853 4095; x_wconf 86' lang='lat' dir='ltr'>videtur;</span> <span class='ocrx_word' id='word_1_391' title='bbox 869 4029 906 4085; x_wconf 83' lang='lat' dir='ltr'>cl.</span> <span class='ocrx_word' id='word_1_392' title='bbox 924 4033 970 4084; x_wconf 89' lang='lat' dir='ltr'>Ps.</span> <span class='ocrx_word' id='word_1_393' title='bbox 989 4033 1020 4084; x_wconf 85' lang='lat' dir='ltr'>ii</span> <span class='ocrx_word' id='word_1_394' title='bbox 1039 4029 1107 4099; x_wconf 72' lang='lat'>(15),</span> <span class='ocrx_word' id='word_1_395' title='bbox 1124 4033 1163 4082; x_wconf 74' lang='lat' dir='ltr'>i:</span> <span class='ocrx_word' id='word_1_396' title='bbox 1182 4049 1194 4082; x_wconf 81' lang='lat' dir='ltr'>r</span> <span class='ocrx_word' id='word_1_397' title='bbox 1211 4036 1328 4097; x_wconf 87' lang='lat' dir='ltr'>quinon</span> <span class='ocrx_word' id='word_1_398' title='bbox 1343 4036 1529 4086; x_wconf 84' lang='lat' dir='ltr'>calumniatus</span> 
     </span>
     <span class='ocr_line' id='line_1_37' title="bbox 195 4109 1461 4194; baseline -0.003 -15"><span class='ocrx_word' id='word_1_399' title='bbox 195 4131 240 4180; x_wconf 86' lang='lat' dir='ltr'>cst</span> <span class='ocrx_word' id='word_1_400' title='bbox 253 4130 283 4178; x_wconf 92' lang='lat' dir='ltr'>in</span> <span class='ocrx_word' id='word_1_401' title='bbox 295 4109 351 4194; x_wconf 66' lang='lat' dir='ltr'>(hs)</span> <span class='ocrx_word' id='word_1_402' title='bbox 365 4130 463 4192; x_wconf 77' lang='lat' dir='ltr'>lingua</span> <span class='ocrx_word' id='word_1_403' title='bbox 476 4139 528 4177; x_wconf 85' lang='lat' dir='ltr'>sua</span> <span class='ocrx_word' id='word_1_404' title='bbox 545 4142 568 4176; x_wconf 72' lang='grc' dir='ltr'>ι.</span> <span class='ocrx_word' id='word_1_405' title='bbox 585 4125 695 4188; x_wconf 83' lang='lat' dir='ltr'>neapse</span> <span class='ocrx_word' id='word_1_406' title='bbox 710 4121 827 4175; x_wconf 86' lang='lat' dir='ltr'>eiieetus</span> <span class='ocrx_word' id='word_1_407' title='bbox 841 4123 1028 4174; x_wconf 85' lang='lat' dir='ltr'>instrumento</span> <span class='ocrx_word' id='word_1_408' title='bbox 1041 4121 1129 4177; x_wconf 86' lang='lat' dir='ltr'>veluti</span> <span class='ocrx_word' id='word_1_409' title='bbox 1144 4123 1306 4187; x_wconf 88' lang='lat' dir='ltr'>imponitur,</span> <span class='ocrx_word' id='word_1_410' title='bbox 1323 4123 1461 4175; x_wconf 85' lang='lat' dir='ltr'>innititur.</span> 
     </span>
    </p>
   </div>
   <div class='ocr_carea' id='block_1_6' title="bbox 188 4303 1529 4830">
    <p class='ocr_par' dir='ltr' id='par_1_6' title="bbox 188 4303 1529 4830">
     <span class='ocr_line' id='line_1_38' title="bbox 240 4303 1527 4400; baseline -0.008 -21"><span class='ocrx_word' id='word_1_411' title='bbox 240 4337 274 4381; x_wconf 86' lang='lat' dir='ltr'>v.</span> <span class='ocrx_word' id='word_1_412' title='bbox 286 4321 306 4381; x_wconf 84' lang='lat'>5</span> <span class='ocrx_word' id='word_1_413' title='bbox 319 4342 335 4374; x_wconf 88' lang='lat'>«</span> <span class='ocrx_word' id='word_1_414' title='bbox 348 4313 388 4380; x_wconf 86' lang='lat' dir='ltr'>Si</span> <span class='ocrx_word' id='word_1_415' title='bbox 396 4333 477 4400; x_wconf 74' lang='lat' dir='ltr'>erqo</span> <span class='ocrx_word' id='word_1_416' title='bbox 485 4308 665 4378; x_wconf 81' lang='lat' dir='ltr'>audieritis</span> <span class='ocrx_word' id='word_1_417' title='bbox 673 4328 787 4375; x_wconf 82' lang='lat' dir='ltr'>eorem</span> <span class='ocrx_word' id='word_1_418' title='bbox 800 4327 923 4390; x_wconf 87' lang='lat' dir='ltr'>meam,</span> <span class='ocrx_word' id='word_1_419' title='bbox 935 4303 1207 4372; x_wconf 82' lang='lat' dir='ltr'>eteusiodieriiis</span> <span class='ocrx_word' id='word_1_420' title='bbox 1214 4319 1359 4396; x_wconf 74' lang='lat' dir='ltr'>perirem</span> <span class='ocrx_word' id='word_1_421' title='bbox 1370 4331 1482 4375; x_wconf 76' lang='lat' dir='ltr'>merim</span> <span class='ocrx_word' id='word_1_422' title='bbox 1499 4339 1527 4392; x_wconf 71' lang='lat' dir='ltr'>n,</span> 
     </span>
     <span class='ocr_line' id='line_1_39' title="bbox 196 4411 1526 4510; baseline -0.005 -22"><span class='ocrx_word' id='word_1_423' title='bbox 196 4423 263 4488; x_wconf 90' lang='lat' dir='ltr'>hoc</span> <span class='ocrx_word' id='word_1_424' title='bbox 282 4419 410 4510; x_wconf 91' lang='lat' dir='ltr'>quippe</span> <span class='ocrx_word' id='word_1_425' title='bbox 430 4421 571 4507; x_wconf 80' lang='lat' dir='ltr'>pactum</span> <span class='ocrx_word' id='word_1_426' title='bbox 590 4413 847 4505; x_wconf 83' lang='lat' dir='ltr'>proclametura</span> <span class='ocrx_word' id='word_1_427' title='bbox 868 4417 920 4479; x_wconf 91' lang='lat' dir='ltr'>est</span> <span class='ocrx_word' id='word_1_428' title='bbox 941 4434 1008 4478; x_wconf 87' lang='lat' dir='ltr'>vox</span> <span class='ocrx_word' id='word_1_429' title='bbox 1033 4411 1070 4478; x_wconf 94' lang='lat' dir='ltr'>in</span> <span class='ocrx_word' id='word_1_430' title='bbox 1098 4412 1206 4495; x_wconf 86' lang='lat' dir='ltr'>Sinai,</span> <span class='ocrx_word' id='word_1_431' title='bbox 1226 4439 1243 4474; x_wconf 77' lang='lat' dir='ltr'>a</span> <span class='ocrx_word' id='word_1_432' title='bbox 1267 4413 1365 4481; x_wconf 82' lang='lat' dir='ltr'>eritis</span> <span class='ocrx_word' id='word_1_433' title='bbox 1386 4415 1474 4483; x_wconf 83' lang='lat' dir='ltr'>mibi</span> <span class='ocrx_word' id='word_1_434' title='bbox 1493 4417 1526 4481; x_wconf 82' lang='lat' dir='ltr'>in</span> 
     </span>
     <span class='ocr_line' id='line_1_40' title="bbox 188 4509 1529 4618; baseline -0.004 -24"><span class='ocrx_word' id='word_1_435' title='bbox 188 4525 370 4618; x_wconf 78' lang='lat' dir='ltr'>pecrelium</span> <span class='ocrx_word' id='word_1_436' title='bbox 382 4523 424 4591; x_wconf 86' lang='lat' dir='ltr'>de</span> <span class='ocrx_word' id='word_1_437' title='bbox 436 4521 568 4591; x_wconf 74' lang='lat' dir='ltr'>cernetis</span> <span class='ocrx_word' id='word_1_438' title='bbox 580 4519 722 4613; x_wconf 74' lang='lat' dir='ltr'>popidis</span> <span class='ocrx_word' id='word_1_439' title='bbox 738 4547 769 4588; x_wconf 85' lang='lat'>».</span> <span class='ocrx_word' id='word_1_440' title='bbox 788 4509 867 4586; x_wconf 62' lang='lat' dir='ltr'>:hin</span> <span class='ocrx_word' id='word_1_441' title='bbox 882 4525 932 4586; x_wconf 90' lang='lat' dir='ltr'>est</span> <span class='ocrx_word' id='word_1_442' title='bbox 945 4517 1224 4608; x_wconf 57' lang='lat' dir='ltr'>presuntionis.</span> <span class='ocrx_word' id='word_1_443' title='bbox 1247 4522 1413 4609; x_wconf 87' lang='lat' dir='ltr'>possessio</span> <span class='ocrx_word' id='word_1_444' title='bbox 1425 4546 1529 4611; x_wconf 88' lang='lat' dir='ltr'>poeu-</span> 
     </span>
     <span class='ocr_line' id='line_1_41' title="bbox 196 4623 1529 4720; baseline -0.004 -20"><span class='ocrx_word' id='word_1_445' title='bbox 196 4632 307 4715; x_wconf 88' lang='lat' dir='ltr'>liaris,</span> <span class='ocrx_word' id='word_1_446' title='bbox 329 4631 473 4699; x_wconf 83' lang='lat' dir='ltr'>maxime</span> <span class='ocrx_word' id='word_1_447' title='bbox 494 4628 652 4720; x_wconf 86' lang='lat' dir='ltr'>propria,</span> <span class='ocrx_word' id='word_1_448' title='bbox 671 4626 820 4719; x_wconf 81' lang='lat' dir='ltr'>private3</span> <span class='ocrx_word' id='word_1_449' title='bbox 838 4626 919 4692; x_wconf 89' lang='lat' dir='ltr'>hino</span> <span class='ocrx_word' id='word_1_450' title='bbox 938 4629 1018 4692; x_wconf 81' lang='lat' dir='ltr'>sa&#39;ne</span> <span class='ocrx_word' id='word_1_451' title='bbox 1033 4623 1138 4691; x_wconf 85' lang='lat' dir='ltr'>etium</span> <span class='ocrx_word' id='word_1_452' title='bbox 1154 4626 1337 4714; x_wconf 89' lang='lat' dir='ltr'>pretiosior</span> <span class='ocrx_word' id='word_1_453' title='bbox 1352 4627 1456 4716; x_wconf 83' lang='lat' dir='ltr'><em>(LXX</em></span> <span class='ocrx_word' id='word_1_454' title='bbox 1473 4659 1529 4695; x_wconf 71' lang='grc' dir='ltr'>πε·</span> 
     </span>
     <span class='ocr_line' id='line_1_42' title="bbox 198 4730 1528 4830; baseline -0.009 -20"><span class='ocrx_word' id='word_1_455' title='bbox 198 4749 323 4830; x_wconf 76' lang='grc' dir='ltr'>ριούσιος</span> <span class='ocrx_word' id='word_1_456' title='bbox 336 4792 343 4826; x_wconf 83' lang='grc'><strong>,</strong></span> <span class='ocrx_word' id='word_1_457' title='bbox 358 4740 489 4829; x_wconf 76' lang='lat' dir='ltr'>Symm.</span> <span class='ocrx_word' id='word_1_458' title='bbox 503 4735 677 4825; x_wconf 71' lang='grc' dir='ltr'>ἐξαίρετον).</span> <span class='ocrx_word' id='word_1_459' title='bbox 696 4760 712 4794; x_wconf 91' lang='lat'>«</span> <span class='ocrx_word' id='word_1_460' title='bbox 735 4735 812 4800; x_wconf 82' lang='lat' dir='ltr'>Mea</span> <span class='ocrx_word' id='word_1_461' title='bbox 825 4730 977 4799; x_wconf 72' lang='lat' dir='ltr'>solertim</span> <span class='ocrx_word' id='word_1_462' title='bbox 994 4730 1105 4798; x_wconf 73' lang='lat' dir='ltr'>omnis</span> <span class='ocrx_word' id='word_1_463' title='bbox 1121 4742 1211 4797; x_wconf 83' lang='lat' dir='ltr'>terra</span> <span class='ocrx_word' id='word_1_464' title='bbox 1234 4755 1270 4815; x_wconf 76' lang='lat'>»3</span> <span class='ocrx_word' id='word_1_465' title='bbox 1289 4738 1322 4799; x_wconf 85' lang='lat' dir='ltr'>ct</span> <span class='ocrx_word' id='word_1_466' title='bbox 1333 4732 1431 4814; x_wconf 75' lang='lat' dir='ltr'>iden,</span> <span class='ocrx_word' id='word_1_467' title='bbox 1447 4757 1528 4820; x_wconf 78' lang='lat' dir='ltr'>sug-</span> 
     </span>
    </p>
   </div>
   <div class='ocr_carea' id='block_1_7' title="bbox 0 0 1772 5384">
    <p class='ocr_par' dir='ltr' id='par_1_7' title="bbox 0 0 1772 5384">
     <span class='ocr_line' id='line_1_43' title="bbox 0 0 1772 5384; baseline 0 1"><span class='ocrx_word' id='word_1_468' title='bbox 0 0 1772 5384; x_wconf 95' lang='lat' dir='ltr'> </span> 
     </span>
    </p>
   </div>
  </div>
 </body>
</html>
