3534 5384
738 390 789 433 nx.
812 377 883 446 29,1
907 393 970 446 soa.
1461 383 1521 445 289

195 519 399 589 describitur
422 522 546 590 intima
564 544 642 590 cum
660 524 760 591 lahve
782 526 981 607 necessitas,
1001 548 1091 617 quae
1115 527 1152 595 in
1180 531 1375 599 sanctuario
1399 532 1447 599 ita
1465 532 1520 600 in-

194 631 321 694 structo
340 627 442 695 rebus
460 634 494 697 et
511 629 664 719 personis
682 630 786 699 sacris
803 631 933 723 populo
952 632 1062 701 eleeto
1081 633 1250 722 obtinget.

599 874 631 921 a.
651 872 803 919 Sacerdotem
817 872 940 921 ordinatio
955 873 1001 921 Ex.
1019 876 1110 935 tal-s.

237 1049 323 1135 Arp.
341 1085 385 1097 -
399 1046 575 1115 Productis
589 1053 658 1115 tam
681 1047 911 1117 oblationibus
929 1071 1034 1141 quam
1052 1050 1272 1137 ordinandis,
1290 1052 1448 1123 lavantur
1467 1056 1517 1141 hi,

191 1152 384 1220 induuntur
409 1159 518 1221 vestes
540 1176 668 1239 sacras,
693 1155 784 1223 solus
809 1160 923 1225 Aaron
950 1156 1095 1245 ungitur
1122 1156 1158 1225 in
1184 1158 1311 1249 capite;
1340 1166 1443 1253 atque
1467 1160 1520 1229 his

191 1258 361 1327 ordinatio
380 1261 496 1328 stricte
515 1258 607 1329 dicta
625 1260 825 1329 absolvitur.

237 1367 319 1457 Gap.
339 1368 455 1434 XXIX
465 1390 498 1434 v.
523 1374 539 1434 l
556 1395 572 1429 «
589 1367 681 1454 [Sed]
697 1380 730 1434 et
740 1367 802 1435 lroc
814 1369 926 1459 facies
942 1397 958 1433 ο
976 1370 1072 1461 ipsis,
1089 1398 1106 1435 a
1123 1382 1162 1439 at
1177 1371 1316 1441 miliia
1330 1374 1519 1443 sacerdotio

194 1484 431 1540 consecrentur
456 1500 487 1541 a.
511 1473 607 1543 llitus
624 1475 887 1543 consecrationis
908 1476 1125 1547 describitur,
1154 1505 1170 1540 «
1199 1478 1292 1548 Tolle
1312 1480 1459 1547 vitulum
1478 1480 1519 1549 de

193 1592 348 1647 armento
362 1607 379 1641 »
397 1602 523 1667 anam,
546 1608 562 1642 κ
583 1592 616 1647 et
629 1580 751 1648 arietes
765 1579 852 1648 daos
866 1581 1103 1669 immaculatos
1120 1612 1151 1667 a,
1168 1588 1330 1671 ἀμώμους,
1344 1586 1515 1675 integros,

196 1685 307 1754 omnis
321 1685 473 1753 defectus
485 1686 607 1775 legalis
620 1694 789 1777 expertem
804 1688 912 1775 iunge
926 1688 1132 1757 adiectivum
1149 1690 1288 1782 utrique
1305 1690 1518 1761 substantivo

195 1791 331 1882 (Tost.);
348 1814 382 1861 v.
397 1800 418 1859 2
435 1820 451 1855 α
463 1815 639 1883 partesque
652 1815 804 1883 azymos,
829 1806 863 1860 et
882 1794 1069 1863 crustulam
1084 1794 1211 1887 absque
1229 1798 1402 1885 fermento
1428 1826 1459 1883 a,
1474 1838 1519 1852 -

189 1898 214 1966 i.
232 1921 263 1966 e.
284 1920 464 1989 azymam,
485 1898 523 1966 in
536 1898 638 1967 Hebr.
656 1900 748 1967 enim
759 1899 909 1968 habetur
921 1901 1041 1969 cadem
1057 1923 1119 1969 vox
1136 1940 1181 1955 -
1201 1930 1217 1965 «
1236 1926 1324 1994 qaae
1339 1926 1519 1995 conspersa

191 2005 340 2086 sitalco,
362 2004 491 2095 lapara
510 2028 645 2096 quoque
665 2028 791 2095 azyma
806 2005 878 2073 oleo
892 2007 955 2074 lita
968 2028 981 2074 :
993 2006 1035 2075 de
1053 2006 1170 2077 simila
1186 2010 1319 2078 triticea
1329 2013 1519 2101 cunctosn-

193 2111 260 2179 cies
277 2140 307 2197 ll,
324 2112 368 2179 de
386 2111 585 2180 tenuissima
602 2111 713 2181 farina
730 2112 874 2181 triticea.

228 2274 288 2349 aba
307 2294 323 2344 2
343 2294 413 2357 ch.
431 2292 494 2355 6,l9
511 2293 672 2357 collyridam
685 2296 767 2345 vertit
784 2295 859 2344 Hier.
876 2293 937 2360 (lq.
953 2294 982 2345 b.
996 2294 1016 2344 1.
1032 2290 1179 2363 κολλύρας),
1194 2296 1225 2346 in
1243 2297 1360 2362 eiusque
1378 2301 1456 2351 vocis
1474 2300 1517 2352 lo·

190 2396 255 2433 oum
272 2384 282 2433 l
300 2383 364 2435 Par.
382 2382 442 2444 las
457 2382 599 2433 substituit
612 2388 676 2445 Ὃ),
686 2382 837 2434 rotundum
849 2383 930 2447 quid,
945 2388 1031 2445 torta,
1046 2382 1185 2448 placenta.
1201 2390 1274 2470 ptpv
1291 2388 1319 2435 vi
1338 2386 1424 2451 etyml
1438 2387 1517 2440 vide·

193 2477 239 2523 tur
252 2472 400 2537 designare
416 2470 523 2535 aliquid
542 2478 618 2521 tenue
634 2486 643 2521 :
658 2476 687 2523 et
707 2472 750 2522 Ps.
772 2477 830 2521 loa.
855 2471 968 2536 quidem
988 2474 1073 2523 vertit
1095 2478 1176 2555 w,
1199 2475 1219 2523 l.
1244 2486 1269 2525 e.
1295 2474 1401 2541 aliquld
1423 2482 1516 2539 tenue,

189 2568 365 2627 compactum
380 2562 409 2613 et
427 2560 596 2612 convolutam
601 2574 611 2622 ,·
628 2560 723 2612 chald.
736 2567 858 2622 annom,
872 2561 893 2610 i.
907 2573 932 2611 e.
949 2560 1056 2625 aliquid
1070 2566 1167 2623 tenuo,
1184 2574 1241 2613 uon
1260 2568 1450 2629 compactum,
1466 2567 1517 2619 sed

188 2664 313 2719 porosum
327 2648 374 2717 (cl.
387 2647 517 2718 σπόγγος).
530 2649 633 2701 Parum
644 2649 743 2711 relert,
759 2662 796 2699 an
807 2630 864 2705 552
876 2651 905 2699 b.
919 2649 938 2700 l.
954 2648 1093 2713 slgnitlcct
1106 2652 1214 2701 miscere
1234 2647 1307 2714 (LXI
1319 2654 1362 2703 Ps.
1377 2652 1463 2719 lom),
1480 2667 1516 2705 an

190 2754 330 2806 aspernere
343 2738 433 2807 (Valp.
450 2739 546 2791 Gbatd.
562 2736 634 2807 Syr.)
648 2750 655 2788 :
668 2738 822 2790 secundum
838 2739 902 2789 illos
918 2738 1011 2789 oleum
1025 2738 1239 2801 admiscebatur,
1253 2740 1320 2791 dum
1335 2744 1409 2793 torta
1422 2742 1515 2809 demp-

187 2829 312 2892 sebatur,
327 2829 482 2881 seeundum
495 2830 547 2879 hos
562 2830 652 2880 tortae
666 2826 810 2892 dempstae
825 2828 1004 2879 illiniebatur.

232 3010 266 3053 v.
288 2995 306 3055 3
330 3014 347 3048 α
362 2987 409 3053 Er
416 2985 535 3076 posita
555 2984 592 3051 in
609 2983 756 3051 canistro
779 3011 795 3044 »
816 3005 901 3064 rano,
912 2984 1029 3051 omnia
1040 2982 1142 3051 simul
1158 3011 1174 3045 ο
1190 2985 1313 3076 offeres
1325 3012 1341 3047 u
1355 2986 1391 3052 in
1402 2987 1515 3053 canis·

189 3106 261 3181 tro;
278 3120 294 3155 a
316 3085 465 3159 vitalum
480 3092 620 3179 [aalma]
635 3104 668 3159 et
695 3088 782 3158 duos
805 3092 928 3157 arietes
945 3117 975 3156 ».
1005 3090 1118 3157 llerito
1138 3089 1355 3159 conclamant
1378 3092 1511 3183 Boasr„

190 3203 216 3269 S
217 3199 287 3290 plu.
292 3253 302 3285 ,
319 3198 409 3267 illud
417 3210 531 3265 autem
540 3198 635 3266 idem
646 3219 769 3266 sonare
781 3202 883 3286 atque
899 3196 981 3263 item
994 3195 1179 3264 :ultimum
1188 3195 1338 3265 incisum
1352 3199 1515 3267 nonlicet

189 3330 268 3378 curn
285 3309 374 3374 Tost.
395 3303 617 3394 sequentibus
639 3303 800 3391 iungere,
821 3303 915 3393 quod
932 3301 1164 3371 indecentiam
1178 3302 1332 3371 haberet.
1351 3304 1388 3371 ld
1413 3308 1516 3374 sensit

189 3415 292 3483 etiam
309 3416 367 3481 Ps.
384 3414 474 3496 lora,
492 3434 597 3502 quare
611 3432 717 3501 panes
734 3409 874 3501 quidem
893 3408 1056 3499 imposuit
1074 3410 1221 3477 canistro
1237 3398 1311 3485 abo,
1330 3411 1514 3479 canistrum

189 3528 305 3591 autem
319 3517 486 3611 appendit
498 3517 647 3608 perticae
661 3518 830 3585 rectoriae
845 3504 943 3589 stoa,
957 3536 1062 3605 quam
1074 3515 1276 3583 animalium
1289 3516 1442 3585 humeris
1452 3518 1515 3587 im·

190 3628 315 3719 posuit.
332 3625 465 3695 vitulus
478 3630 513 3693 et
526 3624 650 3693 arietes
663 3623 746 3689 item
759 3622 992 3714 proferuntur,
1011 3621 1082 3704 sed,
1098 3622 1192 3713 quod
1202 3628 1297 3713 patet
1309 3645 1370 3713 per
1382 3646 1429 3706 se,
1447 3646 1516 3693 non

191 3735 413 3826 proferuntur
426 3734 461 3799 in
477 3731 636 3799 canistro.
653 3729 766 3797 llalim
779 3734 895 3797 autem
909 3729 945 3795 h.
960 3729 984 3796 l.
998 3728 1105 3796 verbo
1119 3727 1272 3795 tribuere
1284 3728 1449 3813 nativam,
1464 3734 1517 3801 uti

191 3843 295 3909 etiam
323 3863 354 3907 v.
373 3845 405 3920 t,
426 3837 713 3926 significationem
735 3834 932 3903 addrrceadi
951 3856 1008 3901 scu
1024 3833 1240 3924 proferendi,
1260 3856 1343 3925 prae
1362 3835 1516 3906 derivata

192 3946 362 4040 offerendi
375 3967 389 4011 .·
404 3946 520 4032 agitur
535 3943 578 4010 de
599 3942 822 4025 adductione,
841 3964 930 4032 quae
945 3942 1055 4031 ipsam
1069 3939 1291 4007 sacrificalem
1306 3940 1514 4011 oblationem

191 4054 371 4123 antecedit.
393 4074 427 4118 v.
445 4058 465 4119 t
484 4078 501 4112 a
522 4052 567 4116 Et
583 4052 699 4117 Aaron
715 4072 755 4115 ac
770 4048 863 4137 filios
877 4049 950 4115 elas
968 4045 1161 4137 applicabis
1181 4074 1212 4129 a,
1232 4046 1395 4116 accedere
1414 4048 1518 4119 tocies

193 4191 209 4223 a
232 4160 280 4229 ad
297 4160 423 4228 ostiam
446 4155 660 4225 tabernaculi
678 4155 867 4223 testimonii
888 4182 918 4239 a,
939 4160 1019 4221 ante
1039 4152 1254 4221 tabernaculi
1273 4152 1442 4223 cortinam
1460 4179 1517 4225 ex-

190 4267 363 4336 teriorem.
381 4268 498 4347 Porro,
517 4285 605 4353 quae
624 4262 725 4330 modo
751 4261 961 4352 praecipitur
979 4260 1079 4343 lotio,
1099 4259 1242 4329 fortasse
1264 4259 1518 4333 faciendumst

191 4377 227 4442 in
247 4374 345 4443 labro
364 4393 470 4439 aeneo
492 4368 656 4459 (Bonsrl,
678 4368 772 4460 quod
790 4368 931 4459 quidem
949 4366 1084 4435 nonnisi
1104 4372 1205 4451 30,18
1224 4366 1300 4433 fio'ri
1319 4368 1515 4455 mandatur,

191 4482 350 4550 sedante
371 4479 514 4546 baronis
533 4480 609 4545 Lev.
631 4482 651 4543 8
671 4474 959 4544 consecrationem
978 4474 1047 4541 iam
1068 4478 1142 4541 erat
1157 4474 1286 4541 tactum
1309 4472 1435 4565 (38,s);
1452 4476 1519 4545 lor-

194 4595 281 4657 tasse
304 4584 462 4655 facienda
481 4589 553 4652 erat
568 4584 604 4651 in
622 4582 702 4649 solis
726 4580 883 4649 manibus
909 4578 1109 4671 etpedibus
1131 4576 1270 4669 (Sym),
1298 4602 1377 4649 cum
1397 4584 1518 4673 nequit

191 4693 341 4785 supponi
357 4690 500 4783 (2026),
520 4688 712 4758 sacerdotes
730 4710 845 4756 coram
860 4686 1017 4755 universo
1036 4687 1162 4777 populo
1181 4684 1310 4753 exuisse
1328 4687 1516 4758 feminalia.

192 4804 324 4869 Minime
339 4820 418 4866 vero
438 4796 585 4865 everbis
602 4797 758 4887 sequitur
778 4793 913 4885 (Sylla),
930 4798 1064 4882 lloysen
1077 4794 1191 4883 ipsum
1209 4791 1288 4859 illos
1299 4790 1428 4862 lavasse
1446 4817 1454 4862 :
1472 4797 1518 4865 le-

593 4923 766 4961 autumnus.
786 4936 818 4945 -
833 4922 859 4958 m
875 4922 917 4958 ux.
937 4922 967 4957 rr
984 4922 1038 4957 arv.
1056 4934 1088 4944 -
1107 4911 1134 4955 19
