3534 5384
732 397 800 440 uev.
824 383 874 454 5,l
900 397 964 450 soo.
1457 386 1515 444 383

181 527 459 619 praeferendum.
481 528 548 596 Sed
570 529 654 618 quid
675 536 725 597 est
739 518 802 594 aba
817 518 886 622 Sip,
905 553 971 596 oon
991 530 1200 597 latranteati?
1219 534 1276 598 Pr.
1294 533 1366 598 loa.
1388 535 1515 619 cogita-

180 635 242 703 bat
258 635 300 702 de
315 635 467 726 periurio
484 635 646 726 proximi,
668 637 764 726 quod
782 637 860 726 quis
873 636 917 703 ad
944 636 1093 704 iudicem
1115 635 1248 704 deferre
1268 639 1435 727 negligat.
1453 644 1513 706 Vc-

180 764 258 808 rum
276 730 338 806 niu
355 742 588 808 iurarnentum
603 742 703 828 dicit,
727 743 903 810 autetiam
928 743 1220 833 imprecationem,
1240 767 1327 834 quae
1342 745 1513 812 iuramen-

180 848 223 916 tis
244 855 426 937 pactorum
442 848 707 916 sanciendorum
725 849 985 930 adnectebatur,
1008 855 1043 917 at
1063 872 1284 941 nequaquam
1307 852 1512 941 periurium.

179 959 295 1044 Neque
310 977 353 1021 ea
365 956 441 1021 voci
456 954 666 1041 significatio
681 956 842 1023 accrescit
858 957 1012 1046 praefixa
1027 979 1109 1024 voce
1123 946 1187 1048 Sip.
1209 956 1290 1024 lnde
1302 980 1323 1024 a
1337 961 1415 1048 Syr.
1437 959 1515 1050 plu-

180 1083 234 1130 res
260 1063 512 1152 expressionem
531 1061 752 1151 interpretati
772 1070 852 1129 sunt
873 1064 917 1130 de
940 1085 1021 1130 voce
1043 1063 1168 1131 iudicis
1188 1063 1380 1132 adiurantis
1397 1088 1514 1155 quem-

181 1168 282 1250 libet,
302 1169 363 1257 qui
386 1167 519 1257 aliquid
543 1175 658 1235 nosset
685 1168 730 1235 ad
754 1191 891 1236 causam
916 1171 1110 1260 pertinens,
1134 1178 1173 1236 ut
1196 1169 1446 1238 testificaretur.
1471 1179 1513 1237 nt

181 1275 333 1362 gratuito
352 1273 521 1343 eiusmodi
539 1276 752 1342 consuetudo
772 1275 933 1362 tingitur;
955 1298 1026 1342 non
1046 1281 1213 1344 consonat
1232 1278 1386 1345 moribus
1405 1299 1513 1368 popu-

182 1381 296 1447 lorum
316 1381 474 1464 orientis;
491 1403 561 1448 non
576 1387 626 1448 est
641 1381 765 1448 iudicis
781 1383 973 1472 producere
987 1388 1103 1466 testes,
1125 1383 1183 1450 sed
1203 1385 1355 1473 partium
1370 1383 1512 1471 litigan-
1623 1397 1626 1403 '

184 1488 280 1554 tium.
310 1492 395 1555 Cum
420 1493 535 1554 nostro
556 1492 649 1554 textu
669 1490 808 1554 omnino
833 1489 1058 1557 conferendus
1080 1494 1128 1556 est
1151 1491 1238 1556 alter
1260 1492 1358 1558 Prov.
1383 1495 1509 1574 utut:

185 1620 201 1655 a
221 1593 377 1673 Quicum
404 1593 479 1660 lure
500 1594 703 1684 participat,
725 1594 798 1662 odit
817 1595 969 1663 animam
984 1617 1100 1678 suam;
1118 1595 1336 1662 adiurantem
1349 1596 1463 1676 audit,
1482 1603 1512 1662 et

69 1717 81 1742 ·
182 1722 254 1768 non
270 1699 401 1766 indicat
428 1728 457 1766 a.
479 1705 529 1766 En
548 1699 613 1766 tibi
638 1700 798 1783 modum,
816 1724 884 1790 quo
909 1701 1019 1768 socius
1045 1701 1127 1768 furti
1150 1702 1322 1784 efficiaris,
1344 1704 1371 1769 si
1394 1702 1513 1770 audias

182 1795 257 1877 ala,
277 1828 390 1895 neque
413 1811 530 1873 tamen
556 1809 687 1873 lurtum
704 1806 848 1873 indices.
871 1811 917 1874 lta
934 1830 1015 1874 vero
1033 1808 1232 1897 irreprecotio
1250 1809 1423 1898 profertur
1444 1832 1512 1875 non

182 1935 202 1980 a
220 1913 333 1980 iudice
348 1913 410 1979 sed
423 1912 468 1978 ab
486 1912 563 1992 illo,
581 1914 642 2002 qui
652 1913 744 1980 furto
759 1913 922 1980 iniuriam
941 1936 1059 2003 passus
1073 1917 1134 1980 est.
1147 1915 1325 2005 llabesque
1340 1915 1390 1982 rei
1404 1937 1513 1981 exem-

181 2021 277 2110 plum
296 2018 466 2097 tad.17,n
487 2018 542 2104 (cl.
562 2041 651 2108 quae
669 2019 720 2085 ihi
740 2018 916 2104 diximus),
935 2019 994 2086 ubi
1012 2021 1147 2102 mulier,
1170 2019 1225 2087 oui
1242 2020 1335 2088 furto
1348 2021 1514 2111 pecuniae

182 2145 316 2191 summa
339 2122 455 2193 ablata
474 2125 602 2205 fuerat,
621 2147 661 2193 ea
687 2125 843 2192 iudiciali
863 2126 1091 2192 exsecratione
1111 2126 1285 2194 utebatur.
1302 2127 1516 2194 adscribitur

182 2253 284 2320 porro
299 2231 334 2296 h.
351 2231 374 2297 l.
391 2253 457 2297 vox
474 2219 539 2322 Sip,
558 2231 654 2321 quod
674 2253 755 2321 non
769 2231 812 2298 de
824 2232 982 2322 qualibet
999 2233 1231 2301 exsecratione
1247 2238 1381 2320 agatur,
1399 2234 1456 2300 sed
1473 2234 1515 2299 de

183 2359 330 2426 eaquae
353 2336 488 2426 publice
512 2342 545 2403 et
565 2336 636 2405 alta
657 2338 765 2405 veluti
786 2360 868 2405 voce
892 2340 1098 2429 proferatur.
1128 2343 1249 2420 Porro,
1267 2363 1338 2406 noo
1359 2338 1515 2406 indicare

183 2466 253 2510 non
270 2448 320 2510 est
337 2441 429 2509 idem
450 2448 553 2532 atque
574 2443 688 2510 iudice
702 2444 898 2534 postulante
918 2447 1151 2513 testimonium
1171 2445 1354 2514 detrectari
1373 2446 1416 2536 (T
1415 2448 1512 2525 o.rt.l;

182 2551 243 2616 sed
256 2550 291 2616 h.
314 2550 339 2618 l.
356 2549 469 2641 potius
489 2549 583 2616 idem
605 2557 720 2632 sonat,
737 2555 841 2640 atque
861 2574 931 2619 non
946 2557 1069 2641 sponte
1085 2575 1120 2619 se
1135 2558 1254 2619 testem
1270 2553 1400 2620 sistere.
1421 2554 1515 2632 Quod

182 2678 253 2723 non
268 2658 457 2724 necessario
473 2657 512 2722 fit
524 2678 543 2722 e
557 2656 705 2737 malitia,
720 2656 781 2723 sed
794 2680 834 2723 ex
846 2658 1115 2739 inadvertentia,
1131 2659 1344 2745 negligentia
1364 2660 1417 2726 vel
1437 2687 1452 2720 a
1471 2662 1514 2726 ti-

183 2763 337 2830 miditate
353 2791 369 2823 a
391 2762 511 2854 (Cain)
528 2768 640 2829 Potest
654 2763 762 2850 igitur
776 2763 833 2829 hic
847 2785 979 2845 versus,
994 2765 1045 2831 uti
1056 2770 1165 2831 totum
1178 2772 1281 2853 caput
1291 2765 1512 2854 praecedens,

181 2869 331 2956 intelligi
346 2868 389 2935 de
407 2875 549 2959 peccato
564 2885 672 2935 unio:
688 2869 879 2936 commisso.
901 2869 1025 2956 Agitur
1043 2870 1085 2936 de
1098 2876 1199 2954 teste,
1218 2873 1277 2960 qui
1297 2893 1368 2938 non
1386 2871 1515 2938 sciatur

181 2975 284 3043 fuisse
298 2977 393 3041 testis
410 2997 418 3043 :
434 2976 493 3065 qui
513 2976 605 3041 enim
620 2978 726 3043 scitur
743 2974 825 3042 facti
840 2977 931 3042 testis
946 2977 1065 3058 luisse,
1085 2997 1163 3043 mox
1180 2979 1224 3044 ab
1240 2978 1405 3044 alterutra
1418 2986 1515 3066 parte

183 3082 219 3148 in
238 3081 406 3149 iudicium
424 3083 616 3148 arcessitur.

229 3193 300 3254 lam
323 3187 415 3254 illius
436 3188 468 3254 si
477 3191 673 3277 peccaverit
693 3188 812 3254 culina
829 3189 875 3277 (v.
901 3191 929 3274 l)
950 3189 1058 3256 altera
1073 3212 1105 3258 v.
1132 3196 1218 3280 2sq.
1236 3189 1421 3280 applicatio
1437 3212 1516 3280 pro-

184 3294 357 3385 ponitur:
382 3305 443 3359 oret
468 3322 483 3355 a
508 3294 648 3381 aalma,
671 3317 761 3383 qicae
786 3295 939 3384 tetiqerit
958 3295 1096 3384 aliquid
1119 3295 1338 3363 immundum
1365 3324 1401 3378 a,
1427 3296 1515 3363 eius-

184 3423 251 3491 que
271 3401 322 3468 rei
340 3400 542 3467 immundae
557 3400 673 3469 variae
692 3406 915 3469 recensentur
927 3402 1054 3490 species
1072 3423 1079 3470 :
1099 3430 1115 3465 a
1129 3401 1199 3468 sice
1219 3402 1313 3491 quod
1324 3403 1472 3470 occisum
1495 3429 1515 3468 u

185 3507 293 3575 bestia
307 3518 371 3594 cst,
388 3520 450 3574 ortt
463 3530 528 3598 per
540 3531 574 3573 se
595 3520 788 3591 mortuum,
806 3521 868 3574 out
883 3506 1058 3597 quodlibet
1070 3507 1172 3575 allud
1185 3508 1306 3598 reptile
1326 3537 1355 3576 a.
1378 3509 1515 3576 Planius

187 3618 286 3681 Hebr.
310 3636 322 3679 .·
341 3613 412 3681 sioe
436 3611 584 3680 cadaver
599 3614 699 3701 serae
724 3615 915 3705 troporum,
931 3613 1000 3681 slve
1020 3614 1309 3705 andoverpeooris
1323 3616 1512 3706 impuriore,

185 3721 255 3786 ciac
283 3721 427 3788 cadaver
448 3720 582 3810 reptilis
606 3721 792 3811 impurum.
820 3721 1004 3810 Sequentia
1022 3724 1114 3788 LXX
1138 3722 1301 3809 ignorat:
1322 3750 1338 3783 «
1362 3734 1394 3788 et
1410 3721 1514 3810 oblita

181 3826 294 3916 scierit
311 3825 555 3894 immurulltioe
575 3849 674 3911 succ,
699 3851 758 3894 rea
775 3840 870 3894 estet
890 3827 1037 3917 deliquit
1059 3857 1087 3892 a.
1106 3831 1207 3895 Hebr.
1225 3851 1237 3894 :
1252 3841 1285 3894 et
1301 3828 1404 3895 latuit
1421 3852 1513 3908 curre,

185 3945 218 3998 et
238 3933 311 4022 ipsa
330 3933 524 4017 incutienda,
543 3946 575 3999 et
595 3935 766 4000 contrarie
781 3946 925 3999 rectiori.
942 3938 1030 4001 llaec
1050 3957 1130 4000 voro
1150 3935 1273 4002 merito
1292 3934 1447 4021 ignorari
1461 3958 1514 4000 sa-

185 4037 322 4128 pienter
335 4041 490 4126 suggerit
505 4039 624 4108 Dillm.
639 4062 651 4105 .·
668 4041 830 4107 ridentur
845 4063 862 4106 e
877 4063 910 4106 v.
929 4048 948 4106 3
968 4046 1118 4107 extremo
1135 4041 1203 4107 huc
1218 4063 1288 4108 esse
1308 4041 1463 4130 delapsa,
1482 4049 1514 4106 et

186 4161 265 4210 uuir
284 4146 320 4211 h.
339 4145 362 4210 l.
381 4153 494 4212 ortum
514 4169 531 4213 e
555 4153 718 4235 corrupto
733 4147 783 4214 ibi
800 4163 864 4215 nrt.
882 4170 915 4214 v.
939 4154 957 4213 3
984 4177 999 4208 (ι
1021 4149 1066 4212 Et
1090 4147 1122 4213 si
1150 4147 1300 4237 tetiqerit
1324 4146 1515 4236 quidquam

186 4252 228 4318 (le
244 4251 465 4318 irremunditio
486 4252 636 4320 hortinis
657 4255 756 4319 lucta
781 4276 917 4320 emicem
939 4253 1174 4344 irrrprcrltatem
1192 4277 1261 4343 quo
1281 4253 1395 4343 pollui
1410 4255 1509 4325 solet,

187 4359 357 4449 oblitaque
373 4360 569 4446 copriooerit
581 4361 740 4451 [posteal,
762 4361 950 4426 sribiaccblt
969 4360 1092 4428 delicto
1110 4389 1139 4429 a,
1158 4362 1235 4444 Vel,
1252 4360 1411 4426 ultimum
1431 4361 1515 4426 inci-

187 4489 263 4533 sum
277 4465 418 4532 trahens
438 4466 483 4532 ad
497 4467 679 4555 prodosin,
693 4475 827 4536 vertas:
849 4481 881 4533 rt
897 4480 1028 4534 reatum
1044 4467 1264 4535 continuerit.

231 4567 306 4640 Alia
320 4594 456 4640 rursum
479 4574 635 4662 sequitur
649 4573 834 4663 applicatio
849 4597 882 4640 v.
906 4581 924 4642 t
945 4588 1029 4642 :aut
1045 4603 1060 4635 ι(
1085 4574 1220 4658 aalma,
1240 4597 1329 4664 quoe
1350 4574 1514 4640 iurauerit

188 4691 221 4744 et
234 4679 419 4765 protulerit
439 4678 540 4745 lobiis
556 4681 627 4746 artis
651 4708 687 4761 »‚
709 4719 753 4728 -
774 4680 860 4746 illud
881 4692 914 4745 et
923 4681 1109 4769 protulerit
1130 4679 1251 4746 recidit
1274 4681 1309 4746 in
1334 4681 1512 4747 lectionem

189 4789 326 4872 LXX-iq
340 4796 421 4874 ψυχὴ
437 4794 578 4870 tisorias
594 4786 716 4876 (ἄλλος’
732 4787 866 4874 παραέᾒ]
883 4795 1138 4872 sterceratione,
1152 4808 1240 4876 quae
1256 4785 1407 4852 derivata
1424 4786 1512 4850 vitle-
