3534 5384
251 386 311 446 llil
732 397 771 441 ex
793 396 986 442 1661116111
1007 398 1101 443 sirm.

249 535 355 601 ferme
370 532 493 598 itinere
512 536 628 598 eSuez
642 530 686 596 ad
704 530 799 597 Sinai
816 556 853 611 6,
875 535 1011 620 praeter
1022 530 1091 599 alia
1105 532 1191 600 illud
1211 537 1318 618 vetat,
1341 533 1435 621 quod
1452 533 1505 600 vix
1525 556 1581 603 ae-

250 661 358 731 quum
383 637 544 705 videatur
573 637 761 719 desertum,
792 636 888 727 quod
918 660 939 704 a
965 642 1029 705 Sur
1063 659 1189 707 nomen
1211 638 1371 729 sumpsit,
1403 644 1580 732 tantopere

249 746 429 815 meridiem
449 766 565 812 versus
590 743 812 834 producere:
843 743 1017 811 desertum
1040 748 1104 812 Sur
1123 745 1180 812 ille
1199 768 1281 813 sane
1303 745 1428 813 deserti
1453 753 1580 816 tractus

248 852 426 934 audiebat,
443 852 503 941 qui
517 874 587 918 non
601 850 649 917 ita
663 851 767 937 louge
782 851 915 918 abesset
933 854 1042 917 aSur.
1059 875 1092 918 v.
1110 854 1151 917 21
1174 879 1189 912 n
1212 853 1256 917 m
1271 846 1503 921 murmuravit
1510 877 1575 944 po-

246 961 351 1050 pulns
365 970 486 1025 conten
499 960 640 1047 Moysen
655 957 796 1024 dicens:
814 956 906 1039 Quid
916 956 1088 1023 bibemos?
1103 985 1118 1019 n
1139 981 1172 1025 v.
1190 964 1232 1025 25
1250 987 1265 1019 e
1281 962 1325 1025 At
1340 958 1399 1026 ille
1417 959 1579 1028 clamavit

247 1066 295 1133 od
307 1064 509 1147 Dominum,
525 1064 586 1153 qni
599 1063 746 1131 ostendit
762 1064 795 1131 ei
810 1063 965 1153 liquam·
977 1062 1073 1154 qttod
1086 1084 1166 1133 cum
1181 1065 1326 1131 misisset
1340 1065 1378 1132 in
1396 1088 1521 1156 oqnns,
1541 1068 1578 1134 in

247 1170 464 1239 dulcedinem
479 1192 592 1238 censae
606 1184 685 1237 sunit
704 1200 734 1237 n.
754 1176 801 1239 Ex
816 1171 918 1238 Eccli.
937 1177 1015 1254 38,t
1030 1192 1081 1260 sq.
1098 1170 1254 1240 inferunt
1266 1172 1460 1239 naturalem
1474 1173 1576 1241 luisse

245 1300 320 1347 eam
333 1278 422 1366 ligni
445 1278 607 1347 virtutem
628 1299 637 1347 ε
666 1306 683 1339 «
706 1276 898 1344 altissimus
916 1278 1048 1345 creavit
1074 1276 1116 1345 de
1136 1281 1229 1345 16116
1249 1278 1517 1363 medicamenta,
1542 1286 1575 1347 et

245 1387 298 1454 vir
316 1385 468 1475 prudens
495 1406 565 1451 non
584 1383 786 1451 abhorrebit
802 1384 874 1451 illa.
901 1388 1019 1451 Nonne
1043 1407 1064 1452 a
1091 1383 1189 1472 ligno
1208 1384 1384 1452 indulcata
1409 1391 1460 1454 est
1486 1408 1576 1477 acqua

245 1495 383 1561 amara?
399 1519 414 1552 »
434 1491 498 1569 Qui
512 1495 638 1572 textus,
664 1518 681 1552 n
703 1512 742 1556 ex
760 1490 914 1579 professo
930 1490 1175 1581 depraedicans
1195 1490 1262 1557 vim
1282 1491 1451 1560 medicam
1467 1494 1576 1561 varia-

243 1622 320 1666 rum
344 1619 461 1666 rerum
483 1596 712 1678 naturalium,
738 1618 801 1685 pro
824 1596 982 1687 exemplo
1007 1596 1067 1663 dat
1088 1596 1141 1678 id,
1172 1596 1214 1663 de
1240 1620 1308 1687 quo
1332 1596 1388 1664 hic
1417 1598 1572 1687 agimus,

242 1706 376 1793 lignum
391 1732 406 1765 1
422 1704 536 1793 (Tin).
551 1708 721 1786 licentra,
734 1725 779 1770 an
791 1703 1305 1791 6616161161116111113111νὶ1166,
1319 1705 1571 1795 ambigitAnq.

239 1818 272 1879 et
289 1817 393 1898 negat
407 1814 464 1878 Ps.
480 1813 570 1899 stup.
589 1809 649 1899 (lie
663 1809 781 1877 llirab.
803 1814 836 1879 S.
854 1814 924 1877 Scr.
943 1814 968 1878 l.
985 1816 1046 1893 223
1066 1814 1115 1878 M.
1134 1816 1191 1879 35.
1209 1816 1298 1877 2167
1314 1811 1398 1901 sq).

275 2004 371 2068 Aquas
384 2014 495 2053 amaras
508 2002 589 2053 reddi
602 2000 699 2052 dulces
712 2001 822 2051 iniectis
835 2000 1004 2065 quibusdam
1020 2000 1110 2060 loliis,
1125 1998 1275 2059 truotlbus,
1290 2002 1389 2064 lignis,
1406 2002 1571 2063 corticibus,

238 2092 411 2157 impossibile
422 2104 480 2141 non
489 2094 533 2141 est
548 2105 555 2141 ε
570 2089 707 2143 aliusmodi
721 2089 789 2153 quid
800 2092 889 2154 agunt
903 2090 1012 2140 Tamuli
1024 2092 1052 2141 ei
1065 2089 1194 2142 Pernam.
1210 2089 1252 2141 Gt.
1264 2091 1325 2141 llos.
1339 2105 1346 2139 :
1358 2090 1436 2141 illies
1445 2105 1474 2142 u.
1486 2102 1574 2143 naues

238 2180 422 2245 Morgenland
436 2178 474 2229 11.
497 2178 530 2230 is
545 2192 607 2243 sqq.
624 2176 707 2243 (apud
727 2174 846 2244 Dillmjj.
865 2193 877 2226 r
900 2178 954 2239 Qui
973 2190 1082 2229 mecum
1098 2184 1177 2229 erant
1194 2178 1346 2240 Arabes»,
1363 2180 1455 2243 inquit
1473 2180 1571 2241 libers,

236 2271 331 2321 Gosen
348 2282 376 2331 p.
400 2268 449 2318 117
470 2282 526 2332 sq„
545 2284 556 2316 s
575 2268 683 2318 nullam
704 2269 807 2317 norant
829 2267 968 2330 plantam,
986 2266 1087 2331 quibus
1111 2267 1262 2331 populares
1286 2269 1331 2317 sui
1350 2280 1438 2331 aquas
1461 2280 1574 2319 amaras

236 2360 376 2410 mutarent
390 2358 418 2405 ln
435 2355 541 2406 dulces.
556 2354 685 2406 Affirmat
699 2358 794 2406 tamen
813 2357 919 2419 lesseps
936 2354 1077 2405 audivisse
1090 2368 1122 2407 se
1139 2368 1155 2405 a
1170 2354 1337 2419 quibusdam
1355 2355 1479 2407 Arabum
1493 2355 1573 2407 ducl-

235 2447 302 2507 bus‚
320 2457 382 2505 eos,
395 2457 451 2508 quo
459 2457 547 2508 aquas
556 2445 646 2494 salsas
656 2447 799 2507 potarent,
810 2444 959 2493 immittere
967 2444 1066 2505 spinae
1076 2442 1217 2506 quoddam
1227 2456 1318 2507 genus
1330 2440 1571 2513 (epidamneas),

237 2533 311 2599 quod
328 2535 358 2583 ln
371 2532 483 2584 deserto
496 2534 652 2597 reperiatur
666 2549 690 2581 1.
704 2532 812 2582 Arabes
826 2531 965 2581 eiusmodi
986 2532 1124 2581 secretum
1136 2544 1193 2582 non
1208 2534 1296 2583 cuivis
1315 2534 1416 2584 viatori
1431 2546 1574 2597 europaeo

236 2624 456 2683 communicare,
472 2623 535 2685 quis
546 2620 682 2671 miretur?
696 2621 727 2669 Ε.
743 2620 777 2669 u.
793 2618 902 2669 Potmer
917 2617 985 2685 (The
1000 2619 1093 2670 desert
1112 2619 1141 2671 ot
1154 2621 1203 2671 the
1218 2620 1336 2683 exodus,
1350 2621 1469 2673 London
1486 2622 1570 2683 1871,

235 2712 259 2762 l.
275 2709 319 2777 83)
335 2712 388 2771 ait,
406 2711 436 2759 in
448 2708 639 2759 Beduinorum
656 2709 776 2759 dialecto
791 2720 858 2759 voce
876 2708 972 2773 «ligni
989 2724 1000 2756 1
1023 2704 1150 2775 (schejcr)
1166 2709 1312 2773 designari
1333 2710 1568 2762 medicamentum

235 2800 388 2865 quodlibet.
405 2798 526 2862 Lignum
538 2797 607 2848 illud
620 2799 687 2860 loq.
700 2798 805 2861 aliique
819 2809 931 2847 crucem
942 2796 1045 2849 Christi
1055 2797 1221 2848 adumbrare
1231 2800 1424 2861 pronuntiant.

280 3010 296 3045 u
321 2983 375 3050 lbi
396 2978 574 3049 constitnit
594 2981 627 3047 ei
647 3009 682 3064 »‚
707 3002 779 3046 non
800 3008 816 3040 c
837 2984 965 3068 lloyses
984 2980 1112 3071 populo
1133 3008 1148 3041 »
1171 2980 1307 3071 (Mon),
1329 2980 1387 3049 sed
1402 2986 1490 3049 lleus
1509 3004 1568 3072 po-

235 3090 317 3180 pulo
335 3089 474 3179 (Men),
492 3088 587 3178 quod
600 3087 763 3155 evincunt
775 3086 882 3154 verba
895 3110 928 3153 v.
945 3094 1000 3169 26,
1025 3114 1041 3148 6
1051 3100 1238 3178 praecepto
1251 3099 1354 3179 atque
1369 3086 1518 3175 iudicia,
1537 3101 1571 3155 et

234 3196 282 3263 ibi
299 3195 442 3263 tentnoit
460 3218 585 3262 1661».
611 3193 838 3261 Commoratio
861 3194 898 3260 in
917 3198 1005 3261 llara
1023 3194 1164 3262 minime
1189 3194 1255 3262 fuit
1278 3194 1401 3276 otiosa;
1430 3199 1564 3275 tamen,

234 3326 322 3393 quae
335 3302 386 3370 ibi
403 3309 482 3369 acta
494 3306 589 3384 sunt,
609 3298 689 3367 ideo
707 3304 842 3367 tantum
862 3300 1090 3387 attinguntur,
1113 3322 1182 3389 quo
1202 3300 1356 3369 divinam
1373 3324 1406 3370 v.
1424 3307 1466 3368 sti
1484 3324 1567 3390 pro·

235 3409 432 3477 missionem
453 3407 671 3475 edoceamur.
692 3410 891 3497 Praecepta,
910 3428 997 3496 quae
1019 3406 1069 3474 ibi
1090 3404 1287 3491 istasunt,
1314 3430 1384 3474 non
1404 3406 1567 3475 videntur

233 3517 334 3583 tuisse
359 3537 464 3593 nova,
482 3514 595 3604 inquit
627 3515 720 3595 Vnt,
737 3512 798 3579 sed
821 3518 936 3579 vetera
956 3512 1233 3596 inculcabantur‚
1260 3514 1449 3604 imprimis,
1473 3514 1568 3604 quod

233 3620 421 3689 coniiciunt
445 3621 517 3689 Gai.
546 3620 691 3709 aliique,
713 3619 768 3685 lex
785 3618 936 3702 sabbati,
960 3641 1050 3708 quae
1070 3618 1164 3687 illico
1186 3642 1262 3710 cap.
1287 3628 1326 3688 16
1351 3620 1470 3707 vigere
1486 3643 1568 3710 sup-

234 3728 385 3819 ponitur.
408 3727 466 3795 Vel
480 3732 592 3817 potest
610 3724 680 3793 dici
695 3747 777 3792 voce
786 3738 972 3815 praecepto
988 3733 1022 3793 61
1040 3726 1209 3795 similibus
1237 3727 1271 3796 b.
1290 3727 1316 3795 l.
1338 3747 1409 3795 non
1428 3732 1499 3794 tam
1511 3726 1566 3793 in·

234 3834 346 3923 1611151
379 3834 474 3921 leges
503 3832 638 3901 divinas
653 3832 864 3919 *generalem
902 3854 990 3922 quae
1028 3854 1145 3900 omnes
1180 3834 1309 3923 pariter
1336 3838 1369 3901 et
1400 3839 1570 3924 perpetuo

235 3942 449 4031 obligarent,
469 3940 530 4009 sed
548 3938 719 4030 imprimis
738 3938 879 4006 oracula
893 3939 1144 4029 particularia,
1161 3941 1279 4030 qualia
1295 3946 1394 4025 18,13
1410 3962 1486 4031 sqq.
1506 3938 1562 4007 de·

233 4050 438 4116 scribuntur.
461 4048 617 4114 Tentncit
634 4052 735 4127 Deua,
759 4051 795 4112 ut
820 4046 936 4135 plures
956 4047 1091 4129 volunt,
1109 4068 1177 4114 non
1204 4046 1440 4129 alienatione,
1459 4066 1564 4135 quam

235 4160 418 4245 praecepta
439 4154 570 4236 dando,
599 4176 667 4243 quo
693 4158 875 4243 appareret
901 4175 946 4220 an
971 4174 1013 4220 ea
1031 4158 1248 4242 acceptarent
1272 4156 1305 4219 et
1324 4153 1562 4232 observarent,

234 4260 359 4351 lieiquc
374 4266 600 4347 agnoscerent
609 4259 858 4327 auctoritatem.
872 4258 981 4327 Golm.
994 4264 1170 4349 comparat
1180 4265 1242 4329 loa.
1260 4266 1375 4341 lidi,
1394 4258 1454 4325 ubi
1469 4264 1566 4325 losue

231 4368 290 4433 liei
307 4369 345 4434 111
363 4368 530 4456 populum
555 4366 731 4435 benefieiis
749 4365 927 4433 recensitis
943 4367 1115 4455 optionem
1132 4372 1163 4434 ls
1184 4365 1296 4434 uelitis
1315 4364 1428 4447 dedit,
1445 4368 1564 4433 utrum

231 4473 358 4539 servire
374 4473 517 4540 mallent
528 4475 670 4541 Domino
685 4496 730 4540 an
743 4472 843 4539 illum
859 4471 1024 4554 abiicere,
1042 4471 1121 4540 dein
1136 4388 1257 4539 toldus
1271 4470 1374 4539 inivit
1388 4476 1423 4538 et
1437 4492 1566 4561 propo-

230 4579 297 4646 suit
310 4607 325 4640 «
338 4586 523 4670 praecepta
534 4609 550 4641 »
563 4585 664 4669 atque
680 4608 697 4641 «
710 4578 838 4647 iudicia
848 4599 882 4659 »3
900 4602 970 4669 qua
982 4579 1017 4645 in
1028 4601 1064 4644 re
1080 4578 1184 4645 Calm.
1197 4578 1368 4666 suggerit,
1380 4584 1475 4646 losue
1489 4577 1568 4642 imi-

230 4692 339 4753 tatum
353 4708 423 4753 esse
438 4693 514 4753 acta
527 4688 644 4774 lloysis
656 4686 692 4753 in
705 4692 806 4753 llara.
822 4685 918 4753 ldem
930 4689 1048 4752 auctor
1064 4691 1242 4775 comparat
1255 4690 1385 4753 textum
1404 4690 1469 4753 ler.
1483 4688 1564 4766 7,ἳὲ

231 4816 283 4882 sq.
313 4817 320 4861 :
345 4821 360 4854 o
380 4796 453 4859 Nou
474 4814 549 4860 sum
570 4795 705 4862 locutus
720 4815 799 4861 cum
819 4793 975 4882 patribus
999 4790 1117 4860 vestris
1139 4796 1172 4860 et
1185 4814 1254 4859 non
1272 4792 1436 4881 praecepi
1456 4790 1504 4858 eis
1525 4788 1563 4855 in
