3534 5384
741 416 805 458 rav.
828 399 901 470 3,15
923 415 988 466 soa.
1470 401 1529 460 375

201 560 232 616 et
246 549 403 616 aruinam
415 547 535 614 iecoris
555 569 632 613 cam
650 547 848 614 renunculis
870 570 905 630 »;
923 571 955 614 v.
976 555 1015 613 111
1039 574 1055 609 6
1072 547 1289 638 adolebitque
1304 572 1344 616 ea
1357 571 1459 639 snper
1473 549 1526 616 al-

201 669 273 724 tare
291 655 446 723 sacerdos
460 655 499 720 in
513 653 714 721 alr'rnoniam
728 654 819 744 iqnis
834 667 866 721 et
882 654 1082 721 suavissimi
1106 653 1220 722 odoris
1238 683 1266 722 ».
1282 656 1396 724 lilerito
1412 657 1449 722 in
1463 657 1527 723 hoe

199 785 300 830 versu
312 764 406 830 Sam.
424 764 516 828 LXX
529 765 687 850 repetunt
703 783 821 828 vocem
835 776 906 827 666
925 779 932 821 :
946 783 1072 850 panem
1089 763 1329 829 combustionis
1340 762 1377 829 in
1391 762 1526 830 odorem

199 869 379 936 seronitatis
394 868 552 936 Doarino.
568 867 618 934 Gi.
638 890 670 932 v.
689 875 740 934 11.

234 1073 261 1110 v.
280 1059 310 1110 13
327 1057 403 1122 Vela.
417 1064 506 1115 1111611
520 1071 576 1108 666
591 1056 682 1108 reddit
692 1058 809 1121 plurali,
827 1055 901 1122 quod
918 1062 1012 1109 iernen
1030 1059 1093 1107 llll
1106 1057 1223 1109 iaciunt.
1239 1072 1265 1108 v.
1283 1058 1312 1108 11
1328 1063 1435 1142 :inpar
1450 1059 1525 1121 luta.

199 1161 310 1198 rursum
324 1149 425 1211 plurali
440 1148 581 1210 exprimit.

569 1339 652 1391 Regula
663 1341 690 1380 de
703 1340 767 1390 adipe
778 1340 847 1380 Iahve
859 1340 989 1381 reservanda
1003 1339 1054 1382 Iar.
1068 1341 1113 1388 3,Ιὸ
1124 1351 1157 1390 sq.

242 1508 326 1596 Arq.
341 1544 385 1557 -
397 1505 621 1588 adscribitur,
639 1512 732 1574 certe
741 1528 812 1574 non
822 1507 937 1596 quoad
950 1507 1041 1574 solas
1055 1529 1176 1596 capras
1193 1506 1248 1595 (ci.
1264 1530 1294 1574 v.
1310 1514 1341 1576 1.
1359 1507 1455 1597 9sq.)
1470 1506 1528 1572 sed

199 1613 314 1705 quoad
322 1613 490 1682 sacrificia
502 1612 646 1702 66611166
658 1613 791 1696 omnia,
804 1614 927 1700 regula
940 1613 982 1680 de
993 1619 1063 1680 tota
1079 1612 1180 1703 adipe
1194 1614 1297 1680 lehve
1307 1613 1525 1680 reservanda.

200 1725 290 1798 Quae
303 1720 474 1787 1116616616
489 1721 601 1787 iuerat
616 1726 671 1801 1,a
688 1719 801 1810 quoad
816 1720 1016 1788 holocausta
1029 1709 1099 1801 (bra
1115 1721 1175 1800 nu)
1188 1726 1221 1787 et
1230 1721 1425 1788 inculcatur
1439 1743 1529 1786 nuno

199 1826 315 1916 quoad
339 1826 495 1916 66611166,
517 1832 551 1893 61
575 1826 727 1915 primum
747 1826 888 1916 quidem
910 1827 1054 1918 positive
1082 1849 1089 1894 :
1120 1855 1135 1888 o
1162 1826 1274 1893 omnis
1297 1825 1402 1915 adeps
1428 1827 1530 1893 lahve

199 1933 263 2000 erit
275 1960 291 1994 »
301 1953 309 2011 ;
321 1933 402 2000 dein
409 1931 589 2020 negative:
606 1962 621 1992 «
631 1955 695 1999 nec
706 1933 911 2020 sanguinem
923 1956 986 1999 nec
994 1933 1131 2022 adipem
1143 1932 1284 2000 omnino
1298 1931 1482 2000 comedetis
1496 1961 1526 2011 s,

199 2062 243 2106 sc.
259 2040 296 2105 in
315 2039 491 2106 sacrificiis
504 2038 669 2129 pacificis.
689 2043 777 2126 Ergo
794 2038 874 2106 lieet
890 2039 1026 2107 exsistat
1041 2038 1212 2126 generalis
1224 2038 1403 2125 sanguinis
1415 2060 1528 2106 come·

199 2145 304 2213 dandi
317 2144 519 2234 prohibitio,
536 2167 608 2211 non
623 2147 779 2234 sequitur
792 2169 833 2212 ex
847 2148 913 2214 hoa
929 2151 1021 2213 textu
1034 2168 1143 2235 aeque
1153 2144 1327 2232 generalis
1338 2144 1529 2234 prohibitio

199 2250 309 2341 adipis
328 2249 542 2333 comedendi,
558 2274 590 2318 v.
607 2273 643 2337 g.
661 2273 780 2319 eorum
792 2274 963 2343 purorum
979 2251 1197 2335 animalium,
1217 2252 1356 2341 quaein
1371 2251 1528 2318 victimas

199 2379 370 2425 assumere
389 2359 485 2425 netas
505 2363 589 2426 erat.
610 2359 657 2426 Ci.
680 2365 829 2440 rau-27.

246 2494 261 2524 «
281 2464 399 2531 Omnis
415 2464 519 2555 adeps
534 2465 676 2532 Domini
694 2466 760 2532 erit
775 2493 804 2531 n.
822 2465 932 2533 Etiam
947 2472 1087 2550 e,11-13
1103 2465 1344 2532 inserebantur
1362 2464 1530 2533 eiusmodi

198 2573 375 2658 generales
388 2571 492 2658 leges.
510 2595 543 2642 v.
563 2579 600 2639 17
621 2600 636 2634 6
653 2574 733 2639 lare
744 2584 911 2662 perpetuo
927 2571 964 2638 in
978 2571 1258 2662 qenerationibus
1272 2584 1305 2639 et
1322 2571 1528 2640 666611616-

198 2677 357 2744 bitaculis
377 2678 496 2745 uestris
511 2706 542 2761 s,
560 2700 644 2764 ergo
659 2700 795 2769 semper
815 2684 849 2745 et
863 2679 1009 2768 ubique,
1031 2706 1047 2740 u
1063 2701 1124 2746 aec
1140 2679 1346 2768 sanquinem
1368 2701 1429 2746 neo
1451 2677 1525 2744 adi-

193 2805 274 2872 pem
295 2785 432 2851 oninino
455 2785 635 2852 comedet-is
652 2813 682 2851 ».
700 2788 783 2852 Cum
798 2807 901 2874 porro
917 2786 970 2851 lex
988 2785 1164 2872 sanguinis
1179 2806 1250 2850 non
1270 2783 1472 2852 comedendi
1487 2785 1529 2849 sit

197 2890 403 2980 perantiqua
421 2891 476 2979 (ci.
494 2897 575 2958 Gen.
592 2891 677 2979 91),
696 2890 876 2981 probabile
897 2896 1041 2980 apparet
1060 2890 1198 2981 adipem
1214 2913 1351 2981 queque
1364 2889 1526 2980 pacifico-

199 3018 275 3062 rum
294 2997 370 3064 iure
389 2997 530 3086 antiquo
549 3003 758 3063 reservatam
777 3018 850 3063 esse
870 2997 1024 3064 Domino.

237 3237 262 3284 b.
278 3236 356 3296 Leges
367 3238 398 3284 de
413 3241 501 3297 quarto
516 3237 691 3285 amntioiorum
705 3251 800 3298 genua,
814 3239 883 3298 quod
895 3242 932 3285 est
945 3253 989 3298 pro
1003 3241 1105 3298 6666616
1118 3243 1144 3285 61
1158 3251 1202 3298 pro
1214 3237 1305 3285 delicto
1319 3235 1376 3285 Iev.
1390 3237 1483 3297 4‚1.a,7.

241 3413 563 3482 demonstrabamus
576 3438 612 3504 p.
631 3420 694 3482 359
710 3438 800 3505 sqq,
819 3415 999 3505 adscriptis
1013 3415 1173 3483 clausulis
1188 3420 1277 3495 131.
1296 3420 1355 3496 2l3
1375 3421 1465 3498 5,12.
1486 3423 1525 3481 19

196 3520 381 3610 pericopen
395 3520 508 3610 specie
521 3526 622 3589 tenus
634 3523 883 3590 conformatam
896 3544 965 3589 esse
980 3521 1264 3612 praecedentibus
1276 3520 1425 3609 legibue,
1439 3545 1527 3611 quae

196 3628 411 3696 victimarum
427 3649 485 3694 seu
500 3628 715 3695 oblationum
733 3628 891 3697 ordinem
903 3635 1109 3718 sequuntur;
1125 3627 1186 3695 sed
1199 3651 1317 3717 reapse
1332 3651 1350 3695 e
1367 3628 1527 3717 pluribus

197 3732 359 3801 coaluisse
377 3733 512 3821 legibus
526 3734 685 3824 primitus
705 3735 859 3803 diseretis
873 3737 965 3802 inter
979 3757 1013 3801 sc
1031 3757 1040 3802 τ
1056 3734 1132 3823 lege
1149 3757 1194 3802 sc.
1211 3757 1281 3801 666
1297 3735 1338 3801 (16
1353 3735 1527 3801 sacrificiis

196 3861 260 3927 pro
273 3845 413 3929 6666616
427 3845 503 3909 Lev.
523 3849 555 3924 1,
575 3864 663 3931 quae
680 3828 896 3931 peccantium
913 3843 1035 3910 classes
1049 3841 1255 3928 distinguat;
1271 3842 1378 3908 altera
1391 3849 1521 3923 5,1-13.

197 3967 285 4034 quae
305 3947 348 4012 sit
369 3946 412 4012 da
431 3947 541 4014 tribus
561 3950 709 4036 peccatis
728 3969 897 4016 annexam
916 3947 1125 4017 habentibus
1139 3949 1406 4028 contessionem
1423 3949 1522 4014 tertia

196 4049 336 4118 tandem
351 4052 429 4139 lege
444 4060 613 4138 5,rt-o,7,
633 4077 721 4144 quae
735 4057 779 4122 sit
793 4055 836 4122 de
851 4054 1027 4122 sacrifieiis
1043 4077 1107 4144 pro
1123 4054 1260 4122 delicto.
1279 4053 1429 4120 Proiecto
1444 4054 1523 4121 huic

196 4157 311 4224 nativo
325 4157 608 4228 documentorum
623 4160 738 4228 ordini
751 4167 880 4229 tentum
898 4161 1097 4252 explicaturi
1112 4160 1388 4228 adhaerebimus

239 4270 430 4354 Antequam
449 4272 578 4334 textum
595 4269 853 4358 explanandum
866 4269 1102 4356 aggredimur,
1125 4265 1338 4358 expedienda
1358 4267 1456 4334 nobis
1476 4276 1523 4334 est

196 4371 365 4459 quaestio,
381 4373 549 4460 quidnam
569 4373 703 4442 intersit
721 4374 812 4442 inter
823 4387 1004 4465 peccatum
1023 4380 1057 4442 61
1071 4373 1250 4459 delictam,
1269 4389 1364 4440 anun
1380 4379 1414 4440 61
1434 4389 1520 4440 uus.

197 4482 260 4544 llas
271 4499 369 4544 voces
383 4479 633 4566 quadamtenus
643 4481 814 4569 eorrsrmdi
827 4482 920 4549 inter
931 4505 980 4564 se,
995 4481 1118 4568 collige
1132 4505 1150 4548 e
1166 4486 1234 4562 1,3.
1250 4487 1302 4547 13.
1318 4486 1374 4546 m.
1390 4487 1444 4563 27,
1462 4482 1521 4547 ubi

197 4591 341 4674 utraque
355 4607 440 4651 voce
454 4585 591 4672 singula
604 4593 746 4676 6666616
762 4589 1014 4678 exprimuntur,
1031 4612 1049 4655 6
1064 4594 1175 4669 5,1-5,
1191 4586 1264 4669 ubi,
1283 4608 1372 4675 quae
1387 4587 1524 4672 singula

195 4691 301 4757 verbo
317 4704 393 4756 666
407 4690 657 4780 exprimuntur,
676 4717 708 4761 v.
727 4701 756 4761 1.
773 4701 792 4761 5
808 4696 925 4761 omnia
940 4693 1045 4761 verbo
1060 4710 1131 4757 666
1148 4696 1381 4758 resumuntur.
1400 4697 1522 4757 Verum

195 4795 275 4864 item
302 4803 358 4882 6,1
381 4799 504 4886 (mitt,
528 4797 590 4864 ubi
612 4799 654 4866 de
674 4799 842 4867 sacrificio
859 4823 924 4890 pro
952 4799 1075 4866 (lelioto
1095 4801 1221 4886 agitur,
1246 4796 1432 4864 adhibetur
1453 4820 1523 4864 una
