3534 5384
758 427 806 470 Ex.
830 410 914 482 A,l8.
937 423 945 440 ‘
999 422 1002 431 '
1468 409 1506 468 59

172 585 243 630 esse
262 584 381 630 omnes
401 561 557 628 exstincti
581 559 713 650 (Olea),
732 559 792 626 sed
815 564 992 646 cognatos,
1008 578 1154 646 quorum
1173 556 1290 646 plures
1310 559 1382 626 sine
1401 558 1510 625 dubio

171 669 264 736 intra
287 667 520 758 quadraginta
538 689 646 734 annos
671 666 763 732 diem
787 687 988 755 supremum
1012 665 1183 730 obierant.
1203 669 1382 754 Monetque
1403 667 1505 747 Tost,

170 777 296 843 iustam
310 775 451 865 quidem
465 795 602 841 eausam
618 775 819 862 expressisse
836 777 984 861 Moysen,
1000 772 1062 838 sed
1076 769 1300 860 praecipuam
1319 771 1506 855 reticuisse,

142 913 148 921 ·
170 905 213 950 ue
229 905 378 950 asoeero
400 886 433 949 et
453 903 558 949 uxore
580 880 815 947 retardaretur
836 878 1000 968 (Diduri.
1021 907 1037 938 (ι
1057 878 1122 944 Cui
1138 876 1189 944 ait
1206 875 1318 943 Ietdro
1337 899 1349 945 .·
1369 877 1456 945 Vade
1473 881 1509 945 in

170 1011 255 1080 pace
272 1017 303 1054 t).

399 1135 432 1186 (t.
454 1131 585 1197 Moysis
605 1145 680 1183 curn
695 1133 873 1183 Pharaone
889 1133 972 1182 acta
984 1132 1048 1181 Ex.
1069 1130 1278 1195 ata-1256.

215 1334 266 1400 Ad
285 1332 552 1420 intelligendum
567 1352 642 1421 cap.
662 1337 680 1398 tr
698 1331 891 1420 plurimum
910 1332 1069 1413 interest,
1082 1337 1199 1398 utrum
1218 1337 1297 1407 t‚18
1318 1351 1398 1397 cum
1414 1335 1505 1399 Sam.

173 1440 216 1506 ad
229 1440 360 1530 priora,
379 1461 423 1506 an
443 1462 520 1506 cum
534 1444 650 1506 Masor.
673 1438 716 1504 ad
730 1437 909 1528 sequeutia
923 1437 1052 1505 trahas.
1070 1437 1105 1504 Si
1117 1437 1321 1504 Mesorethas
1335 1438 1505 1526 sequariS,

173 1546 394 1613 contunditur
413 1546 576 1612 narratio.
595 1544 704 1610 Habes
722 1568 755 1613 v.
774 1550 813 1611 18
833 1549 967 1631 Moysen
981 1565 1102 1610 socero
1119 1542 1383 1626 valedicentem,
1401 1567 1433 1611 v.
1452 1551 1504 1621 19,

173 1652 265 1742 quod
287 1659 402 1718 tamen
424 1650 629 1740 praecedere
647 1651 818 1740 oportuit,
841 1654 948 1717 Deum
974 1649 1160 1716 discessum
1181 1648 1356 1716 iubentem
1373 1651 1396 1715 ¹.
1413 1649 1507 1715 nira-

172 1759 282 1826 cultas
296 1757 506 1841 eliminatur,
521 1758 547 1824 si
568 1780 599 1823 v.
619 1764 659 1824 18
676 1763 802 1824 statuas
819 1755 1063 1846 praecedentis
1082 1757 1263 1845 pericopae
1284 1778 1355 1822 esse
1373 1757 1507 1823 clausu-

171 1865 252 1932 lam.
270 1863 321 1931 lbi
330 1871 490 1933 narrator
502 1863 622 1952 Moysis
637 1863 884 1953 protectionem
903 1863 1107 1928 brevissime
1118 1863 1332 1951 perstringit,
1347 1870 1381 1928 et
1394 1863 1507 1929 solum

171 1971 310 2060 quidem
326 1977 495 2060 quatenus
518 1974 593 2037 erat
613 1971 772 2038 discessio
791 1993 812 2036 a
826 1991 943 2036 socero
961 1975 1017 2052 3,1
1040 1969 1139 2036 initio
1157 1967 1338 2059 pericopae
1358 1991 1509 2036 comme-

172 2084 317 2143 morato.
335 2081 376 2143 At
390 2099 455 2166 pro
471 2099 563 2143 nova
577 2078 736 2166 pericope
753 2076 891 2164 aliquae
907 2076 981 2142 eius
1000 2074 1221 2165 profectionis
1236 2075 1509 2142 circumstantiae

172 2190 270 2250 amnt
293 2184 487 2250 accuratius
511 2183 733 2250 evolvendae.
753 2182 916 2271 Explicite
940 2185 1026 2248 Deus
1047 2181 1135 2248 illud
1154 2182 1264 2248 solum
1287 2180 1452 2263 edixerat,
1473 2189 1510 2247 nt

171 2295 296 2376 Moyses
316 2294 484 2356 Aaronem
505 2298 537 2355 et
555 2290 692 2375 virgam
715 2309 830 2354 secum
853 2287 999 2356 haberet
1016 2293 1163 2374 :Moyses
1182 2309 1322 2356 uxorem
1342 2294 1376 2354 et
1395 2288 1504 2355 filium

172 2395 296 2462 sibilas
306 2418 378 2462 esse
388 2395 595 2462 existimavit
605 2395 799 2462 inconsulto
810 2394 954 2461 Domino
962 2394 1096 2461 itineris
1106 2396 1215 2461 socios
1224 2417 1406 2462 assumere.
1419 2400 1507 2472 Quos

176 2506 261 2568 Deus
277 2508 357 2585 tait
372 2507 541 2584 removet,
559 2525 629 2568 non
650 2502 834 2569 discessum
855 2501 997 2583 iubens,
1017 2503 1077 2568 sed
1094 2501 1248 2592 aliquam
1263 2504 1437 2592 Sephorae
1451 2524 1507 2568 su-

175 2609 411 2697 perstitionem
435 2608 629 2674 admittens
650 2606 827 2686 Quomodo
845 2615 1017 2674 Aaronem
1033 2613 1158 2696 Moyses
1175 2608 1315 2675 obvium
1329 2609 1505 2689 habuerit,

175 2721 207 2795 t,
230 2721 271 2780 2⁸1
292 2737 368 2804 sqq.
385 2719 557 2782 narratur.
575 2714 678 2781 Aliud
689 2710 775 2780 'item
795 2717 830 2780 in
847 2714 1046 2781 narratione
1061 2715 1284 2804 protectionis
1295 2716 1414 2802 Moysis
1427 2738 1509 2805 sup-

173 2821 298 2910 pletur,
314 2821 407 2910 quod
418 2820 455 2888 in
470 2821 536 2887 hac
551 2822 710 2912 pericope
726 2826 775 2887 est
789 2821 915 2886 summi
928 2821 1097 2887 momenti
1114 2841 1121 2888 :
1146 2827 1282 2889 Gersam
1295 2822 1509 2910 primogeni-

173 2935 225 2993 tus
239 2927 355 3014 Moysis
367 2928 582 2994 constituitur
592 2933 693 3016 typus
707 2925 840 2994 Israelis
852 2927 1077 3015 primogeniti
1096 2927 1172 3009 Dei,
1188 2949 1253 3018 pro
1273 2930 1366 2994 ouius
1380 2931 1509 3017 primo·

172 3033 280 3120 geniti
300 3034 353 3100 sui
369 3032 605 3123 redemptione
622 3033 773 3100 minetur
787 3038 864 3115 l,23
884 3039 968 3101 [teus
980 3055 1015 3101 se
1032 3034 1305 3123 primogenitum
1321 3035 1509 3100 Pharaonis

171 3141 432 3206 interfecturum
448 3163 532 3207 esse.
546 3141 630 3206 Hinc
640 3139 744 3222 disee,
759 3161 939 3229 quousque
952 3139 1158 3207 extendatur
1171 3141 1257 3206 haec
1271 3142 1444 3230 pericope,
1460 3161 1505 3206 sc.

171 3268 276 3334 usque
299 3252 410 3325 1236,
429 3247 490 3312 ubi
501 3246 688 3312 interfectis
707 3247 947 3335 primogenitis
968 3248 1115 3336 Aegypti
1135 3247 1312 3314 israelitae
1333 3246 1400 3313 iter
1422 3249 1508 3313 arri-

171 3353 287 3441 piunt,
308 3352 350 3418 ad
375 3352 522 3442 primam
545 3353 678 3418 itineris
698 3354 879 3419 stationem
903 3353 1080 3419 festinant.
1107 3353 1190 3420 Hinc
1216 3353 1326 3436 disce,
1349 3376 1437 3442 quae
1466 3353 1508 3418 sit

170 3458 353 3547 pericopae
372 3479 525 3539 summa,
543 3458 695 3525 duellum
718 3481 763 3524 so.
779 3458 868 3525 illud
883 3458 1100 3540 mirandum,
1119 3482 1187 3548 quo
1203 3460 1304 3526 lahve
1321 3481 1400 3526 oum
1419 3461 1506 3525 Pha-

170 3587 274 3631 raone
295 3565 497 3644 decertavit,
516 3564 748 3654 primogenito
763 3563 1035 3654 primogenitum
1052 3565 1210 3632 redemit.

216 3671 395 3760 Pericopae
418 3672 503 3738 duas
525 3669 768 3757 distinguimus
787 3676 927 3760 partes:
950 3672 1153 3738 certaminis
1170 3673 1395 3761 praeambula
1411 3679 1507 3743 a1a-

172 3783 245 3860 7:13
264 3777 447 3868 ipsumque
467 3783 641 3844 certamen
659 3783 848 3860 7,8-12,36.

497 4017 518 4064 1.
536 4015 744 4064 causaturus
761 4017 994 4064 camurana
1010 4018 1060 4066 nx.
1074 4020 1189 4079 ars-rs.

215 4213 294 4276 Tres
313 4210 519 4277 narrationis
541 4209 758 4298 distiguimus
781 4217 896 4301 partes
914 4232 921 4278 :
939 4217 1084 4291 t,19-31
1106 4217 1233 4300 Moyses
1252 4237 1270 4280 e
1288 4212 1507 4279 Madianitidc

171 4315 277 4382 redux
289 4315 334 4382 ab
346 4316 506 4384 Hebraeis
517 4317 698 4406 recipitur;
715 4323 844 4400 5,1-a,1
860 4317 979 4384 audito
993 4318 1096 4384 labve
1110 4319 1271 4386 mandato
1285 4321 1417 4386 Pharao
1431 4343 1508 4409 per·

169 4421 499 4509 secutionemauget,
514 4424 744 4490 Hebraeorum
758 4429 873 4492 autem
885 4425 972 4492 fides
985 4424 1228 4504 labefactatum
1244 4432 1375 4510 tat-*lsi
1390 4427 1502 4507 labra,

201 4753 223 4798 1.
236 4751 273 4798 De
289 4748 370 4799 altero
384 4748 551 4811 difficultate,
564 4763 630 4814 quae
645 4750 762 4801 nascitur
777 4765 801 4801 v.
818 4753 844 4800 M
858 4751 1000 4802 secundum
1012 4752 1089 4815 vulg.
1105 4765 1165 4802 cum
1181 4768 1206 4802 v.
1223 4759 1251 4803 27
1270 4754 1433 4815 comparato,
1445 4750 1504 4800 vide

167 4841 232 4893 quae
246 4829 279 4879 ad
293 4843 317 4879 v.
337 4832 365 4878 14
376 4827 536 4879 dicebamus.
