3534 5384
248 423 289 481 84
695 434 804 478 seorsis
825 434 905 479 acra
928 435 958 477 m
981 434 1130 479 sacrvm.

247 576 297 638 lta
318 570 435 660 plures
447 568 528 635 inde
541 590 561 635 a
575 572 630 634 Du
639 569 729 658 Boys
740 569 853 656 Ayme
870 591 878 637 :
899 570 1014 635 Motice
1032 590 1091 634 sur
1110 567 1142 633 le
1157 568 1273 655 sejour
1289 566 1349 634 des
1368 565 1525 633 litbreux
1539 590 1583 635 en

246 667 394 767 Egypte3
410 676 448 742 in
462 697 565 764 opere
577 674 785 765 Descriptiou
795 674 838 741 de
853 662 1026 763 l'dgypte,
1042 679 1067 742 l.
1084 680 1148 741 307
1163 694 1236 763 sqq.
1249 674 1439 741 Meminisse
1454 696 1518 741 nos
1530 679 1583 741 ta-

246 806 327 851 men
346 786 498 873 oportet,
520 780 657 848 easdem
674 781 795 870 plagas
806 804 828 847 a
840 784 923 863 Oeo,
941 802 961 847 a
975 779 1151 847 Pharaone
1166 786 1199 846 et
1214 802 1273 847 as.
1291 784 1470 847 narratore
1483 780 1584 849 habi-

246 895 298 958 tas
313 911 384 956 esse
398 911 462 977 pro
481 910 554 954 cers
574 886 725 954 cousinio
737 886 921 974 portentis,
938 908 1026 978 quae
1040 885 1181 975 speciali
1198 886 1349 953 numinis
1365 908 1430 975 ope
1447 892 1584 976 patrata

245 1019 327 1064 vera
338 994 468 1062 luerint
480 993 617 1061 divinae
629 994 746 1081 Moysis
758 991 933 1061 missionis
944 1000 1159 1079 argumenta.
1172 997 1329 1059 Potestne
1342 991 1424 1060 solis
1437 999 1582 1061 naturae

246 1102 376 1170 viribus
399 1108 460 1168 ant
482 1124 539 1185 ea,
557 1122 662 1190 quam
682 1104 809 1188 Moyses
829 1099 969 1166 edoctus
993 1100 1121 1182 fuerat,
1140 1099 1388 1190 Aegyptiorum
1413 1100 1583 1189 sapientia

246 1208 425 1301 explicari,
443 1206 594 1275 evenisse
609 1206 730 1297 plagas
747 1206 824 1273 illas
839 1205 994 1295 tempore
1008 1227 1029 1272 a
1042 1212 1149 1293 Moyse
1165 1206 1411 1295 praenuntiato
1425 1210 1528 1297 atque
1544 1228 1583 1273 eo

245 1320 364 1384 orante
375 1316 546 1381 cessasse?

287 1422 396 1509 Igitur
417 1444 438 1487 a
459 1419 513 1486 die
538 1417 675 1485 circiter
695 1424 756 1484 20⁸
779 1417 855 1485 Iulii
878 1416 1104 1485 ordiebantur
1127 1440 1258 1485 annum
1289 1418 1466 1509 Aegyptii,
1488 1419 1584 1486 cuius

243 1530 309 1597 tria
321 1526 555 1596 numerabant
573 1531 730 1614 tempora
746 1546 755 1591 ι
773 1523 818 1591 ad
836 1523 931 1590 diem
953 1523 1091 1590 circiter
1111 1529 1190 1590 20⁰²
1209 1524 1409 1591 Novembris
1427 1532 1579 1616 tempus,

246 1636 302 1704 cui
319 1655 448 1701 nomen
470 1628 675 1713 intractatam
690 1630 735 1697 ad
758 1628 850 1697 diem
874 1630 1011 1698 circiter
1032 1636 1112 1696 20⁸⁰a
1130 1630 1239 1697 Martii
1258 1635 1395 1721 tempus
1414 1632 1580 1713 alterum,

245 1740 528 1832 perminetiouem
549 1736 786 1827 sepecis;inde
811 1735 855 1803 ad
878 1740 1078 1827 sequentem
1103 1742 1181 1803 20⁸⁰¹
1201 1735 1278 1804 lulii
1305 1742 1443 1828 tempus
1467 1737 1583 1805 messis·

242 1850 386 1938 (Ermun
402 1870 435 1937 p.
459 1844 550 1934 aas).
568 1847 677 1911 Mense
691 1843 776 1910 lulio
792 1864 943 1910 arescere
955 1842 1085 1935 incipit
1099 1842 1211 1925 Nilus,
1232 1850 1374 1912 exeunte
1390 1844 1584 1936 Septembri

249 1958 320 2021 tota
332 1958 509 2042 Aegyptus
520 1950 666 2017 inferior
678 1948 778 2039 aquis
788 1950 969 2037 mergitur,
983 1955 1127 2017 exeunte
1141 1949 1279 2017 Octobri
1290 1951 1485 2018 decrescere
1499 1951 1584 2019 inci·

242 2061 342 2151 piunt
356 2080 482 2148 aquae,
499 2056 770 2146 decrescuntque
786 2077 893 2145 usque
913 2056 959 2123 ad
982 2056 1125 2123 alteram
1147 2056 1222 2123 Maii
1236 2063 1389 2145 partem,
1407 2065 1446 2125 ut
1467 2080 1583 2125 mense

243 2164 380 2234 Octobri
396 2165 499 2231 vicies
517 2167 650 2230 tantum
671 2184 798 2251 aquae,
818 2168 988 2252 quantum
1010 2184 1128 2230 mense
1148 2162 1234 2229 Maio
1256 2164 1388 2231 ilumen
1414 2164 1580 2236 effundat.

246 2271 433 2362 Incipiente
443 2271 514 2337 fere
525 2269 610 2336 iulio
623 2290 739 2335 mense
753 2273 829 2335 tam
844 2268 996 2335 fluminis
1008 2290 1117 2358 quam
1132 2268 1304 2336 canalium
1318 2292 1429 2359 aquae
1442 2270 1584 2337 turban-

246 2386 315 2460 tur,
336 2376 561 2454 civa'descunt,
581 2376 749 2443 foetorem
770 2375 893 2454 edunt,
911 2374 1085 2442 vermibus
1105 2378 1235 2443 scatent
1253 2374 1409 2466 fiuntque
1429 2376 1583 2446 homini·

247 2486 328 2566 bus,
348 2505 417 2551 nou
435 2504 516 2550 vero
531 2481 697 2572 piscibus,
714 2480 919 2548 insalubres.
937 2482 1063 2548 Coloris
1082 2481 1201 2549 viridis
1219 2483 1389 2551 rationem
1404 2483 1582 2571 assignant

248 2591 429 2659 materiam
447 2611 466 2655 e
484 2587 669 2679 paludibus
688 2586 886 2676 Aethiopiae
908 2586 1096 2655 advectam.
1121 2591 1199 2655 Post
1225 2589 1358 2678 aliquos
1378 2590 1450 2657 dies
1474 2612 1584 2681 aquae

249 2701 429 2765 transeunt
440 2695 476 2762 in
488 2695 639 2762 colorem
652 2693 895 2783 sanguineum,
909 2698 989 2759 sunt
1003 2716 1082 2761 vero
1099 2696 1241 2761 omnino
1259 2696 1427 2786 potabiles
1441 2702 1475 2763 et
1493 2697 1584 2764 salu-

249 2805 338 2872 bres.
356 2802 512 2871 Colorem
534 2800 641 2891 aliqui
665 2804 826 2890 repetunt
846 2821 886 2866 ex
911 2801 1019 2868 humo
1039 2822 1058 2867 e
1078 2801 1219 2869 flumine
1241 2801 1358 2892 aliquo
1382 2801 1584 2895 Aethiopiae

250 2912 409 2993 advecta,
431 2908 490 2976 alii
504 2909 645 2975 fortasse
660 2906 877 2997 probabilius
892 2929 933 2974 ex
945 2906 1161 2974 animalculis
1173 2907 1380 2997 quibusdam
1395 2910 1581 2977 infusoriis.

248 3024 372 3084 Verum
391 3015 535 3083 materia
548 3013 647 3079 illum
666 3012 814 3079 colorem
826 3014 1004 3080 continens
1023 3012 1178 3080 subsidet
1196 3015 1231 3079 in
1255 3016 1386 3106 campis
1400 3016 1585 3107 superioris

251 3123 414 3213 Aegypti,
427 3127 465 3189 ut
482 3118 647 3189 colorille
667 3119 877 3204 sanguineus
891 3120 929 3184 in
948 3124 1105 3208 Aegypto
1118 3120 1234 3187 media
1253 3127 1287 3188 et
1305 3122 1469 3189 inferiore
1489 3122 1583 3189 haud

253 3230 462 3297 observetur.
480 3228 528 3293 Gi.
564 3224 655 3314 Viy„
673 3223 767 3291 Bible
784 3228 823 3291 M.
840 3231 917 3292 266.
937 3229 1003 3292 Hoc
1027 3226 1294 3314 phaenomenon
1313 3228 1446 3319 primae
1460 3228 1585 3318 plagae

252 3336 372 3425 utique
396 3337 445 3400 est
464 3333 583 3399 affine.
607 3358 623 3391 «
640 3334 707 3397 Res
726 3336 776 3397 est
794 3330 1021 3398 admiratione
1036 3331 1143 3419 digna
1164 3360 1195 3415 u,
1213 3335 1427 3402 exclamabat
1443 3337 1584 3401 Rosciae

255 3443 313 3530 (Oe
333 3441 366 3507 la
380 3436 601 3506 constitution
615 3437 785 3528 physique
800 3436 843 3504 de
864 3426 1039 3527 l’Egypte;
1056 3436 1093 3504 in
1111 3461 1118 3507 :
1137 3440 1343 3530 Description
1363 3440 1406 3507 de
1427 3430 1585 3531 l'ngpte

255 3552 309 3615 XX
342 3552 424 3629 3253
453 3544 547 3635 apud
569 3542 763 3610 Friedreiclz
788 3548 813 3610 l.
841 3544 939 3633 100),
966 3572 981 3605 «
1013 3542 1128 3612 videre
1157 3568 1264 3635 aquas
1289 3546 1408 3633 magni
1433 3547 1585 3616 fluminis

254 3657 387 3722 mutare
402 3638 551 3719 colorem
568 3654 671 3739 atque
686 3649 722 3715 in
738 3651 866 3718 ilumen
884 3650 1065 3739 sanguinis
1089 3653 1241 3718 converti
1263 3680 1292 3719 ».
1316 3658 1457 3721 Potuere
1477 3655 1586 3741 igitur

256 3761 360 3830 etiam
385 3764 471 3827 Deus
496 3762 529 3824 et
549 3762 691 3844 Moyses,
716 3756 875 3823 effectum
898 3755 1091 3828 indicantes
1114 3758 1303 3826 secundum
1329 3761 1582 3849 apparentiam,

254 3866 349 3958 loqui
363 3865 406 3933 de
425 3886 515 3955 aqua
533 3863 572 3930 in
584 3863 786 3949 sanguinem
806 3864 1094 3931 transformanda.
1112 3868 1227 3955 Neque
1248 3866 1329 3933 satis
1343 3888 1449 3953 grave
1468 3874 1518 3933 est
1532 3890 1585 3935 ar-

256 3979 458 4064 gumentum
479 3970 550 4060 Viq.
567 3969 592 4035 l.
608 3990 637 4035 c.
652 3992 688 4059 p.
706 3974 782 4050 268,
798 3972 911 4037 Patres
921 3971 1121 4060 Aegyptios,
1137 3971 1195 4061 qui
1208 3971 1425 4040 rubescentes
1439 3972 1586 4062 Aegypti

258 4078 488 4172 (superiorisl)
510 4097 618 4167 aquas
634 4075 721 4143 bene
738 4076 914 4159 noverint,
931 4076 1157 4143 nihilominus
1168 4077 1265 4167 loqui
1283 4078 1325 4145 de
1340 4079 1439 4169 aquis
1454 4079 1490 4146 in
1506 4103 1585 4147 san-

255 4187 396 4277 guinem
407 4183 546 4251 mutatis
561 4205 569 4252 :
585 4183 644 4249 Or.
658 4182 768 4272 (Hom.
787 4182 856 4251 tin
871 4187 949 4263 Era,
966 4185 1016 4249 M.
1036 4186 1282 4274 12.31‘1sqq.),
1299 4184 1426 4253 Athon.
1443 4186 1585 4277 (Synop-

255 4296 301 4361 sis
314 4299 384 4361 Scr.
399 4297 432 4359 S.
444 4315 452 4375 ;
466 4294 514 4357 Μ.
529 4294 582 4357 28.
598 4289 690 4376 297),
703 4286 931 4355 isaiasAbbas
941 4288 1009 4378 (Or.
1028 4294 1069 4355 25
1080 4311 1116 4356 n.
1134 4296 1190 4373 153
1205 4293 1251 4358 M.
1264 4296 1317 4359 [ιθ.
1336 4292 1449 4383 118t),
1462 4292 1583 4383 Cyrill.

255 4400 353 4469 Ales.
374 4397 551 4489 (Glaphyr.
568 4396 606 4462 in
620 4400 676 4463 Ex.
693 4399 734 4463 Il.
754 4402 791 4477 t;
810 4398 858 4462 M.
872 4402 927 4462 69.
946 4400 1026 4477 t77;
1044 4435 1089 4446 -
1102 4399 1138 4463 ln
1155 4400 1207 4464 Os.
1225 4403 1250 4463 l.
1267 4404 1302 4477 53
1318 4402 1366 4465 M.
1379 4406 1434 4466 71.
1449 4404 1490 4469 [ιδ
1511 4420 1583 4491 sq.;

255 4549 299 4559 —
316 4512 353 4573 ln
373 4510 419 4573 lo.
448 4510 544 4587 o,53;
567 4505 613 4569 M.
641 4509 695 4569 73.
716 4502 822 4590 sva).
841 4502 880 4568 Mi
902 4508 1040 4592 praeter
1059 4506 1113 4570 Or.
1134 4525 1249 4570 omnes
1268 4504 1311 4571 de
1332 4506 1397 4572 hac
1416 4506 1520 4595 plaga
1534 4506 1585 4572 lo-

254 4619 409 4707 quuntur
431 4633 494 4702 per
528 4613 767 4690 transennam,
805 4630 918 4698 neque
952 4630 1027 4675 eam
1058 4608 1228 4698 explicare
1261 4612 1333 4680 ullo
1364 4612 1504 4680 nomine
1535 4617 1585 4680 at·

252 4725 397 4791 tentant.

294 4837 397 4897 Porro
415 4822 652 4893 inundationis
670 4828 824 4912 tempore
844 4823 1015 4912 plurimae
1035 4821 1222 4891 etiamnum
1248 4831 1434 4893 nascuntur
1457 4848 1582 4909 ranae,
