3534 5384
681 357 719 402 BE
740 358 833 401 LEPRA
854 358 1011 404 uououuu.

384 575 454 638 Lea:
468 570 669 660 interposita
682 570 723 638 de
739 572 835 661 lepra
850 570 1025 638 domorum
1045 577 1119 639 hev.
1137 580 1311 656 luas-53.

229 780 333 854 Quam
349 781 444 865 patet
457 798 527 842 non
540 797 610 842 esse
623 775 733 864 ipsam
744 775 923 843 hominum
939 777 1070 866 lepram
1081 777 1118 844 in
1131 778 1279 867 parietes
1290 783 1512 864 transfusam

186 881 354 950 eiusmodi
367 883 495 972 quippe
512 881 694 948 transfusio
706 903 777 948 non
794 883 846 950 fit.
863 887 904 948 ut
923 906 954 947 v.
973 888 1014 949 3AE
1035 883 1162 951 dicitur
1176 886 1262 952 haee
1276 887 1372 976 lepra
1385 887 1428 954 ab
1441 889 1515 978 ipso

186 995 254 1056 Deo
261 989 352 1080 porri
357 1043 367 1073 ,
387 988 480 1079 quod
501 989 614 1055 minus
633 993 711 1078 apte
732 990 964 1056 affirmaretur
983 988 1026 1055 de
1050 990 1154 1078 plaga
1177 992 1358 1060 hominum
1383 995 1517 1062 incuria

186 1097 365 1163 transfusa.
384 1094 601 1162 Probabilius
616 1095 822 1182 intelligitur
836 1095 1055 1184 nitrc'ficotio,
1071 1096 1156 1186 pall.
1177 1099 1386 1188 salpetrage,
1407 1123 1514 1190 parm.

186 1201 399 1282 llauerfrass,
424 1200 562 1291 quando
589 1206 709 1267 natron
733 1224 751 1268 e
775 1202 883 1268 muris
909 1202 1106 1286 efflorescit,
1130 1203 1311 1271 humorem
1338 1205 1514 1288 absorbet,

187 1310 298 1399 specie
311 1308 438 1398 alepra
447 1309 599 1374 humana
609 1307 704 1374 haud
714 1307 874 1376 absimili.
890 1313 944 1375 Est
957 1308 1097 1400 quidem
1109 1309 1305 1377 nitritieatio
1314 1311 1518 1403 plerumque

188 1415 285 1498 alba,
308 1421 342 1482 at
364 1414 468 1481 etiam
488 1413 673 1480 subviridis
700 1419 734 1480 et
757 1415 899 1482 subrufa
923 1434 930 1480 :
954 1415 996 1481 cf.
1017 1414 1213 1482 Friedrer'ed
1235 1422 1246 1483 l
1265 1423 1342 1485 aaa.
1360 1418 1515 1497 Obtinet,

187 1522 248 1589 ubi
274 1543 393 1589 murus
415 1521 450 1587 in
475 1520 596 1610 putida
614 1519 721 1586 humo
735 1525 923 1588 exstructus
939 1527 1004 1603 est,
1020 1524 1211 1612 corrumpit
1230 1545 1364 1606 aerem,
1381 1527 1519 1592 sanitati

188 1633 299 1695 nocet.
317 1632 371 1694 Est
383 1649 467 1713 ergo
482 1626 567 1693 haec
580 1627 633 1695 lex
648 1626 909 1714 sapientissima.
927 1631 1042 1715 Neque
1062 1634 1178 1695 tamen
1191 1629 1295 1696 huius
1307 1630 1425 1720 leprae
1443 1655 1519 1699 con-

188 1734 370 1802 fodiendae
389 1732 555 1822 primaria
569 1733 657 1800 ratio
673 1737 722 1799 est
732 1733 895 1821 :sanitatis
913 1733 1187 1818 incommodum,
1203 1735 1261 1802 sed
1280 1736 1516 1806 immunditia.

190 1841 274 1908 Hinc
286 1862 398 1928 neque
411 1838 516 1906 officit
528 1862 597 1920 eos,
612 1837 672 1928 qui
684 1838 775 1906 hano
788 1840 898 1926 legem
914 1839 1017 1928 primi
1027 1841 1065 1906 in
1077 1840 1218 1930 stirpem
1229 1842 1372 1910 electam
1383 1845 1519 1912 invexe-

189 1949 275 2028 rint,
293 1947 436 2013 fortasse
448 1945 599 2035 aliquam
608 1945 726 2034 leprae
743 1945 927 2012 domorum
942 1966 1020 2012 cum
1036 1947 1134 2037 lepra
1147 1947 1328 2014 hominum
1342 1951 1518 2039 physicam

189 2053 392 2121 affinitatem
410 2051 635 2142 supposuisse.
654 2057 734 2119 Erat
753 2051 818 2119 ista
836 2052 1020 2118 domorum
1044 2053 1142 2143 lepra
1162 2053 1282 2143 ntique
1301 2055 1518 2123 immundum

189 2159 289 2250 quid,
307 2165 447 2226 emerna
463 2159 576 2248 specie
592 2157 709 2247 leprae
725 2159 897 2224 humanae
910 2159 1030 2240 affine,
1047 2165 1081 2227 et
1090 2159 1135 2226 ob
1147 2160 1210 2227 has
1226 2161 1378 2228 rationes
1399 2164 1519 2229 merito

188 2265 424 2357 proscribitur.

232 2374 390 2440 Traditur
405 2395 438 2438 v.
455 2376 496 2439 aa
516 2372 604 2437 haec
618 2372 670 2438 lex
684 2393 747 2460 pro
761 2376 917 2462 tempore
936 2377 1048 2440 terrae
1063 2377 1201 2439 sauctae
1216 2374 1389 2459 subactae,
1405 2378 1468 2445 ubi
1483 2379 1519 2444 in

190 2479 349 2547 domibus
371 2478 561 2545 habitaturi
581 2481 679 2544 erant
703 2478 859 2545 Hebraei.
886 2483 1013 2546 Tamen
1037 2479 1189 2546 formula
1215 2495 1297 2546 turn
1315 2497 1344 2547 u
1362 2489 1440 2566 etc,
1463 2486 1519 2551 hio

189 2591 223 2654 et
242 2585 341 2668 alibi,
358 2586 471 2675 potuit
487 2584 605 2672 lloysis
620 2605 704 2651 aevo
718 2585 866 2680 praefigi
886 2585 957 2671 legi
975 2585 1180 2676 antiquiori,
1203 2610 1309 2676 quam
1330 2591 1398 2657 iam
1414 2597 1517 2658 antea

189 2693 332 2762 Hebraei
354 2692 390 2758 in
412 2690 659 2759 Chauaanitide
685 2692 737 2757 vel
762 2695 919 2781 Aegypto
946 2690 1143 2759 habitantes
1164 2693 1440 2778 observaverint,
1464 2698 1519 2763 vix

189 2806 304 2868 autem
323 2801 360 2864 in
381 2802 556 2886 Aegypto,
584 2818 627 2862 ne
648 2795 761 2863 dicam
783 2796 822 2863 in
840 2797 990 2880 deserto,
1013 2796 1197 2864 observare
1218 2801 1404 2887 potuerint.
1430 2804 1519 2869 Nihil

188 2907 296 3000 igitur
316 2904 497 2994 prohibet,
522 2902 708 2992 quominus
738 2902 852 2989 legem
874 2906 951 2970 Lev.
983 2908 1145 2985 ratu-53
1173 2907 1410 2992 praecedentis
1433 2909 1519 2994 legis

189 3015 402 3080 affirmemus
417 3031 486 3076 esse
506 3013 615 3076 aetate
639 3009 836 3097 aequalem,
853 3009 950 3075 cuius
969 3010 1080 3076 forma
1095 3010 1199 3078 etiam
1214 3018 1264 3078 est
1278 3013 1403 3080 affinis.
1428 3015 1520 3081 Licet

189 3119 298 3200 enim,
318 3115 411 3206 quod
425 3137 496 3182 non
513 3114 556 3181 de
571 3114 768 3181 hominibus
784 3114 845 3181 sed
859 3114 902 3181 de
918 3115 1079 3182 domibus
1092 3122 1190 3204 agat,
1208 3118 1369 3207 pluribus
1382 3142 1518 3210 expres-

189 3223 340 3293 sionibus
353 3246 374 3290 a
391 3219 614 3312 praecedente
628 3221 705 3308 lege
717 3221 908 3288 necessario
923 3221 1073 3303 differat,
1088 3223 1275 3290 universim
1295 3231 1410 3293 tamen
1433 3250 1518 3295 eun-

190 3334 269 3400 dem
287 3329 442 3398 ordinem
459 3327 612 3417 seqnitur
631 3350 640 3393 ε
661 3350 694 3395 v.
722 3334 764 3396 ἱι8
789 3351 880 3394 nova
896 3330 1137 3418 paragraphus
1151 3329 1286 3398 orditur
1309 3353 1329 3398 a
1345 3349 1421 3408 unu
1444 3357 1519 3400 ver-

189 3442 274 3509 bum
293 3454 357 3504 unt
372 3436 480 3502 habes
493 3458 526 3501 v.
542 3441 597 3501 36.
612 3441 666 3504 37.
681 3441 734 3502 39.
752 3442 806 3502 tt.
821 3441 881 3516 t83
895 3435 1081 3502 formulam
1098 3452 1155 3501 nm
1171 3451 1292 3502 ntum
1307 3453 1390 3507 ntur
1408 3464 1440 3506 v.
1460 3446 1515 3507 ut.

190 3555 301 3618 Unum
315 3543 504 3614 notabilius
522 3540 793 3630 deprehenditur
807 3541 1004 3608 discrimen.
1021 3546 1058 3606 V.
1082 3547 1124 3609 at
1140 3543 1216 3610 loco
1233 3544 1324 3627 eius,
1342 3567 1447 3636 quam
1462 3570 1519 3612 ex-

189 3654 367 3745 spectabas
381 3647 693 3741 expressionisnu:
709 3664 780 3714 mur
795 3663 823 3712 '2
834 3662 917 3716 uvir
932 3661 1008 3722 tau,
1020 3647 1127 3715 habes
1138 3649 1242 3716 aliam
1256 3666 1340 3719 nutv
1356 3667 1408 3721 tur
1430 3668 1517 3716 'nnn

190 3778 271 3828 nra:
297 3783 366 3851 qua
386 3761 473 3826 haec
491 3757 596 3846 plaga
613 3758 804 3825 affirmatur
825 3754 1058 3822 immediatius
1078 3756 1180 3822 ctiam
1203 3779 1307 3845 quam
1328 3759 1404 3848 ipsa
1425 3759 1516 3848 lepra

192 3870 456 3938 humanaaDeo
476 3864 675 3954 procedere,
697 3883 776 3928 enm
797 3861 842 3928 ab
863 3860 937 3950 ipso
959 3861 1167 3952 imponatur,
1186 3862 1270 3930 dum
1291 3865 1351 3930 illa
1371 3864 1520 3932 hominis

191 3979 330 4066 peccato
351 3978 411 4040 aut
431 3971 665 4062 imprudentia
688 3968 820 4035 incurri
839 3973 954 4057 queat.
972 3973 1019 4034 lla
1037 3969 1209 4058 expressio
1224 3971 1319 4037 haud
1332 3971 1425 4037 lavet
1444 3972 1519 4060 opi-

192 4082 289 4151 nioni
308 4081 513 4161 dicentium,
537 4083 687 4144 nostram
706 4075 821 4161 legem
843 4095 1037 4164 supponere
1059 4075 1240 4143 domorum
1256 4077 1390 4166 lepram
1406 4084 1520 4144 conta-

193 4189 296 4276 gione
311 4186 460 4255 derivari
479 4186 522 4254 ab
538 4181 737 4251 hominibus
751 4181 905 4271 leprosis.

521 4435 547 4472 a.
569 4423 610 4472 uo
628 4421 712 4471 domo
730 4419 809 4481 lepra
826 4417 931 4467 infacta
949 4417 1017 4468 Lev.
1042 4418 1185 4469 rara-45.

236 4621 321 4707 try.
338 4655 382 4666 -
400 4621 522 4682 Domus
546 4613 673 4679 infecta
696 4634 717 4678 a
736 4611 912 4678 sacerdote
938 4610 1130 4678 claudatur.
1155 4611 1275 4701 Elapso
1295 4613 1469 4702 septiduo,
1494 4616 1519 4678 si

194 4724 340 4793 creverit
364 4722 478 4812 lepra,
500 4717 673 4808 lapidibus
694 4716 827 4784 infectis
854 4715 914 4781 alii
942 4715 1205 4799 substituantur,
1228 4717 1381 4807 reliquus
1406 4741 1523 4786 murus
