3534 5384
1516 440 1517 443 ,
1663 386 1762 454 Pii

738 484 789 528 rx.
813 469 881 539 rou
907 482 971 536 soo-
1080 496 1082 501 v
1462 470 1533 531 rou*
1580 544 1581 547 Ν

189 615 321 699 maredo
344 628 378 683 et
393 616 566 699 tonitrua,
583 618 681 683 aurit
693 628 876 705 peceatum
894 644 926 697 o,
944 622 1038 685 v.'35
1063 645 1078 678 ι(
1098 628 1128 683 et
1149 616 1370 707 ingravatum
1390 632 1439 686 cst
1459 642 1516 687 eor
1580 606 1589 657 s
1601 597 1761 716 ‘‚

186 723 258 790 eires
272 736 304 789 et
318 745 492 790 semomm
506 722 617 809 illius,
636 736 669 788 et
684 722 886 790 induratum
905 722 1031 807 uiritim·
1044 745 1106 791 uec
1126 723 1258 791 dimisit
1276 724 1369 814 [ilios
1388 727 1511 813 lsrael,

186 830 275 896 sicut
285 842 505 921 praeceperat
517 829 682 897 Dominus
690 852 756 921 per
766 851 908 897 muntem
923 830 1037 919 Moysi
1052 859 1082 897 ».

618 1062 650 1104 θα
660 1062 756 1116 plaga:
773 1062 895 1105 locutae
907 1061 955 1105 lix.
968 1063 1087 1112 iod-20.

228 1232 313 1319 Arq.
331 1268 375 1280 -
399 1235 599 1297 Portentum
625 1230 663 1297 in
684 1231 750 1297 hoc
773 1230 894 1319 utique
919 1230 1084 1311 cernitur,
1110 1232 1204 1321 quod
1226 1232 1351 1321 plagae
1382 1237 1517 1323 tempus
1613 1231 1765 1326 ,ἵ

189 1340 232 1426 (v.
257 1340 290 1425 t)
314 1343 348 1404 et
369 1336 573 1424 magnitudo
596 1338 643 1425 (v.
669 1340 700 1422 6)
725 1342 884 1405 accurate
910 1336 1207 1427 praenuntientur,
1226 1338 1387 1428 qnodque
1410 1362 1451 1407 ea
1474 1340 1519 1406 ad

184 1444 302 1531 Moysis
315 1450 439 1511 nutum
459 1442 601 1533 incipiat
619 1442 808 1535 eodemque
832 1449 953 1511 orante
974 1449 1092 1513 cesset.
1110 1444 1173 1512 Ubi
1195 1449 1324 1533 Moyses
1339 1448 1429 1513 hanc
1444 1445 1519 1537 pla·
1613 1508 1614 1511 ,
1651 1432 1657 1497 l
1683 1434 1754 1535 lii-¹¹.

1693 1528 1724 1561 ω’
1736 1533 1760 1572 ai

184 1572 266 1637 gam
279 1549 509 1618 comminatus
527 1553 592 1631 est,
609 1550 742 1617 Pharao
756 1549 840 1639 ipsis
859 1550 980 1617 aulicis
999 1550 1286 1641 compellentibus
1303 1574 1338 1619 se
1357 1559 1517 1642 paratum

183 1656 411 1746 profitebatur
428 1658 474 1724 ad
488 1656 575 1723 solos
593 1656 688 1723 viros
706 1655 877 1723 Israelitas
897 1657 934 1724 in
952 1657 1125 1724 desertum
1141 1656 1380 1743 dimittendos;
1400 1664 1520 1726 exorta

185 1764 290 1853 plaga
303 1763 422 1850 Moysis
436 1763 717 1830 intercessionem
732 1762 905 1830 sollicitat.

223 1978 411 2043 Sequentihus
430 1978 557 2030 diversos
575 1983 704 2030 auctores
728 1977 913 2043 deprehendit
932 1978 1025 2029 Dittm.
1046 1980 1089 2029 his
1109 1980 1192 2029 nixus
1215 1980 1381 2031 rationibus.
1402 1980 1426 2046 l)
1448 1981 1519 2033 Dum

185 2080 280 2129 secus,
297 2068 345 2118 ubi
362 2067 437 2118 Deus
446 2069 528 2131 jussit
542 2067 658 2131 Moysen
670 2067 780 2131 ingredi
794 2067 831 2119 ad
845 2068 1032 2129 Pharaonem,
1045 2067 1120 2117 illico
1136 2068 1222 2119 etiam
1238 2068 1304 2133 quid
1319 2068 1430 2132 Moyses
1447 2070 1521 2121 Pha·

185 2158 265 2207 raoni
277 2157 369 2208 dicere
382 2156 483 2207 debeat
495 2157 653 2220 sirhiungit,
667 2158 697 2206 h.
710 2156 730 2205 l.
743 2156 819 2207 istud
831 2157 945 2207 nonnisi
957 2169 985 2206 v.
998 2156 1012 2205 3
1024 2156 1179 2207 subiicitur.
1192 2156 1360 2221 Respondeo
1374 2172 1380 2206 :
1394 2160 1453 2208 tota
1463 2157 1518 2208 dit·

186 2245 308 2306 nouitas,
325 2245 572 2310 quantulacunque
594 2257 628 2295 ea
650 2244 763 2296 demum
790 2245 843 2305 slt,
868 2244 1026 2304 evanescit,
1052 2244 1203 2295 dummodo
1230 2246 1360 2297 advertas
1375 2260 1403 2296 v.
1429 2246 1443 2296 3
1468 2259 1520 2311 pro

185 2313 250 2390 uia
264 2338 368 2393 iinu'i
384 2339 463 2393 utin
479 2312 518 2390 hu
536 2338 623 2418 liniti
645 2339 721 2390 stum
743 2339 811 2388 uzu
837 2335 910 2383 Sem.
937 2334 1032 2397 legere
1047 2338 1125 2393 iiiiii
1138 2313 1178 2389 hu
1199 2338 1301 2391 liniti.
1321 2332 1345 2400 t)
1366 2348 1394 2385 v.
1411 2335 1422 2385 l
1441 2347 1520 2399 »ego

185 2424 261 2473 enim
275 2423 404 2474 indurari
417 2426 472 2475 etc.
488 2437 500 2471 r
516 2435 602 2474 sensu
615 2425 707 2484 earet,
723 2422 778 2473 nisi
791 2426 856 2486 post
878 2437 890 2470 r
914 2422 1066 2486 Ingredere
1085 2420 1119 2473 ad
1144 2421 1322 2475 Pharaonem
1348 2440 1359 2471 s
1388 2424 1521 2489 suppleas

187 2513 240 2562 rei
254 2524 357 2562 novam
370 2512 507 2563 annuntia
519 2512 632 2575 plagam
649 2528 673 2561 a.
690 2510 868 2574 Respondeo,
883 2509 911 2583 id
921 2501 1020 2575 reapse
1034 2509 1167 2561 lacillime
1178 2513 1313 2576 suppleri.
1331 2510 1357 2576 3)
1370 2526 1398 2565 v.
1416 2512 1426 2563 i
1444 2512 1520 2563 Deus

186 2600 286 2651 dieitur
300 2598 446 2651 indurasse
459 2612 507 2651 cor
522 2600 789 2660 Pharaonis,·secus
802 2599 905 2650 dicitnr
924 2599 1035 2649 Pharao
1054 2599 1115 2663 lpse
1136 2599 1206 2650 illud
1227 2600 1368 2651 indurare.
1390 2601 1520 2665 Respon-

186 2688 238 2739 dao
252 2702 259 2739 :
275 2701 311 2739 ne
320 2691 368 2739 ‘tot
380 2689 485 2739 nuntiis
498 2690 639 2739 incassum
650 2688 767 2751 perlatis
776 2686 881 2751 Moysis
894 2686 1005 2739 istiscat
1014 2688 1139 2748 animus,
1156 2687 1231 2739 Deus
1244 2689 1367 2740 ostendit
1380 2688 1520 2740 inielicem
1582 2706 1586 2719 ·

185 2779 309 2841 priorum
327 2779 490 2828 nuntiorum
508 2790 670 2828 successum
686 2789 744 2826 noa
759 2777 813 2827 soll
831 2775 989 2837 Pharaoni,
1006 2774 1056 2826 sed
1071 2775 1131 2827 Deo
1145 2776 1212 2826 item
1231 2778 1438 2841 sapientissime
1453 2790 1519 2841 pro-

186 2866 293 2917 videnti
308 2879 372 2917 esse
385 2865 615 2918 attribuendum..

233 3062 318 3148 Cup.
334 3060 368 3123 X
381 3080 411 3124 v.
431 3063 446 3124 1
467 3084 484 3119 a
501 3059 547 3124 m
561 3056 650 3124 dicit
665 3057 830 3123 Domiuus
849 3056 898 3122 ud
915 3060 1057 3146 Moysen
1073 3078 1085 3121 .·
1100 3055 1281 3146 Inqredere
1301 3054 1349 3122 ud
1365 3054 1519 3124 Pharao·

184 3186 274 3231 urm.
291 3166 367 3253 Epo
383 3164 476 3231 euim
490 3162 656 3231 indurari
679 3184 736 3230 cor
755 3163 829 3228 eius
848 3177 883 3229 et
900 3185 1076 3230 seruorum
1092 3162 1202 3246 illius,
1221 3174 1260 3230 ut
1267 3165 1403 3253 focium
1416 3162 1518 3252 siqrm

184 3293 261 3339 mee
273 3271 357 3338 duee
373 3270 411 3337 iu
426 3293 463 3336 ee
481 3298 512 3352 o,
530 3291 562 3337 v.
586 3276 608 3335 2
635 3297 650 3331 a
672 3281 706 3335 et
724 3297 740 3330 »
762 3281 801 3336 ut
819 3296 836 3330 a
857 3292 975 3337 narres
990 3269 1028 3336 iu
1049 3269 1191 3337 uteribus
1207 3269 1277 3359 fita·
1288 3269 1346 3336 tiri
1365 3284 1398 3337 et
1416 3292 1519 3359 nepo-

185 3388 257 3444 tum
277 3389 428 3460 tuorum,
447 3376 579 3467 quoties
593 3374 813 3443 contriverim
826 3376 1015 3466 Aeqyptios
1035 3402 1051 3437 »
1059 3429 1069 3460 ,
1088 3414 1132 3425 -
1146 3378 1248 3443 Hebr.
1267 3376 1315 3443 eis
1329 3375 1511 3457 illuserim,

183 3484 227 3551 cl.
246 3492 263 3551 1
279 3488 365 3571 Reg.
381 3490 455 3566 6,6;
472 3504 582 3573 qerm.
601 3504 614 3548 .·
630 3481 744 3548 einem
757 3482 839 3549 libel
856 3482 1050 3573 mitspielen
1068 3522 1112 3531 -
1129 3508 1145 3543 a
1167 3493 1199 3548 et
1213 3482 1317 3573 siqua
1336 3504 1410 3549 ntea
1420 3487 1518 3573 feee-

184 3590 252 3656 rim
272 3592 310 3656 iu
336 3588 404 3671 eie,
421 3602 454 3656 et
478 3588 613 3674 scietis,
632 3588 716 3679 quie
737 3610 800 3677 eqo
824 3588 991 3655 Dominus
1008 3616 1038 3655 ».
1055 3602 1153 3681 sarpa
1169 3588 1207 3655 iu
1228 3588 1339 3655 medio
1361 3589 1449 3675 eires,
1469 3612 1517 3655 sc.

183 3696 343 3787 Aegypti,
357 3694 451 3786 quod
461 3696 600 3782 ignorat
612 3694 727 3781 Vulg.;
742 3696 834 3761 LXX
846 3693 968 3762 cteta.
986 3696 1065 3785 Syr.
1085 3710 1205 3788 nup:-
1220 3700 1293 3763 Non
1312 3701 1381 3762 tam
1392 3696 1520 3761 iutura

184 3801 260 3893 (Syl
283 3800 718 3892 .)induratiopraedicitur,
730 3822 835 3889 quam
844 3800 1048 3890 praeteritae
1056 3801 1144 3867 ratio
1153 3802 1330 3892 panditur,
1340 3824 1383 3868 ne
1395 3808 1518 3888 Moyses

183 3908 297 3975 taedio
307 3908 488 3976 afficiatur.
501 3931 533 3975 v.
547 3913 566 3973 3
579 3937 594 3968 a
606 3906 819 3973 lutroiemut
828 3928 909 3997 erqo
921 3910 1054 3996 Moyses
1064 3920 1096 3973 ct
1106 3909 1223 3974 Aaron
1234 3907 1281 3975 ed
1288 3909 1515 3992 Pharaonem,
1588 3972 1590 3977 ,

182 4027 216 4080 et
230 4014 394 4083 diuersum
406 4015 441 4082 ei
457 4037 470 4081 .·
490 4017 583 4081 Haec
598 4011 684 4079 dicit
697 4012 865 4080 Dominus
880 4017 971 4080 Deus
986 4015 1218 4081 Hebraeorum
1229 4036 1242 4079 .·
1256 4018 1432 4103 Usquequo
1447 4036 1518 4099 aare

183 4122 236 4188 uis
250 4120 373 4189 subiici
387 4120 497 4187 miti?
510 4119 656 4187 Dimitte
671 4117 843 4210 populum
864 4141 979 4186 meum
989 4173 998 4205 ‚
1017 4133 1056 4187 ut
1075 4120 1241 4211 sacrificet
1260 4119 1347 4186 miti
1361 4148 1392 4187 a.
1410 4122 1519 4207 igitur

182 4229 294 4309 Sum,
310 4228 408 4296 initio
422 4234 489 4295 ue
511 4226 692 4294 lectionem
717 4226 849 4293 habens
873 4248 978 4315 quam
1000 4248 1104 4317 supra
1129 4226 1378 4307 recensuimus,
1402 4227 1517 4294 omnia

181 4335 289 4401 verba
300 4356 406 4424 nsque
415 4332 461 4401 ad
469 4331 558 4400 illud
567 4354 600 4399 v.
614 4339 633 4399 6
647 4359 663 4393 a
675 4334 874 4421 Avertitque
886 4355 921 4399 se
932 4339 997 4400 etc.
1014 4360 1029 4393 l
1043 4333 1080 4399 in
1089 4356 1147 4401 ore
1156 4332 1215 4400 Dei
1222 4332 1321 4424 ponit
1330 4332 1374 4399 ad
1383 4340 1515 4422 Moysen

181 4442 369 4529 loquentis3
385 4439 468 4507 dein
481 4441 597 4529 pergit
614 4464 631 4501 a
647 4439 856 4506 introierunt
869 4460 953 4527 ergo
969 4444 1033 4507 etc.
1054 4467 1083 4522 »,
1101 4448 1135 4507 et
1150 4438 1266 4507 omnia
1281 4461 1312 4505 v.
1327 4446 1384 4506 3-6
1398 4462 1517 4506 ,rursus

181 4547 389 4615 verbotenus
411 4547 536 4636 repetit
555 4552 732 4635 tamquam
759 4567 799 4611 ex
821 4567 880 4612 ore
902 4550 1020 4633 Moysis
1042 4552 1075 4612 et
1098 4550 1211 4613 Aaron
1237 4545 1282 4612 ad
1302 4547 1515 4613 Pharaonem

182 4655 347 4745 proiecta.
360 4676 394 4720 v.
407 4659 426 4719 l
441 4683 456 4714 ιι
468 4653 532 4721 sia
542 4663 658 4718 autem
672 4650 801 4717 resistis
814 4664 845 4718 et
859 4674 930 4718 riou
943 4652 993 4718 eis
1008 4652 1180 4719 dimittere
1195 4675 1285 4735 curn,
1300 4675 1373 4718 ecce
1386 4674 1446 4741 eqo
1465 4652 1516 4717 in·

182 4758 306 4827 ducum
321 4759 571 4827 crosloeustom
581 4759 618 4824 iu
625 4757 712 4846 fines
723 4769 798 4823 tuos
809 4784 838 4842 a,
853 4764 917 4824 v.5
934 4784 950 4819 a
964 4780 1053 4848 quae
1068 4758 1202 4847 operiat
1215 4757 1432 4848 saeperficiem
1448 4768 1515 4822 ter·
1607 4749 1652 4861 i

182 4888 258 4948 roe,
275 4864 521 4956 nequidquam
535 4865 803 4953 eiusuppareot,
817 4863 878 4931 sed
893 4862 1091 4930 comedatur
1103 4862 1197 4954 quod
1212 4862 1387 4929 residuum
1402 4862 1515 4949 feeerit
1613 4865 1640 4911 ’ἢ
