3534 5384
757 345 805 389 rx.
829 328 921 399 aser
944 342 1007 395 su.
1269 394 1270 397 Ν
1484 302 1542 387 ses

211 476 423 543 coniecturas
440 475 615 562 effingere.
637 476 838 565 Sequentia,
856 498 944 566 quae
962 475 1080 562 magni
1104 480 1183 541 sunt
1203 474 1384 557 momenti,
1402 474 1543 542 distinc-

209 583 277 649 tius
302 579 403 647 Hebe.
428 580 534 647 tradit
558 604 566 650 :
590 594 622 648 ct
646 581 965 649 consecrabitur-
982 596 1089 673 erpi:
1118 600 1190 648 uon
1218 581 1366 648 habetur
1397 582 1542 649 verbum

211 686 364 777 uupendi
378 692 438 754 aut
452 686 619 778 implendi
633 711 757 755 neantes
770 729 815 739 —
830 690 900 779 ipse
913 702 946 755 ct
963 701 1067 755 uestes
1081 687 1166 768 eius,
1185 699 1216 753 ct
1226 687 1296 776 filii
1309 686 1381 753 eius
1393 700 1426 753 ct
1440 700 1543 755 uestes

208 795 363 883 filiorum
388 794 463 860 eius
484 816 562 861 cum
586 795 669 885 apso.
696 826 711 857 a
739 794 1018 884 consecratisque
1042 793 1127 884 ipsis
1156 804 1188 859 ct
1214 794 1359 859 restibus
1382 821 1415 877 u,
1442 817 1474 859 v.
1500 801 1542 860 ni

212 928 228 961 u
252 900 347 968 tolles
364 898 501 989 adipem
523 904 568 968 dc
586 900 692 969 ariete
713 929 746 985 »,
770 941 813 952 —
835 901 1028 988 generatim
1043 900 1194 990 primum
1208 900 1312 989 adeps
1329 900 1539 982 nominatur,

211 1007 290 1073 dein
306 1006 462 1093 singulae
480 1006 555 1073 eius
573 1013 687 1096 partes
705 1012 926 1075 recensentur
945 1006 1085 1074 eaedem
1102 1014 1204 1095 atque
1219 1030 1252 1071 v.
1274 1012 1326 1088 13,
1346 1008 1470 1095 quibus
1483 1008 1541 1073 ad-

210 1114 303 1180 ditur
316 1112 441 1193 cauda,
459 1136 547 1203 quae
562 1114 598 1180 in
612 1114 756 1181 Orientis
768 1114 889 1181 ovibus
903 1113 989 1181 solet
1004 1135 1076 1180 esse
1094 1112 1321 1203 pinguissima
1337 1110 1417 1201 (oct
1455 1112 1478 1200 .)
1498 1154 1542 1161 -

212 1247 228 1280 «
251 1231 284 1285 ct
302 1218 451 1287 euredum
471 1232 503 1285 et
526 1220 700 1304 aruinam,
718 1243 805 1310 quoe
824 1220 934 1310 operit
955 1218 1077 1287 uitalia
1103 1248 1137 1302 »,
1161 1258 1206 1269 —-
1230 1218 1350 1285 eadem
1373 1220 1541 1308 expressio

209 1347 241 1391 v.
262 1331 301 1392 13
315 1325 512 1393 vertebatur
531 1326 717 1417 «adipem,
735 1325 796 1416 qui
811 1328 923 1417 operit
938 1326 1100 1393 intestina
1114 1353 1130 1389 u
1146 1364 1189 1374 -
1206 1353 1221 1387 «
1236 1347 1276 1392 oc
1294 1324 1476 1392 reticulum
1494 1327 1541 1392 ie-

214 1432 300 1498 coris
318 1445 351 1498 ct
365 1432 450 1499 duos
462 1454 559 1499 renes
573 1444 678 1524 etque
694 1432 849 1523 adipem,
864 1432 926 1523 qui
942 1454 1045 1523 super
1059 1454 1113 1499 eos
1126 1444 1193 1515 cst,
1213 1454 1415 1521 armumque
1429 1431 1541 1499 deute-

211 1560 305 1622 rum,
323 1561 362 1606 eo
382 1539 477 1625 quod
486 1538 533 1605 sit
549 1539 639 1607 aries
658 1538 921 1607 consecrationis
943 1561 980 1621 »;
1001 1539 1038 1604 in
1051 1537 1194 1627 reliquis
1209 1538 1300 1605 enim
1316 1538 1466 1627 pacificis
1480 1540 1539 1605 ille

213 1666 329 1710 armus
342 1667 413 1712 non
429 1645 695 1712 comburebatur
717 1645 881 1733 (Bonsr.);
896 1684 940 1695 -
953 1650 986 1712 et
999 1650 1096 1727 nota,
1113 1649 1191 1712 Lev.
1215 1650 1307 1727 832,
1333 1644 1393 1711 ubi
1408 1644 1451 1711 de
1474 1646 1540 1711 hoc

209 1751 315 1817 ariete
337 1751 396 1838 agi
414 1750 550 1841 incipit,
568 1773 647 1819 eum
665 1753 735 1819 iam
761 1754 876 1819 vocari
894 1740 1022 1817 :stubba
1037 1739 1108 1825 bru,
1125 1750 1178 1819 uti
1200 1750 1352 1840 priorem
1368 1773 1399 1817 r.
1430 1757 1470 1818 18
1485 1749 1538 1824 tm

209 1854 291 1934 utun
306 1895 351 1908 —-
372 1879 406 1926 v.
424 1863 465 1925 23
484 1886 501 1918 «
516 1870 709 1947 tortumque
716 1857 823 1948 punis
835 1858 939 1925 cenius
951 1886 981 1939 u,
994 1880 1105 1926 ——seu
1117 1856 1231 1924 verius
1243 1878 1348 1925 unam
1358 1896 1401 1907 -
1419 1883 1435 1917 ι(
1450 1880 1540 1922 crus-

208 1962 316 2029 tulum
329 1985 542 2054 conspersam
555 1963 628 2031 oleo
645 1992 661 2026 u
680 1986 804 2045 unam,
822 1992 838 2025 «
854 1964 1020 2053 lupunum
1037 1990 1054 2027 n
1073 1985 1182 2029 unum
1203 1990 1219 2023 u
1236 1962 1277 2029 dc
1293 1963 1441 2031 canistro
1457 1987 1538 2049 orp-

209 2092 360 2152 morum,
377 2068 470 2160 quod
483 2070 635 2160 positum
653 2082 702 2137 est
724 2071 760 2137 in
787 2083 968 2159 conspectu
984 2070 1124 2137 Domini
1141 2090 1174 2150 »;
1192 2092 1225 2136 v.
1255 2076 1296 2138 ii
1325 2096 1341 2132 u
1366 2091 1539 2159 ponesque

208 2176 325 2243 omnia
338 2199 440 2266 super
456 2198 576 2243 neonus
589 2205 605 2239 »
621 2199 681 2244 seu
694 2178 787 2243 volas
805 2206 820 2238 u
836 2181 955 2244 Aaron
974 2188 1006 2244 ct
1020 2175 1174 2267 filiorum
1190 2176 1278 2261 eires,
1299 2188 1332 2243 et
1347 2176 1538 2265 sonctifica-

208 2281 257 2348 bis
274 2294 330 2348 eos
345 2282 480 2350 elevans
504 2305 619 2352 coram
639 2284 785 2349 Domino
807 2312 837 2350 u.
859 2283 926 2350 Sed
940 2282 1040 2351 chr.
1062 2283 1112 2349 nil
1134 2282 1177 2349 de
1190 2282 1462 2371 sanctificatione
1477 2284 1537 2349 ha-

206 2389 285 2472 bet,
298 2388 358 2456 sed
381 2411 389 2457 :
409 2402 442 2456 ct
470 2389 617 2480 cpitobis
636 2412 676 2457 ec
702 2390 896 2479 upitotione
918 2412 1032 2457 corum
1055 2390 1213 2457 Domino.
1232 2395 1312 2457 Erat
1324 2390 1414 2457 enim
1434 2389 1471 2455 in
1488 2412 1539 2455 sa·

205 2494 343 2562 orificiis
356 2496 587 2563 Hebraeorum
601 2495 687 2563 ritus
701 2496 814 2563 affinis
827 2497 911 2564 ritui
924 2496 1037 2564 Missae
1047 2496 1134 2586 (Su),
1148 2518 1216 2586 quo
1231 2496 1347 2562 oblata
1360 2496 1538 2563 elevantur

205 2606 239 2667 et
265 2602 302 2668 in
326 2602 436 2669 crucis
458 2603 609 2690 figuram
634 2604 929 2689 circumaguntur.
955 2608 1026 2669 lmo
1054 2602 1150 2669 adest
1174 2602 1315 2670 traditio
1337 2602 1534 2685 rabbinica,

206 2707 417 2775 consuevisse
436 2707 552 2776 oblata
566 2710 694 2777 moveri
708 2710 752 2775 ab
768 2707 900 2775 oriente
915 2709 961 2775 ad
977 2708 1204 2787 occidentem,
1221 2731 1260 2775 ao
1274 2708 1354 2775 dein
1368 2731 1389 2775 a
1401 2716 1536 2797 septen-

205 2815 314 2881 trione
337 2815 382 2881 ad
408 2814 584 2882 meridiem
601 2815 728 2905 (Vct),
750 2837 818 2905 quo
837 2814 974 2904 plenior
1006 2814 1109 2881 etiam
1141 2814 1233 2901 signi
1261 2815 1370 2881 erucis
1388 2813 1535 2879 imitatio

203 2919 409 2988 habebatur.
427 2944 458 2986 v.
479 2928 521 2989 25
544 2949 560 2981 «
587 2921 829 3011 suscipiesque
852 2920 1012 2987 universo
1036 2920 1078 2987 de
1099 2920 1260 2987 manibus
1279 2941 1395 2986 corum
1403 2972 1416 3003 ,
1433 2932 1466 2986 et
1484 2921 1534 2985 in-

208 3025 436 3116 cendessuper
455 3026 565 3094 ultore
577 3030 614 3094 in
629 3026 876 3111 holocaustum,
894 3027 1029 3094 odorem
1043 3026 1285 3093 suavissimum
1301 3026 1337 3093 in
1352 3038 1533 3114 conspectu

208 3131 362 3216 Domini,
378 3132 464 3223 quio
483 3133 608 3200 oblatio
624 3134 696 3201 eius
715 3146 764 3200 est
781 3160 813 3202 ».

240 3304 296 3355 Sed
309 3318 367 3355 non
381 3305 538 3355 incenditur
552 3307 583 3355 tn
596 3304 794 3367 holocaustum,
808 3306 930 3369 primum
943 3308 1009 3369 quie
1024 3319 1082 3356 non
1096 3311 1139 3357 eat
1151 3306 1362 3367 holocaustum,
1377 3304 1427 3357 sed
1442 3307 1534 3357 hostia

202 3392 333 3457 pacilius,
346 3393 412 3443 dein
431 3394 499 3457 quia
516 3405 573 3443 non
587 3396 691 3458 legitur
704 3396 747 3445 uti
762 3410 788 3444 v.
809 3394 840 3445 ia
858 3374 930 3454 nbi,
947 3394 997 3445 sed
1012 3374 1071 3453 nbi
1090 3374 1136 3453 Ltit·
1154 3394 1303 3458 Explicant
1317 3395 1380 3443 iii
1393 3407 1475 3459 srepcr
1490 3395 1533 3442 ut-

204 3488 260 3530 tore
280 3482 441 3543 holocausti,
458 3482 533 3545 quod
552 3495 584 3533 re
603 3488 679 3534 certe
697 3485 741 3535 est
765 3496 872 3535 verum.
894 3482 1052 3533 Hebraeum
1073 3486 1152 3533 verte
1172 3496 1253 3547 super
1274 3482 1456 3533 holocaustum
1471 3498 1478 3531 .·
1492 3483 1533 3532 illi

203 3570 327 3621 nondum
341 3571 424 3636 plane
438 3574 604 3636 consumpto
615 3572 810 3636 imponebatur
822 3568 920 3640 (Cati,
936 3574 986 3622 aut
1006 3570 1106 3623 eodem
1125 3575 1210 3635 atque
1223 3571 1293 3621 iliud
1307 3572 1368 3623 loeo
1384 3584 1532 3623 consume·

202 3658 294 3709 batur.
307 3658 375 3710 Lev.
389 3660 452 3721 8,28
466 3660 501 3710 de
515 3660 614 3711 eodem
629 3660 766 3712 sacrificio
780 3673 869 3724 agens
882 3662 924 3711 sie
937 3660 1023 3711 habet
1036 3673 1043 3710 :
1055 3672 1137 3725 super
1152 3658 1354 3719 holocaustum·
1368 3663 1531 3711 consecratio

203 3746 266 3796 hoec
285 3754 336 3808 cst,
353 3750 373 3799 i.
393 3762 418 3799 e.
437 3751 657 3800 consecrationis
675 3749 856 3811 sacrificium,
872 3750 903 3799 in
922 3750 1028 3799 odorem
1045 3749 1207 3809 suooitotts;
1221 3749 1330 3797 uictima
1346 3749 1409 3799 hoec
1429 3758 1465 3799 est
1486 3750 1531 3797 lto-

200 3836 283 3885 uu'no.
294 3836 369 3886 Haec
383 3838 508 3887 clausula
521 3838 723 3901 correspondet
736 3837 871 3888 clausulis
886 3851 912 3887 v.
928 3836 968 3889 ii.
984 3836 1025 3887 ts.
1037 3864 1073 3874 -
1084 3842 1162 3921 ptri,
1174 3850 1190 3887 a
1204 3838 1299 3888 radice
1316 3836 1532 3900 significationis

200 3937 319 3986 currere,
331 3938 400 3989 ergo
415 3940 475 3975 crus
486 3940 495 3975 :
506 3931 534 3976 et
550 3925 664 3990 quidem
673 3926 802 3990 designat
815 3926 942 3977 membra
956 3928 1128 3990 posteriore,
1144 3938 1208 3976 oum
1222 3926 1365 3976 anteriora
1374 3928 1403 3975 iu
1418 3926 1532 3976 homine

204 4014 244 4061 uti
259 4014 288 4062 in
303 4013 470 4063 animalibus
483 4019 535 4073 ΥΠ
553 4016 698 4065 vocentur.
713 4014 787 4077 Ergo
801 4015 914 4078 proprie
928 4026 986 4064 non
1002 4019 1045 4065 est
1060 4027 1154 4063 ornus
1169 4024 1221 4064 seu
1238 4010 1349 4081 βραχίων
1368 4010 1463 4079 (ΗΧ);
1481 4013 1531 4062 seri

200 4112 292 4164 neque
305 4098 387 4169 κνήμη
403 4100 491 4169 (toa),
508 4115 580 4166 quae
595 4104 716 4166 estpars
730 4104 819 4153 cruris
832 4102 957 4163 interior,
973 4104 1120 4152 minimum
1145 4102 1253 4153 hahens
1268 4104 1359 4152 earnis
1374 4103 1401 4152 et
1415 4101 1505 4165 adipis
1523 4116 1528 4150 :

203 4188 268 4239 dum
284 4195 346 4273 pilii
359 4190 504 4242 evidenter
517 4193 553 4242 sit
568 4203 632 4256 pars
648 4192 824 4253 succulenta,
841 4203 911 4255 ergo
925 4176 973 4242 adt
990 4196 1080 4242 totum
1095 4203 1159 4242 erus
1173 4191 1314 4255 posterius
1329 4192 1377 4241 aut
1391 4192 1451 4241 eius
1465 4204 1531 4254 pars

201 4281 337 4341 superior.
354 4278 414 4329 Hoc
436 4280 523 4330 semel
548 4280 692 4332 monuisse
711 4278 831 4331 sufficiat
847 4294 854 4330 ε
870 4280 1052 4344 sequentibus
1072 4279 1211 4343 vulgatae
1230 4292 1330 4331 vocem
1354 4293 1444 4330 armus
1462 4282 1529 4329 reti-

200 4379 309 4418 nemus,
545 4372 550 4381 ’

244 4537 277 4581 v.
297 4521 340 4582 io
361 4541 377 4575 ι(
394 4516 515 4583 Sumes
531 4539 666 4607 quoque
681 4516 917 4607 pectusculum
942 4517 982 4584 de
997 4516 1119 4599 ariete,
1138 4538 1204 4607 quo
1221 4516 1380 4583 initiatus
1395 4530 1443 4583 est
1463 4521 1529 4582 Ao-

202 4643 282 4703 ron,
304 4620 621 4713 [sanctificabisque]
639 4622 729 4690 illud
744 4624 912 4689 elevatum
933 4644 1048 4690 coram
1063 4624 1208 4689 Domino
1214 4641 1229 4708 ,⁶
1244 4636 1276 4689 et
1290 4622 1384 4690 cedet
1397 4623 1434 4689 iu
1441 4646 1527 4711 por·-

202 4739 270 4794 tem
289 4740 384 4795 tuom
403 4755 432 4794 u.
450 4752 483 4797 v.
506 4736 548 4794 ii
576 4756 593 4792 ι(
612 4728 914 4818 Sanctificabisque
933 4742 966 4796 et
985 4727 1221 4818 pectusculum
1245 4741 1478 4797 consecratum
1496 4742 1527 4793 rt
