3534 5384
748 418 813 462 rev.
837 404 890 474 l,3
912 419 973 470 sao.
1471 403 1530 460 atu

196 553 353 621 homines
371 551 497 642 privati
517 574 549 619 v.
567 558 608 618 28
630 551 804 619 oblatione
829 573 954 641 caprae
976 551 1130 641 expiant,
1149 551 1300 640 expiabit
1319 551 1392 642 ipse
1412 551 1527 619 oblato

196 662 297 728 bove.
311 659 438 737 Quibus
453 658 597 749 pulchre
612 657 825 747 exprimitur,
844 664 1012 748 quantum
1030 659 1151 724 deceat
1165 658 1362 747 pontificem
1379 657 1528 746 puritate

124 805 129 814 ·
197 769 288 835 vitae
306 766 457 856 reliquos
478 787 596 832 omnes
615 765 832 832 antecellere.
856 764 986 852 Collige
1011 764 1113 832 etiam
1143 767 1238 832 ePs.
1264 767 1336 830 lan.
1361 765 1419 852 (ad
1442 771 1526 848 9,·2),

198 895 303 962 quam
321 879 400 963 apte
418 871 572 962 pontifici
591 876 626 938 et
643 873 804 938 universo
825 871 955 961 populo
974 893 1038 960 pro
1057 876 1199 961 peccato
1217 870 1425 958 iniungatur
1439 871 1529 937 citti-

199 979 266 1062 lus,
282 980 343 1069 qui
359 978 505 1046 vitulum
526 999 670 1045 aureum
689 984 792 1045 autea
811 977 1047 1044 confleverint.

244 1110 275 1153 v.
293 1093 313 1154 t
330 1115 347 1148 a
364 1087 410 1151 Et
423 1083 571 1152 adducet
586 1084 687 1151 illum
702 1083 750 1151 ad
765 1083 891 1151 ostium
906 1083 1122 1151 tabernaculi
1138 1085 1324 1152 testimonii
1336 1107 1452 1151 coram
1467 1088 1532 1149 lto-

198 1193 310 1280 min0,
325 1205 496 1282 ponetque
509 1213 651 1258 manum
665 1213 766 1280 super
778 1204 883 1282 caput
894 1190 981 1274 cius,
995 1203 1029 1258 et
1040 1189 1232 1257 immolabit
1248 1213 1325 1256 eum
1337 1191 1482 1256 [lomina
1499 1219 1526 1256 u.

198 1325 231 1370 v.
252 1308 271 1368 ὅ
286 1329 302 1361 «
314 1299 459 1367 Hauriat
471 1320 605 1388 quoque
618 1327 634 1360 »
651 1298 833 1388 -reliqui
848 1297 982 1366 addunt
989 1297 1173 1388 [lamisem
1186 1319 1257 1364 non
1267 1297 1356 1364 alius
1368 1320 1430 1386 pro
1441 1320 1530 1385 pon-

198 1407 290 1475 tifice
305 1406 520 1474 sacerdos-
532 1432 549 1466 «
562 1404 604 1471 de
616 1404 785 1494 sanquine
796 1404 915 1488 cituli,
933 1403 1087 1490 inferens
1103 1403 1202 1470 illum
1219 1403 1257 1470 in
1272 1403 1528 1470 tabernaculum

201 1512 387 1580 testimonii
401 1541 432 1579 ».
447 1516 485 1579 ln
501 1511 735 1578 oblationibus
745 1533 809 1600 pro
820 1517 959 1601 peccato
970 1510 1140 1600 pontificis
1152 1510 1337 1600 velpopuli
1351 1511 1407 1600 (cl.
1425 1531 1458 1578 v.
1474 1511 1527 1597 tat

198 1619 337 1708 sanguis
366 1620 404 1685 in
433 1618 696 1685 tabernaculum
727 1617 943 1684 inferebatur
971 1639 979 1685 :
1008 1616 1045 1683 in
1065 1616 1141 1684 aliis
1172 1617 1217 1706 (v.
1241 1623 1295 1684 25.
1318 1617 1389 1706 30),
1417 1616 1468 1684 uti
1494 1616 1528 1682 in

200 1723 407 1792 holocaustis
428 1724 526 1814 (1,5),
548 1723 649 1792 altari
671 1723 1026 1791 circumfundebatur.
1044 1724 1092 1791 Gi.
1114 1723 1217 1790 etiam
1240 1727 1398 1802 tatu-19
1418 1729 1452 1790 et
1471 1727 1526 1788 Ex.

200 1839 315 1915 30,10.
331 1853 364 1896 v.
382 1839 402 1898 a
420 1859 436 1892 «
457 1834 608 1920 Cumque
620 1830 802 1898 intinxerit
815 1829 965 1919 diqitum
981 1829 1017 1896 in
1031 1829 1215 1919 sanquine,
1233 1843 1391 1919 asperqet
1403 1853 1440 1897 eo
1454 1852 1530 1918 scp-

200 1939 263 2005 ties
281 1961 396 2004 eoram
416 1937 562 2003 Domino
582 1965 613 2017 »,
625 1937 658 2030 i.
679 1960 709 2004 e.
730 1942 809 2004 ante
827 1942 985 2004 sanctum
1004 1943 1218 2020 sanctorum,
1243 1963 1259 1998 a
1281 1949 1401 2003 contra
1416 1937 1527 2002 veliem

199 2044 419 2112 sanctuarii»
433 2067 440 2126 ;
458 2065 528 2110 non
537 2043 634 2109 itaut
643 2044 783 2130 sanguis
792 2042 869 2109 velo
881 2043 933 2108 illi
944 2043 1094 2132 pretioso
1105 2042 1326 2124 adhaereret,
1339 2042 1400 2109 sed
1410 2055 1458 2110 ua
1470 2059 1527 2109 nu.

200 2150 295 2241 quod
310 2157 402 2216 recte
423 2155 562 2216 vertunt
573 2152 664 2216 LXX
682 2155 773 2234 κατά,
793 2148 915 2218 Chald.
937 2164 1013 2242 nup,
1030 2150 1108 2238 Sqr.
1128 2138 1203 2216 'nub
1223 2151 1246 2215 i.
1264 2171 1294 2218 e.
1316 2171 1442 2215 uersus.
1462 2156 1529 2214 v‚'t

201 2284 217 2318 a
236 2261 410 2346 Ponetque
425 2255 467 2322 de
481 2255 601 2322 eodem
612 2256 781 2345 sanquine
794 2276 897 2345 super
912 2279 1044 2323 cornua
1057 2256 1178 2324 altaris
1194 2255 1433 2345 thymiamatis
1449 2279 1530 2346 qra-

201 2361 325 2447 tissimi
347 2361 510 2444 Domino,
534 2361 628 2451 quod
650 2363 759 2428 estin
783 2361 1005 2430 tabernacula
1031 2362 1238 2449 testimonii,·
1259 2385 1391 2428 amnem
1415 2374 1529 2428 autem

200 2469 397 2560 [reliquum]
416 2468 625 2558 sanquinem
644 2467 774 2558 fundet
791 2468 829 2535 in
854 2469 963 2536 basim
979 2468 1102 2536 altaris
1121 2468 1313 2537 holocausti
1329 2469 1366 2536 in
1386 2468 1530 2536 introitu

200 2575 416 2644 tabernaculi
426 2603 456 2644 u.
471 2597 503 2642 v.
521 2583 542 2644 8
558 2602 574 2636 α
588 2576 634 2640 Et
649 2603 664 2636 »
680 2598 815 2642 anenem
832 2605 847 2635 «
859 2575 997 2666 adipem
1010 2575 1112 2642 vituli
1126 2577 1260 2665 auferet
1265 2599 1332 2666 pro
1345 2590 1485 2666 peccato
1501 2611 1529 2652 u,

198 2723 242 2732 —
264 2683 390 2751 clarius
412 2705 513 2750 voces
534 2683 600 2749 hoc
624 2682 745 2749 ordine
764 2681 980 2750 collocantur
1003 2704 1010 2750 :
1035 2681 1173 2773 adipem
1198 2684 1290 2749 hocis
1310 2705 1374 2771 pra
1392 2695 1531 2772 peccato

199 2789 344 2857 elevabit
367 2790 425 2878 (cf.
450 2789 520 2878 ·2,9)
542 2827 588 2838 -
610 2818 625 2850 «
649 2802 721 2855 tam
739 2811 817 2855 eum
840 2788 904 2877 qui
922 2788 1046 2856 uitalia
1069 2815 1085 2850 s
1108 2811 1166 2856 seu
1184 2789 1345 2856 intestina
1365 2815 1382 2850 a
1403 2790 1529 2879 operit,

201 2919 306 2982 qrtam
330 2895 446 2962 omnia
470 2917 560 2984 quae
582 2895 786 2962 intrinsecae
806 2907 887 2960 stent
912 2923 944 2976 r,
969 2917 1028 2962 seu
1055 2917 1258 2984 amnemque
1280 2894 1417 2986 adipem
1444 2919 1532 2986 quar

200 3001 362 3068 adhaeret
380 3000 571 3082 intestinis,
587 3002 705 3090 utique
725 3001 944 3082 intrinsecum
961 3023 1042 3068 nam
1058 3001 1151 3092 quod
1165 3001 1374 3070 extrinsecus
1390 3007 1454 3083 est,
1472 3003 1533 3067 illa

201 3109 328 3196 oporit;
343 3130 375 3176 v.
394 3115 413 3174 9
436 3135 451 3169 «
474 3107 559 3174 dicos
573 3106 778 3174 renunculos
793 3119 826 3174 et
840 3106 1042 3190 reticulum,
1063 3107 1159 3197 qaod
1171 3120 1220 3174 est
1240 3131 1342 3199 super
1362 3131 1418 3176 eos
1432 3107 1532 3174 iusta

202 3213 281 3298 ilia,
300 3226 332 3280 et
352 3212 490 3302 adipem
506 3213 626 3281 iecoris
646 3236 723 3280 cunr
745 3213 945 3280 renunculis
965 3241 995 3298 »,
1014 3253 1057 3264 -
1076 3213 1179 3282 Hehr.
1198 3237 1211 3279 .·
1226 3214 1377 3305 duasque
1390 3237 1485 3281 renes¹
1502 3227 1532 3279 rt

201 3318 355 3410 adipem,
373 3318 434 3409 qui
448 3319 486 3386 in
500 3320 587 3404 illis,
604 3319 668 3410 qui
683 3332 732 3387 est
751 3320 788 3388 in
801 3319 936 3408 licrnhis,
953 3333 987 3388 et
1002 3321 1164 3389 maiorem
1181 3320 1295 3388 lotum
1310 3321 1443 3410 hepatis
1456 3345 1529 3387 cum

201 3426 338 3493 renibus
356 3427 486 3494 tollent.
506 3427 744 3517 Expressiones
762 3426 841 3494 vide
859 3434 917 3510 2,3
938 3449 1010 3516 sq.;
1028 3431 1085 3496 Ex.
1106 3434 1208 3512 eata
1226 3469 1270 3478 —
1288 3452 1320 3496 v.
1342 3435 1383 3495 10
1405 3455 1421 3490 a
1444 3428 1533 3494 sicut

200 3535 359 3623 aufertur
371 3532 413 3598 de
425 3532 532 3600 uitrtlo
543 3532 677 3600 hostiae
684 3532 912 3623 pacificorum
926 3561 940 3594 a
958 3536 1028 3621 (3,3
1041 3539 1123 3623 sq.),
1142 3563 1158 3596 a
1173 3548 1205 3601 et
1218 3534 1369 3601 adolebit
1380 3557 1420 3601 ea
1433 3557 1534 3623 suprr

201 3639 309 3706 altare
330 3640 522 3708 holocausti
540 3668 570 3706 u.
588 3663 621 3706 v.
645 3647 683 3708 ll
703 3667 719 3700 «
736 3639 866 3706 Pellem
881 3663 959 3706 cero
976 3652 1008 3706 et
1021 3662 1137 3708 amites
1152 3664 1271 3708 carnes
1284 3664 1361 3709 cum
1376 3641 1487 3731 eapitr
1503 3654 1534 3703 rt

197 3745 343 3834 pedihus
366 3774 396 3829 u,
418 3769 477 3814 seu
497 3746 612 3837 potius
626 3747 795 3827 cruribus,
812 3746 997 3834 egenibus
1013 3747 1189 3828 deorsum,
1211 3777 1226 3810 a
1244 3759 1276 3814 et
1296 3747 1485 3826 intestinis,
1504 3759 1534 3808 rt

198 3851 280 3940 fimo
306 3880 321 3914 ›>
342 3875 375 3932 v,
395 3861 435 3919 ta
455 3881 471 3914 «
493 3853 679 3942 etreliqua
699 3875 839 3942 corpore
858 3853 986 3941 efferet
1005 3867 1104 3920 entra
1125 3868 1235 3922 castra
1253 3854 1418 3921 inlocum
1438 3875 1535 3918 nrrert-

202 3955 303 4039 dum,
328 3958 385 4024 uhi
414 3960 542 4027 cineres
568 3958 713 4049 effundi
740 3959 866 4043 solent,
898 3959 1127 4050 incendetque
1158 3983 1198 4028 ea
1228 3983 1329 4052 super
1359 3960 1531 4049 liquorum

202 4063 362 4153 [struent
380 4088 468 4154 quae
488 4065 525 4132 in
539 4065 611 4132 laco
631 4065 822 4154 effusorum
836 4066 992 4132 cinerum
1006 4065 1251 4133 cremabuntur
1267 4095 1297 4133 ».
1319 4071 1389 4133 Non
1401 4065 1533 4156 perspi-

203 4171 301 4250 citur,
318 4170 403 4260 quid
419 4171 573 4261 corporis
586 4172 629 4238 sit
641 4171 814 4262 reliquum
827 4172 992 4262 demptiS,
1011 4195 1100 4262 quae
1115 4195 1148 4241 v,
1167 4180 1206 4240 11
1224 4172 1529 4253 enumerabuntur,

203 4276 371 4364 partibus.
387 4277 516 4344 Clarius
530 4280 629 4345 Hebr.
642 4290 700 4345 :et
713 4279 835 4366 efferes
851 4291 961 4346 totum
976 4281 1109 4362 bouem,
1125 4281 1265 4370 dempto
1281 4279 1401 4370 utique
1414 4280 1528 4368 adipe.
1563 4347 1565 4358 Ι

238 4457 309 4508 Hinc
322 4462 399 4522 patet
414 4459 497 4510 butus
511 4460 640 4510 sacrificii
655 4461 799 4525 areliquis
817 4461 962 4511 sacrificiis
980 4461 1139 4513 differentia
1156 4475 1162 4510 :
1177 4475 1233 4512 non
1252 4464 1424 4512 consumitur
1443 4468 1529 4512 totum

201 4560 285 4610 super
299 4547 400 4606 altare,
417 4548 457 4597 utt
473 4547 649 4611 holocausta3
667 4562 724 4598 non
739 4549 825 4601 habet
839 4562 981 4599 annexum
995 4552 1109 4614 epulum
1123 4563 1249 4605 sacrum,
1266 4553 1306 4602 uti
1319 4549 1443 4615 pacifica.
1461 4550 1531 4597 trem

200 4647 351 4699 pauperae,
367 4636 414 4699 qui
431 4635 493 4686 loco
511 4637 641 4688 victimae
661 4638 722 4699 5‚11
743 4639 866 4688 similam
886 4638 1020 4700 atterunt,
1036 4653 1094 4690 non
1113 4640 1219 4690 addunt
1239 4641 1334 4690 oleum
1353 4645 1381 4690 et
1401 4640 1465 4688 thus
1487 4637 1528 4694 (rt.

202 4723 284 4774 Num.
300 4723 384 4791 5,tt).
