3534 5384
730 431 796 476 mv.
821 419 893 490 *tto
914 434 977 486 soe.
1467 421 1528 480 395

226 589 253 624 v.
275 573 305 622 tt
318 577 407 656 tnta}
420 550 512 628 nbtbz
524 550 588 626 aba
606 577 711 626 mm
730 549 804 626 nbot
820 576 863 622 est
876 573 1047 622 constructio
1062 572 1132 621 mire
1146 571 1229 632 dura;
1250 571 1326 635 rote.
1340 574 1460 626 inseruit
1479 588 1527 624 co-

190 664 287 727 pulam
303 660 431 711 :utrovis
449 659 666 710 moechabatur
683 659 742 710 tere
760 661 890 724 repetitio
908 659 1102 723 praecedentis
1118 665 1206 742 tmttttt
1224 640 1317 717 nbtbz
1336 667 1417 718 nim
1437 642 1526 718 subu.

192 751 365 803 Crediderim
380 760 474 800 errore
485 749 665 798 amanuensis
678 750 736 798 tres
748 761 832 799 voces
846 761 908 799 esse
920 749 964 798 bts
978 749 1143 813 descriptas.

237 901 320 987 Arp.
342 936 386 946 —
408 895 538 963 Hostiae
559 895 738 986 pacificae,
766 917 854 986 quac
875 917 945 962 non
967 897 1004 963 in
1027 897 1217 983 gratiarum
1234 897 1426 980 actionem,
1445 901 1526 966 offe-

193 1010 318 1072 runtur
337 1026 369 1070 v.
388 1007 488 1070 ra-ar
503 1001 558 1069 vel
573 1024 613 1067 ex
632 1001 844 1088 obligatione
853 1001 925 1068 voti
941 1001 996 1070 val
1010 1003 1150 1070 omnino
1161 1010 1296 1093 sponte.
1313 1008 1350 1070 ln
1363 1004 1415 1086 iis,
1435 1003 1527 1094 qnod

193 1133 263 1178 non
281 1111 329 1176 ita
346 1108 545 1176 solemniter
563 1113 597 1175 ct
611 1129 728 1175 coram
741 1107 962 1197 paucioribus
976 1108 1211 1192 immolentur,
1228 1109 1317 1176 ulter
1330 1109 1402 1176 dies
1415 1131 1530 1178 come·

191 1216 326 1284 dendae
345 1215 439 1283 carni
461 1214 673 1282 conceditur.
692 1204 811 1281 Variae
829 1220 1053 1283 recensentur
1074 1215 1332 1300 immunditiae,
1353 1239 1443 1306 quae
1459 1237 1528 1283 res-

191 1330 295 1413 pectu
307 1322 401 1389 illius
415 1321 527 1389 carnis
540 1320 674 1388 incurri
688 1326 832 1410 queant.

237 1453 271 1498 v.
292 1436 333 1496 16
355 1457 371 1490 «
390 1429 430 1496 Si
441 1440 517 1494 voto
537 1427 592 1494 ret
603 1437 722 1517 sponte
743 1422 919 1517 quispiam
939 1427 1101 1494 obtulerit
1116 1427 1281 1512 bostiam,
1296 1429 1416 1497 endem
1434 1431 1527 1497 simi-

195 1537 274 1603 liter
290 1536 409 1603 edetur
433 1532 489 1601 die
497 1555 511 1616 ;
530 1533 591 1600 sed
594 1586 606 1617 ,
623 1533 686 1600 etsi
699 1532 788 1623 qaid
804 1532 841 1600 in
853 1533 1043 1600 crastinam
1058 1536 1273 1621 remanserit,
1289 1537 1379 1603 nesci
1391 1536 1526 1603 licitum

193 1656 242 1708 est
259 1666 292 1724 »3
314 1666 347 1708 v.
364 1649 406 1710 17
428 1669 444 1702 «
469 1639 646 1732 quidquid
657 1653 774 1707 aretem
793 1668 808 1700 u
824 1638 979 1707 decarne
991 1640 1207 1708 victimae-
1218 1665 1299 1708 nam
1317 1640 1361 1709 ad
1378 1643 1526 1709 similam

192 1755 225 1817 ct
237 1770 344 1839 panes
355 1749 421 1814 hae
437 1748 531 1834 leges
545 1747 704 1837 explicite
715 1769 784 1814 non
797 1746 1024 1814 extenduntur
1036 1787 1081 1797 -
1093 1775 1108 1808 u
1123 1747 1242 1814 tertias
1256 1748 1424 1816 inuenerit
1439 1749 1523 1834 dies,

192 1856 283 1945 ipnis
303 1858 458 1922 absumet
476 1881 506 1920 u.
528 1858 606 1919 Post
619 1853 830 1920 enuntiatam
849 1854 964 1942 legem
980 1854 1094 1921 minae
1109 1855 1325 1921 intentantur
1340 1860 1528 1942 transgres

190 1961 337 2029 soribns.
357 1982 390 2028 v.
409 1966 449 2028 18
467 1987 484 2022 «
499 1959 631 2050 Siquis
646 1988 681 2042 n,
705 1960 810 2026 etiam
828 1959 917 2026 alius
932 1959 976 2025 ab
993 1961 1173 2042 offerente,
1188 1989 1205 2025 «
1222 1960 1264 2027 de
1281 1960 1441 2029 carnibus
1457 1963 1528 2028 ric-

192 2069 298 2134 timae
314 2064 543 2157 pacificorum
566 2065 622 2132 die
644 2065 744 2132 tertio
760 2064 946 2132 comederit
964 2093 1000 2148 u,
1019 2066 1251 2158 complacebit
1265 2069 1416 2158 asserens
1431 2067 1529 2134 illam

194 2171 346 2262 (Heba),
363 2178 397 2239 et
415 2173 496 2239 hine
513 2199 530 2233 «
551 2171 649 2238 irrita
662 2172 723 2261 fiet
741 2171 867 2240 oblatio
886 2201 922 2257 a,
939 2195 1009 2240 non
1026 2164 1242 2264 reputabitur
1261 2174 1296 2240 ei
1321 2173 1475 2263 (Heba),
1496 2181 1529 2239 et

191 2280 274 2345 hinc
306 2307 323 2341 «
350 2301 411 2345 nec
438 2277 598 2368 proderit
623 2279 785 2366 asserenti
797 2301 832 2360 »;
854 2292 1015 2369 corrrrpta
1041 2278 1107 2346 erit
1132 2279 1282 2369 (Heba),
1313 2279 1407 2370 quod
1438 2283 1531 2346 LXX

192 2391 329 2453 vertunt
345 2391 457 2470 μίασμά
472 2395 548 2454 ἐστιν
566 2406 575 2452 :
599 2413 614 2444 r
638 2384 736 2476 [quin
745 2385 893 2476 potinsl,
909 2407 1136 2475 quaerunque
1146 2387 1267 2454 anima
1279 2387 1345 2454 tali
1360 2410 1396 2453 se
1414 2385 1528 2453 edulia

192 2490 497 2578 contaminaverit,
512 2490 822 2581 praevaricationis
842 2513 901 2559 rea
920 2491 986 2558 erit
1007 2520 1044 2574 u,
1062 2491 1166 2560 Hebr.
1193 2515 1206 2560 :
1223 2492 1377 2585 portabit
1395 2493 1528 2584 iniqui-

191 2611 297 2665 tatem
308 2622 424 2683 snam,
447 2599 542 2688 quod
564 2597 657 2665 idem
682 2605 800 2680 sonat,
823 2603 926 2687 atque
951 2605 1084 2667 reatum
1107 2601 1297 2667 contrahet.
1313 2605 1437 2667 Severa
1449 2606 1528 2666 suut

187 2705 309 2772 verba.
325 2705 360 2772 Si
376 2704 486 2771 hostia
500 2727 540 2771 ex
554 2711 633 2770 voto
650 2704 824 2786 offeratur,
842 2705 909 2771 erit
921 2705 1124 2795 repetenda3
1147 2711 1182 2772 et
1198 2727 1334 2797 semper
1353 2707 1400 2790 ei,
1418 2707 1528 2796 quise

191 2812 499 2893 contaminaverat,
525 2808 741 2877 offerendum
765 2810 829 2876 erit
850 2809 1056 2877 sacrificium
1080 2834 1144 2900 pro
1171 2817 1312 2901 peceato
1326 2812 1377 2878 ad
1392 2818 1527 2878 reatum

191 2917 451 2984 removendum.
472 2955 516 2966 -
544 2922 615 2982 imo
633 2937 745 3006 neque
768 2913 903 2982 duobus
931 2915 1051 3004 primis
1073 2916 1195 2984 diebus
1217 2917 1270 2983 fas
1292 2923 1341 2985 est
1365 2939 1406 2984 ea
1424 2939 1527 2983 earne

191 3025 296 3105 vesei,
325 3025 353 3089 si
374 3022 434 3090 illa
453 3021 661 3090 contraxerit
682 3020 936 3088 immunditiem
958 3043 965 3089 :
990 3045 1021 3088 v.
1050 3027 1089 3089 19
1115 3049 1131 3084 u
1154 3024 1259 3106 Caro,
1281 3045 1371 3111 quae
1391 3022 1530 3113 aliquid

191 3127 344 3218 tetiperit
364 3127 596 3208 enarrandam,
621 3150 690 3194 non
706 3126 912 3212 comedetur,
937 3127 997 3194 sed
1013 3130 1229 3195 eornburetar
1245 3128 1322 3218 ipni
1335 3157 1366 3196 u.
1380 3167 1425 3180 -
1443 3128 1527 3197 Obs-

191 3256 313 3302 curum
331 3240 382 3302 est
402 3234 496 3324 apud
514 3233 615 3324 Vatq.
641 3237 734 3300 LXX
756 3255 902 3323 sequens
920 3234 1067 3301 incisum
1085 3256 1092 3302 :
1110 3263 1125 3297 α
1150 3235 1218 3317 Qui
1232 3235 1343 3323 faerit
1356 3234 1525 3316 mundns,

190 3353 341 3409 vescetur
355 3365 398 3408 en·
408 3364 449 3408 ea
461 3370 493 3408 n.
511 3343 612 3407 Hebr.
628 3342 722 3408 Sam.
741 3359 753 3405 .·
770 3339 827 3430 (et)
843 3362 940 3422 rare,
958 3363 999 3407 ea
1013 3363 1060 3408 so.
1082 3363 1171 3431 quae
1184 3363 1255 3408 non
1273 3342 1378 3409 fucrit
1392 3341 1528 3409 foedata

191 3453 351 3516 contactu
366 3449 418 3514 rei
431 3447 648 3528 immundae,
663 3446 793 3515 mundo
808 3447 932 3537 cuique
940 3448 999 3535 sas
1015 3460 1064 3514 est
1074 3445 1116 3514 de
1127 3471 1167 3514 ea
1182 3470 1285 3515 earne
1299 3447 1525 3515 manducare.

190 3580 222 3622 v.
244 3563 287 3623 20
303 3555 400 3624 Sed«
417 3553 706 3643 animapolluta,
723 3576 813 3646 quae
831 3552 941 3620 ederit
964 3553 1005 3620 de
1027 3554 1188 3621 carnibus
1214 3554 1346 3621 bestiae
1360 3555 1526 3644 pacefico-

190 3685 284 3745 rnm,
300 3684 389 3752 qnae
413 3661 529 3729 ablata
547 3672 597 3728 est
615 3660 777 3746 Domino,
800 3659 933 3749 peribit
953 3659 995 3728 de
1015 3660 1156 3751 populis
1176 3661 1250 3728 sais
1272 3683 1307 3742 »ς
1332 3683 1365 3730 v.
1393 3667 1432 3726 21
1460 3687 1476 3722 «
1496 3673 1527 3724 et

191 3790 281 3856 qaae
294 3769 445 3856 teriperit
461 3765 723 3834 immunditiam
743 3765 893 3832 bominis
908 3765 963 3832 rel
974 3767 1121 3834 iumenti
1134 3767 1205 3834 sior
1224 3767 1336 3834 omnis
1351 3765 1421 3846 rei,
1438 3789 1528 3854 qnae

188 3872 341 3962 polluere
351 3886 465 3963 potest
486 3901 502 3933 »
516 3927 524 3958 ,
540 3909 586 3922 -
604 3871 707 3940 Hebr.
729 3894 743 3937 .·
767 3871 877 3939 omnis
899 3873 1169 3940 abominationis
1182 3873 1380 3940 immundae
1396 3909 1441 3922 -
1462 3901 1477 3932 (ι
1496 3883 1527 3936 et

190 3977 375 4046 comederit
387 3978 429 4047 de
445 3978 683 4048 huiuscemodi
702 3979 880 4060 carnibus,
895 3978 1047 4046 interibit
1057 3979 1100 4047 de
1109 3979 1249 4070 populis
1261 3979 1334 4046 stris
1354 4007 1385 4045 n.
1404 3983 1523 4057 Leone,

192 4085 252 4152 ubi
271 4086 484 4153 comedenda
504 4107 603 4166 caro,
628 4108 701 4152 non
724 4087 925 4154 enuntiatur
942 4107 949 4154 :
967 4085 1089 4153 debuit
1109 4088 1139 4154 is
1157 4109 1228 4154 esse
1243 4108 1352 4176 prope
1366 4088 1527 4153 sanctua-

191 4192 299 4276 rium,
321 4191 381 4258 ubi
402 4192 501 4260 brevi
523 4197 602 4261 ante
627 4193 769 4282 epulum
791 4214 929 4259 sacrum
947 4197 1103 4282 tempore
1126 4193 1270 4260 victima
1290 4191 1525 4275 mactabatur3

191 4319 263 4365 non
289 4304 404 4365 tamen
430 4300 543 4388 ipsum
566 4299 816 4383 sanctuarium,
840 4298 878 4366 id
899 4298 991 4367 enim
1011 4300 1062 4366 uti
1084 4307 1163 4381 aro
1187 4298 1345 4390 explicite
1365 4321 1448 4366 sane
1461 4305 1529 4365 sta-

192 4407 358 4470 tueretur.

596 4562 621 4599 e.
638 4549 814 4612 Appendices
828 4549 901 4601 duae
916 4550 982 4601 ch.
1000 4551 1127 4610 &tt-36.

236 4715 410 4782 Hebraeus
418 4718 496 4804 post
507 4735 540 4778 v.
557 4719 595 4778 rt
611 4735 680 4779 non
689 4713 809 4780 scribit
819 4714 1023 4803 parascbam
1038 4714 1210 4781 minorem
1223 4735 1231 4783 :
1244 4719 1362 4782 tamen
1377 4737 1409 4782 v.
1424 4720 1526 4780 22-27

192 4843 300 4911 aeque
318 4843 357 4888 ac
374 4843 407 4886 v.
427 4824 561 4886 aaran
580 4817 864 4908 praecedentibus
877 4819 1092 4889 dividuntur.
1109 4825 1178 4887 buo
1194 4821 1279 4888 haee
1293 4819 1411 4887 divina
1426 4819 1527 4887 effata
