3534 5384
714 381 764 423 εκ.
787 365 878 434 asar
902 380 966 431 seo.
1362 350 1364 357 '
1446 362 1505 423 aaa

172 517 272 570 exinde
285 515 421 568 audacius
437 515 521 567 infert
537 517 631 582 Boatr.
647 522 758 581 septem
772 517 872 567 diebus
884 517 1005 579 repetita
1019 527 1082 567 esse
1098 516 1164 575 tria,
1181 528 1254 579 quae
1270 530 1295 565 v.
1318 516 1380 567 1-28
1398 516 1504 567 descri-

170 608 274 657 buntur
287 605 446 656 sacrificia:
463 604 492 656 id
505 605 566 656 lieri
585 607 690 669 potuit,
706 607 756 657 sed
770 619 828 657 non
842 603 999 667 affirmatur
1012 617 1040 653 v.
1058 603 1101 655 35.
1117 604 1180 655 Alia
1197 616 1248 667 pro
1266 604 1387 669 singulis
1406 606 1504 655 diebus

175 691 313 747 sacrificia
332 708 359 745 v.
376 694 409 745 tt
428 695 594 758 praescribit
610 710 617 745 :
633 700 662 745 et
681 696 802 759 primum
819 694 933 759 quidem
952 690 1120 744 sacrificium
1139 692 1220 743 vituli
1240 706 1291 756 pro
1310 702 1440 756 peccato,
1454 708 1504 757 pro

178 786 294 848 peccato
312 797 353 835 sc.
366 782 619 836 consecrandorum
639 780 743 849 (Tora),
760 783 933 834 offerendum
955 794 1023 833 sane
1042 780 1143 832 eodum
1162 782 1218 832 ritu
1233 786 1318 846 atque
1332 782 1402 832 illud
1416 796 1443 832 v.
1463 782 1504 831 tu-

178 874 224 932 tc;
239 874 293 923 hoc
308 874 429 937 primurn
445 886 461 924 e
476 872 566 924 tribus
579 870 724 923 sacrificiis
741 874 838 936 utique
851 872 988 935 repetitur
1002 870 1137 935 quotidie.
1154 871 1189 921 At
1207 872 1354 934 praeterea
1369 871 1502 935 quotidie,

174 963 199 1011 i..
210 976 235 1012 e.
251 966 360 1026 septem
379 966 427 1013 aut
444 964 519 1012 certe
537 974 588 1013 sex
606 962 718 1022 diebus,
735 960 846 1024 Moyses
866 959 967 1011 offerre
987 960 1099 1010 iubetur
1117 960 1238 1010 alterum
1256 970 1308 1023 pro
1328 966 1442 1023 peccato
1457 974 1503 1010 sa-

171 1050 319 1111 crificium,
336 1063 387 1114 pro
400 1052 524 1116 peccatis
541 1062 581 1100 sc.
598 1051 668 1112 sair,
686 1063 746 1100 non
763 1048 1038 1109 consecrandorum,
1053 1061 1145 1112 neque
1162 1061 1214 1111 pro
1231 1050 1354 1111 peccatis
1368 1050 1426 1099 suls
1441 1051 1503 1113 qui-

170 1138 307 1199 buslibet,
320 1139 371 1191 sed
385 1151 437 1202 pro
452 1138 610 1191 commissis
623 1151 659 1189 eo
673 1138 803 1201 septiduo
822 1138 911 1201 quoad
926 1138 1016 1203 ipsam
1030 1138 1130 1187 altare.
1147 1136 1229 1195 Quod
1243 1135 1424 1194 sacrificium,
1441 1150 1503 1186 cum

172 1229 329 1279 accuratius
343 1240 400 1277 non
414 1228 596 1289 describatur,
613 1226 784 1277 censendum
801 1231 844 1277 est
863 1239 926 1278 esse
940 1225 1114 1276 offerendum
1127 1226 1181 1276 ritu
1196 1225 1263 1275 Lev.
1281 1225 1325 1285 ht
1343 1239 1405 1291 sqq.
1420 1239 1503 1289 prae-

173 1317 277 1381 scripto
290 1314 420 1367 sacrificii
437 1329 488 1381 pro
506 1315 659 1368 sacerdotis
673 1321 797 1380 peccato.
814 1314 939 1367 Tandem
959 1314 1071 1365 iubetur
1088 1314 1213 1377 Moyses,
1230 1312 1396 1365 crediderim
1410 1316 1503 1377 quoti-

173 1405 233 1467 die,
248 1418 348 1468 aapcrc
364 1404 451 1457 altare
471 1406 506 1455 ad
523 1406 747 1471 sanctificandam
765 1403 849 1456 illud.
867 1404 957 1464 Quam
972 1416 1032 1453 rem
1052 1401 1127 1465 sptv.
1145 1407 1241 1453 censet
1260 1406 1369 1465 gestam
1389 1416 1451 1454 esse
1470 1417 1503 1453 eo

172 1494 242 1555 ritu,
256 1495 304 1557 qul
319 1493 389 1546 Les.
403 1494 463 1554 8,ss
474 1494 652 1546 describatur
665 1494 745 1543 initio
764 1494 973 1544 solemnitatum
988 1492 1095 1555 primae
1110 1491 1166 1542 dlei
1180 1491 1381 1541 observandus.
1397 1491 1502 1542 Tamen

173 1583 264 1633 omnis
278 1583 373 1635 unctio
387 1595 445 1633 non
458 1584 618 1634 necessario
636 1584 699 1633 oleo
720 1586 763 1632 est
781 1582 956 1646 peragenda,
973 1582 1067 1644 potest
1086 1580 1174 1631 altare
1196 1582 1265 1643 ungi
1283 1582 1435 1643 sangiune,
1451 1594 1501 1643 po-

174 1674 285 1735 testque
301 1667 352 1723 ilia
368 1672 501 1723 unctione
519 1672 544 1723 ls
561 1672 687 1735 praecise
706 1671 776 1721 ritus
793 1670 930 1733 intelligi,
945 1670 994 1733 qai
1008 1682 1036 1719 v.
1054 1668 1134 1719 tt-t‘r
1149 1668 1322 1719 describitur.
1342 1666 1502 1718 Secundum

172 1760 243 1811 baec
255 1760 342 1824 igitur
357 1762 506 1825 sequentia
521 1760 652 1823 septiduo
670 1759 847 1810 habebantur
865 1756 1022 1809 sacrificia:
1039 1755 1208 1808 sacrificium
1227 1756 1308 1807 vituli
1324 1769 1375 1821 pro
1388 1760 1503 1819 peccato

173 1850 441 1911 consecrandorum,
456 1851 486 1901 et
501 1848 670 1901 sacrificium
691 1849 805 1899 alterius
823 1848 905 1898 vituli
924 1859 974 1911 pro
993 1852 1108 1911 peccato
1130 1847 1336 1896 consecratoris
1350 1845 1443 1909 quoad
1458 1847 1501 1895 al-

172 1942 232 1990 tare
246 1938 377 1989 admisso.
392 1940 437 1989 An
452 1950 521 1989 vero
534 1938 654 2001 singulis
672 1938 738 2001 post
750 1938 873 1999 primum
889 1936 988 1987 diebus
1003 1936 1090 1985 etiam
1106 1934 1241 1985 immolati
1258 1934 1315 1983 sint
1329 1934 1385 1983 duo
1401 1934 1502 1983 arictes

171 2040 199 2076 v.
217 2026 306 2089 15-28,
322 2039 380 2078 non
391 2027 490 2092 liquet.

343 2246 366 2295 i.
380 2246 456 2293 [adca
473 2244 536 2292 intas·
547 2252 569 2292 tt
576 2244 689 2307 populum
701 2244 727 2290 ia
739 2244 879 2292 macenaria
884 2248 1003 2306 perpetua
1017 2242 1140 2289 maceratas
1148 2220 1196 2291 tri.
1211 2242 1330 2302 29,³8·46.

215 2426 299 2514 Arq.
320 2463 366 2475 -
384 2428 472 2491 Haec
485 2424 666 2491 necessitas
682 2422 750 2489 duo
770 2422 1016 2511 complectetur
1033 2440 1040 2487 :
1058 2419 1207 2486 nationis
1225 2419 1261 2486 in
1281 2419 1407 2486 lahven
1423 2442 1500 2508 pcr-

171 2537 313 2620 petuum
335 2530 467 2598 cultum
487 2552 518 2595 v.
541 2536 659 2613 stt-ta,
681 2535 715 2596 et
738 2529 841 2596 lahve
864 2531 902 2595 in
925 2530 1099 2595 nationem
1121 2531 1327 2616 perpetuum
1348 2528 1499 2593 savorem

172 2660 205 2704 v.
224 2643 339 2705 ici-td.
361 2637 569 2705 Describitur
584 2658 689 2726 porro
702 2636 812 2703 cultus
828 2657 897 2701 non
909 2632 1202 2701 extraordinarius
1217 2632 1386 2699 maiorum
1404 2633 1501 2698 festo-

174 2766 268 2826 rum,
283 2744 343 2812 sed
354 2743 565 2826 ordinarius,
575 2743 810 2833 quotidianus,
822 2746 1026 2831 perpetuus;
1042 2738 1092 2807 uti
1108 2761 1222 2828 neque
1237 2737 1499 2805 extraordinarii

173 2850 275 2918 lahvo
294 2851 331 2917 in
338 2850 507 2941 populum
521 2852 654 2918 favores
668 2848 897 2935 attinguntur,
912 2846 970 2913 sed
986 2846 1150 2913 continua
1164 2844 1387 2911 cohabitatis.

216 2980 249 3023 v.
267 2962 309 3025 38
324 2984 341 3018 a
359 2960 431 3025 Hoc
444 2969 512 3039 ast,
530 2955 744 3046 quodfacias
764 2955 801 3020 ia
815 2953 923 3020 altari
935 2976 948 3020 .·
963 2954 1078 3041 Aqaos
1094 2951 1276 3018 anniculos
1294 2977 1310 3011 a
1329 2949 1386 3039 (ef.
1406 2953 1497 3039 ias)

177 3087 194 3123 «
218 3060 304 3130 daos
311 3084 376 3153 par
394 3064 547 3154 sinqalos
562 3062 633 3129 dias
646 3062 774 3151 iupiter
795 3089 829 3140 a,
850 3083 882 3125 v.
899 3066 941 3127 39
958 3084 975 3122 a
997 3080 1105 3125 rtatim
1123 3079 1253 3147 aqaam
1268 3078 1384 3139 matta,
1403 3068 1436 3122 at
1450 3055 1499 3122 al-

173 3181 283 3237 tarum
298 3192 432 3260 vespera
456 3198 487 3235 ».
512 3169 635 3237 lisdem
648 3168 762 3237 verbis
776 3172 874 3235 Num.
900 3171 982 3250 28‚3
1001 3187 1076 3255 sqq.
1095 3164 1256 3240 statuitur
1273 3162 1328 3229 lex
1342 3162 1501 3229 sacrificii

171 3274 364 3365 quotidiani
381 3277 548 3367 perpetui,
562 3276 653 3344 unde
666 3274 853 3342 dicendum
873 3274 950 3355 erit,
966 3272 1024 3359 agi
1033 3272 1069 3337 h.
1081 3271 1106 3339 l.
1125 3269 1167 3336 de
1181 3268 1301 3337 eodem
1315 3268 1497 3347 sacrifiei03

174 3384 224 3449 uti
241 3383 345 3451 etiam
361 3406 394 3451 ν.
417 3389 459 3453 1ιο
480 3383 522 3450 de
541 3365 681 3450 mincha
699 3379 902 3471 quotidiana
920 3381 993 3466 agii
1015 3377 1090 3468 (ib,
1111 3384 1144 3442 ct
1169 3376 1213 3444 cf.
1231 3381 1308 3443 Lev.
1331 3375 1497 3463 tt,tt-18).

169 3510 202 3557 v,
221 3496 262 3557 ht)
277 3517 292 3551 α
308 3489 484 3581 Decimam
487 3499 625 3580 partam
634 3487 770 3555 similae
781 3508 979 3576 conspersae
992 3483 1064 3551 olao
1081 3494 1154 3551 taso
1168 3510 1183 3541 u
1198 3482 1256 3572 (ci.
1268 3505 1300 3549 v.
1315 3488 1353 3565 2;
1368 3482 1497 3569 emo),

172 3623 188 3658 «
206 3594 312 3684 [qaod
324 3596 445 3664 tabeat
460 3603 666 3677 mansuram]
680 3606 840 3685 quartam
842 3605 983 3683 partam
996 3590 1069 3672 tin,
1086 3602 1119 3656 at
1130 3590 1249 3657 viatim
1259 3586 1308 3655 ad
1322 3586 1499 3655 libandum

171 3702 321 3770 cicadam
328 3724 506 3771 mandrae
517 3731 546 3786 a,
557 3725 605 3769 sc.
618 3708 777 3792 quartam
786 3707 920 3791 partem
931 3698 1005 3781 hin,
1019 3726 1034 3759 a
1048 3696 1183 3787 iitaqao
1195 3718 1263 3761 iano
1275 3724 1304 3779 »‚
1316 3694 1499 3784 proprimo

169 3830 271 3895 agno.
288 3810 428 3876 Daciam
438 3832 521 3899 pars
535 3808 741 3897 intelligitur
755 3829 937 3874 mensurae
949 3804 1030 3895 ephi
1045 3803 1103 3893 (ci.
1120 3808 1198 3870 Lev.
1215 3808 1329 3883 iih10·
1346 3806 1385 3867 21
1404 3801 1497 3889 etc.);

169 3915 305 3983 decima
328 3921 442 3983 autem
466 3938 543 4006 pars
566 3915 647 4005 ephi
674 3919 724 3981 est
745 3935 869 4001 gomor
890 3912 960 4002 (Ex.
990 3909 1119 3998 tata).
1137 3908 1210 3975 Hia
1232 3914 1283 3974 est
1305 3914 1399 3973 sexta
1420 3928 1500 3996 pars

169 4022 263 4111 ephi.
282 4027 386 4090 Porro
400 4044 523 4109 gomor
536 4026 662 4112 aequat
677 4026 756 4088 3·88
772 4019 839 4102 lit,
854 4017 917 4084 hin
933 4023 1011 4085 ota
1026 4015 1078 4083 lit.
1096 4038 1129 4083 v.
1152 4021 1191 4082 t1
1216 4043 1231 4073 «
1252 4012 1408 4081 Alteram
1424 4034 1498 4077 cara

174 4150 304 4219 aquam
319 4129 442 4219 offeras
455 4128 504 4196 ad
514 4150 688 4218 vesperam
699 4127 811 4214 [iccata
824 4125 944 4210 ritum]
958 4124 1146 4190 tactatiaaa
1162 4119 1342 4188 oblationis
1354 4129 1387 4185 at
1402 4118 1499 4184 iacta

175 4258 216 4303 aa
221 4288 232 4321 ,
253 4258 341 4326 quaa
360 4234 514 4303 diximus
534 4264 569 4322 a,
589 4273 634 4286 -
653 4236 757 4301 Hadr.
782 4253 796 4298 .·
817 4242 987 4322 quantam
1005 4227 1128 4295 oblatio
1148 4226 1322 4293 titatatiaa
1342 4238 1375 4292 at
1389 4246 1499 4316 qaan-

172 4355 245 4409 tam
262 4343 378 4426 libatio
399 4343 537 4410 aias-
563 4369 579 4404 a
607 4342 644 4408 ia
668 4338 805 4407 odoram
822 4336 1004 4405 atrocitatis
1026 4364 1056 4403 ».
1081 4323 1119 4399 ab
1140 4334 1245 4402 veluti
1265 4332 1430 4422 anticipat
1450 4354 1499 4398 se-

170 4456 332 4537 quentem
348 4470 466 4518 vocem
481 4438 542 4517 air
559 4446 645 4538 (Dilt
683 4447 707 4536 .)
720 4469 728 4516 :
743 4451 897 4514 ceterum
910 4446 1006 4512 Sam.
1022 4442 1127 4510 habet
1141 4429 1184 4509 ti.
1201 4462 1232 4507 v.
1252 4444 1294 4507 ts
1321 4466 1336 4501 «
1361 4438 1498 4527 Sacrifi-

169 4554 264 4622 cium
274 4556 476 4623 astDona'ao
491 4583 507 4617 a
524 4555 580 4644 (cf.
594 4578 626 4620 v.
639 4560 691 4621 18.
705 4560 748 4621 25
758 4558 792 4620 et
804 4574 893 4641 quae
904 4550 1104 4618 dicebamus
1113 4547 1198 4615 adv.
1213 4546 1288 4637 38),
1304 4575 1319 4609 «
1329 4544 1498 4613 oblatione

166 4678 334 4753 perpetua
357 4691 372 4721 »
395 4701 438 4712 —
462 4664 563 4729 Heba.
596 4659 834 4729 holocaustum
855 4669 1058 4749 perpetuum
1081 4694 1125 4705 -
1151 4682 1166 4715 «
1193 4652 1232 4720 ia
1260 4651 1497 4743 pancratiastas

170 4780 311 4853 castras,
330 4768 378 4835 ad
397 4767 521 4835 ostiam
543 4765 758 4835 tabernaculi
770 4762 959 4832 castimonii
978 4783 1094 4830 coram
1116 4759 1276 4843 liciniae,
1301 4759 1358 4825 ati
1375 4758 1497 4824 coacti-
