3534 5384
213 353 272 412 abt}
618 365 760 410 nosroauu
779 365 936 412 sacaoauu
956 365 1133 412 insusurra.

213 523 320 570 unum
333 523 436 591 supra
446 500 604 567 alterum.
615 505 656 567 At
664 523 733 567 non
744 500 807 567 soli
815 500 938 567 calami
946 521 1005 567 scu
1016 502 1103 567 rami
1114 523 1193 567 suos
1206 500 1399 590 producent
1410 500 1540 584 caliceS,

212 608 271 676 sed
282 605 396 698 ipsum
406 607 508 673 etiam
523 606 647 673 hastile
662 629 721 673 seu
739 611 879 673 truncus
896 631 902 674 :
921 629 952 673 u.
972 613 1013 674 3h
1028 633 1043 668 «
1062 609 1102 672 ln
1116 607 1190 698 ipso
1206 620 1322 672 autem
1338 605 1543 674 candelabro

211 729 312 782 crum
327 725 477 804 quatuor
490 712 612 802 scyphi
627 741 643 772 a
661 735 720 780 seu
734 713 875 793 caliace,
894 742 909 772 «
936 711 973 779 in
987 713 1086 780 naccis
1102 713 1254 800 modrmr,
1271 713 1545 803 sphaerulaeque

208 845 271 913 per
284 821 440 910 sinpulos
459 833 492 886 et
507 819 586 886 lilia
606 848 636 886 a.
654 825 770 909 Ipsum
782 819 922 886 tandem
938 819 1062 886 hastile
1075 819 1112 886 in
1125 824 1274 908 quatuor
1288 821 1413 886 calices
1425 841 1544 908 super-

210 929 338 1019 positos
352 927 546 1007 efflorescit,
565 948 634 993 non
649 925 686 992 in
701 933 784 1001 tren,
798 926 848 991 uti
862 925 988 994 calami
1001 925 1174 993 laterales
1192 949 1223 992 v.
1239 933 1281 994 35
1299 955 1314 986 a
1332 926 1545 1016 Sphaerular

211 1035 272 1103 suh
291 1033 422 1100 derebus
442 1032 586 1100 calamis
596 1055 663 1123 per
681 1032 749 1100 tria
763 1034 855 1117 loca,
874 1031 937 1122 qul
955 1031 1060 1098 simul
1073 1055 1133 1100 sea
1148 1033 1252 1122 fizrrrt,
1268 1031 1491 1122 procedentes
1503 1032 1544 1100 dc

212 1141 332 1209 hastili
344 1163 412 1207 arna
431 1167 460 1209 s.
477 1139 634 1207 Pluribus
647 1139 759 1206 verbis
769 1139 829 1206 sed
841 1138 968 1206 clarius
979 1141 1081 1207 Hebr.
1099 1161 1172 1206 rem
1188 1140 1337 1230 explicat
1353 1160 1361 1207 ε
1379 1153 1411 1207 et
1425 1140 1544 1230 sphae-

214 1249 292 1314 rula
305 1248 398 1336 infra
411 1246 496 1313 dacos
512 1245 675 1335 (intimos)
692 1245 844 1312 calamos
859 1270 902 1313 ea
912 1269 962 1328 ca,
975 1267 1020 1312 sc.
1035 1246 1246 1313 candelabro
1260 1248 1540 1336 progerminans;

215 1367 247 1420 rt
274 1352 458 1444 sphaerula
480 1353 577 1440 infra
603 1350 690 1418 duos
716 1352 871 1442 (medios)
894 1353 1045 1419 calarnos
1066 1375 1108 1418 ec
1123 1372 1181 1436 ea,·
1200 1366 1231 1419 ct
1246 1351 1431 1442 sphaerula
1450 1355 1544 1443 infra

216 1461 299 1528 duos
313 1460 487 1549 (summos)
505 1459 654 1526 calamos
668 1482 710 1526 ea·
723 1479 782 1544 ro,·
796 1459 914 1549 qcaeoad
930 1481 989 1526 sea
1006 1459 1155 1526 calamos
1175 1458 1387 1548 epredr'entes
1406 1459 1448 1526 cle
1464 1482 1543 1525 ran-

216 1566 366 1634 rlelahrc.
392 1571 471 1632 Tres
500 1566 537 1633 in
560 1567 633 1656 ipso
654 1565 856 1633 candelabri
873 1565 991 1632 hastili
1012 1571 1110 1632 crant
1130 1565 1350 1654 sphaerulae,
1379 1589 1396 1630 e
1421 1566 1544 1655 quibus

216 1672 484 1760 egrediebantur
506 1695 574 1739 non
596 1672 687 1755 lilia,
709 1673 759 1739 uti
780 1671 926 1740 adstruit
951 1675 1036 1754 Ka,
1053 1670 1113 1739 sed
1128 1673 1197 1738 duo
1215 1672 1356 1755 calami,
1374 1672 1544 1762 simulque

216 1780 328 1868 ipsum
346 1778 467 1846 hastile
488 1778 591 1846 altius
610 1799 799 1865 assurgens.
816 1804 847 1846 v.
869 1785 913 1847 36
930 1806 946 1839 «
961 1781 1007 1845 Et
1019 1777 1225 1869 sphaerulae
1245 1779 1357 1867 ipitur
1372 1791 1404 1844 et
1419 1777 1547 1845 calami

217 1909 259 1954 ec
272 1887 345 1975 ipso
360 1896 460 1952 erunt
476 1913 493 1948 u
509 1885 729 1965 candelabro,
745 1909 786 1954 ex
796 1887 870 1975 ipso
885 1885 991 1953 veluti
1007 1891 1205 1966 nascentum
1223 1886 1317 1974 quod
1328 1885 1425 1952 illico
1438 1884 1546 1973 expli-

217 1998 334 2061 catur:
354 2022 369 2054 «
388 1991 546 2059 urticersa
563 1991 709 2082 ductilia
723 1992 1054 2082 cleauropura'ssr'mo
1074 2021 1107 2074 a,
1122 2014 1181 2059 seu
1197 1992 1320 2059 clarius
1336 1991 1437 2058 Hehr.
1457 2012 1469 2056 .·
1485 1990 1548 2056 toti

216 2111 317 2166 errant
331 2122 439 2166 ararem
454 2098 564 2188 (opus)
577 2088 762 2166 daretileea
778 2121 862 2166 auro
875 2099 1073 2190 purissimo.
1096 2103 1168 2164 Non
1187 2099 1302 2166 variae
1317 2105 1435 2188 partes
1449 2119 1546 2187 sepa-

217 2212 311 2273 ratae
323 2206 551 2296 parabuntur,
563 2205 624 2271 scd
637 2209 746 2272 totum
755 2227 841 2294 opus
855 2228 895 2272 ex
906 2229 975 2273 uno
988 2207 1057 2272 fiet.
1071 2205 1173 2272 Hehr.
1190 2227 1202 2270 .·
1215 2204 1417 2294 sphaerulae
1429 2225 1547 2270 eorum

218 2325 250 2378 et
269 2312 399 2380 calami
414 2333 547 2395 eorrrm,
564 2333 609 2378 sc.
629 2311 769 2378 illorum
787 2335 843 2379 sex
856 2312 1068 2378 calamorum
1088 2312 1133 2400 (v.
1152 2311 1227 2401 35),
1244 2333 1328 2398 ergo
1348 2333 1405 2378 sex
1423 2311 1545 2377 calami

218 2423 250 2485 et
264 2417 466 2512 sphaerulae
481 2423 564 2496 tres3
581 2417 641 2484 sed
657 2417 806 2507 idipsum
822 2440 903 2484 sane
917 2417 1020 2484 etiam
1039 2418 1128 2485 valet
1143 2417 1185 2484 de
1199 2417 1341 2508 reliquis
1355 2417 1547 2507 sphaerulis

220 2525 263 2612 (v,
281 2526 350 2612 33).
369 2547 401 2591 v.
424 2530 466 2589 37
484 2551 499 2584 «
516 2523 635 2590 Facies
652 2536 685 2590 et
698 2523 854 2590 lucernas
872 2537 1017 2613 septem,
1036 2536 1068 2591 et
1080 2547 1186 2614 pones
1202 2547 1257 2592 cas
1271 2546 1372 2613 super·
1384 2522 1508 2590 candel
1530 2561 1547 2572 -

219 2635 332 2714 hrurn,
349 2644 388 2696 ut
402 2630 538 2696 luceant
551 2652 594 2696 ea
608 2629 748 2697 aduerso
768 2659 784 2692 »
793 2683 803 2714 ,
820 2653 863 2696 aa
877 2629 1017 2697 adcensa
1034 2630 1146 2718 faciel
1161 2631 1248 2712 eiras,
1271 2651 1316 2698 sc.
1334 2629 1544 2706 candelabri,

218 2761 278 2804 seu
292 2737 479 2804 secundum
496 2740 594 2802 Num.
610 2741 667 2819 8,2
679 2745 718 2805 ut
731 2736 918 2827 respiciant
933 2737 977 2804 ad
992 2737 1132 2804 boream
1143 2744 1176 2804 et
1191 2737 1234 2804 ad
1249 2759 1402 2804 mensam
1417 2758 1546 2826 panum

217 2843 470 2934 propositionis.
487 2849 595 2922 Quare
608 2843 810 2934 perspicitur
819 2842 940 2932 (Cal),
956 2843 1113 2910 lucernas
1123 2843 1200 2911 illas
1214 2865 1284 2910 non
1295 2843 1398 2910 fuisse
1408 2843 1547 2910 omnino

218 2951 336 3042 planas
351 2957 384 3016 ct
398 2951 515 3016 lumen
532 2952 721 3040 aequaliter
735 2950 772 3016 in
786 2971 904 3017 omnes
917 2950 1038 3039 plagas
1053 2950 1296 3034 diffundentes,
1313 2950 1372 3018 sed
1386 2950 1546 3016 habuisse

217 3057 325 3124 voluti
346 3061 455 3124 rostra
476 3058 514 3124 in
537 3079 608 3124 una
631 3062 739 3147 parte.
763 3079 794 3124 v.
822 3063 864 3124 38
888 3085 903 3117 «
922 3057 1148 3124 Enrrcnctorz'a
1173 3069 1372 3147 quoquest,
1388 3055 1547 3144 ubiquae

219 3175 378 3230 erratuum
396 3175 476 3230 sunt
490 3164 768 3250 eastinpuantur,
783 3165 872 3253 piant
888 3163 929 3228 (lc
947 3187 1032 3230 auro
1049 3163 1235 3254 purissimo
1254 3192 1284 3230 n.
1303 3169 1327 3232 E
1347 3167 1444 3229 Num.
1470 3169 1546 3241 16,ss

220 3269 359 3356 collige,
376 3285 472 3334 annu
497 3292 565 3336 non
585 3291 655 3336 esse
683 3269 800 3359 palam
827 3293 886 3338 seu
909 3271 1067 3338 batillum
1091 3293 1153 3360 pro
1185 3269 1409 3352 carbonihuS,
1435 3290 1547 3357 neque

219 3374 401 3463 forcipem,
424 3375 484 3442 sed
498 3375 723 3461 thum'hulum,
745 3398 816 3442 non
834 3376 924 3444 illud
941 3377 1080 3466 quidem
1098 3377 1192 3466 quod
1210 3376 1470 3463 circumagitur,
1488 3373 1546 3441 sed

219 3483 254 3548 in
275 3504 343 3571 quo
365 3483 457 3568 ignis
477 3488 669 3550 asservatur
682 3483 726 3549 ad
741 3482 920 3550 incensum
940 3483 1150 3550 adolendum
1164 3488 1198 3550 et
1210 3482 1255 3550 ad
1269 3482 1353 3549 alias
1372 3481 1548 3570 lampades

221 3587 466 3655 accendendas,
494 3611 527 3656 v.
549 3595 591 3654 39
618 3618 633 3650 u
656 3591 777 3676 [Omne
796 3589 951 3678 pondus]
968 3589 1166 3656 candelabri
1180 3612 1257 3656 erun
1278 3587 1443 3655 unimrsr's
1458 3587 1547 3654 uasis

219 3696 291 3761 suis
305 3693 438 3761 habehit
453 3695 620 3762 talentum
639 3695 718 3762 auri
737 3695 919 3786 purissimi
948 3724 978 3763 a.
1000 3699 1090 3762 LXX
1107 3697 1269 3762 omittunt
1289 3711 1373 3766 una,
1393 3700 1426 3761 ct
1442 3695 1544 3761 llebr.

222 3799 342 3869 Chald.
370 3807 446 3890 post
469 3823 544 3868 eam
568 3824 686 3869 vocem
712 3803 873 3888 ignorant
892 3802 1051 3891 copulam
1070 3825 1077 3870 :
1097 3803 1273 3889 assignant
1288 3800 1397 3888 igitur
1415 3800 1548 3891 pondus

220 3908 508 3976 emunctoriorum
538 3914 572 3974 et
591 3908 861 3984 thuribulorum,
893 3930 963 3975 non
991 3930 1072 3975 vero
1094 3909 1144 3975 rei
1163 3909 1304 3974 omnino
1325 3907 1545 3997 praecipuae,

220 4015 429 4081 candelabri.
449 4013 597 4082 Omnino
612 4022 689 4104 post
705 4032 774 4079 unu
789 4014 971 4082 scribenda
981 4016 1103 4104 copula
1120 4037 1197 4081 cum
1212 4019 1306 4080 Sam.
1331 4013 1430 4102 Vulp.
1448 4015 1546 4101 Syro.

264 4121 530 4210 Descriptionem
551 4121 676 4188 claudit
700 4122 863 4208 generale
877 4122 931 4207 (cl.
949 4145 981 4186 v.
1000 4121 1033 4208 a)
1048 4121 1229 4188 monitum.
1252 4143 1284 4186 v.
1303 4124 1344 4186 ht)
1364 4147 1379 4181 a
1395 4120 1546 4208 Inspice,

221 4238 250 4292 et
263 4228 322 4315 fac
341 4226 527 4294 secundam
547 4227 734 4317 exemplar,
750 4227 845 4318 quod
860 4228 925 4294 tiln'
940 4228 977 4293 r'n
994 4242 1106 4294 ritontr
1122 4240 1347 4294 monstratum
1363 4239 1412 4294 est
1429 4253 1457 4292 s,
1480 4230 1550 4303 Quo

222 4333 427 4423 supplentur
452 4355 509 4414 ea,
531 4356 620 4423 quae
646 4334 757 4400 verbis
784 4334 822 4401 in
847 4333 1024 4423 prioribus
1042 4355 1110 4400 non
1130 4333 1422 4422 exprimebantur,
1449 4355 1480 4398 v.
1511 4353 1546 4419 g.

222 4461 309 4528 quae
329 4439 445 4506 futura
460 4447 545 4507 esset
556 4440 757 4507 candelabri
772 4440 919 4509 altitudo
937 4440 1048 4529 (Cal).

687 4629 710 4688 β.
727 4629 902 4674 Sanctuarium
919 4627 964 4674 Ex.
983 4629 1085 4686 aulae.

266 4767 350 4830 ltcm
375 4759 418 4826 de
437 4781 473 4826 sc
493 4781 563 4826 non
586 4761 634 4826 ita
655 4760 792 4828 facilem
810 4759 989 4827 intellectu
1005 4759 1235 4826 difficiliorem
1257 4759 1409 4826 reddidit
1432 4760 1548 4850 l‘'ulp.‚
