3534 5384
260 367 298 426 18
820 379 1036 424 rurnouucrro.

258 515 411 578 orationis
426 515 567 576 articulis
579 515 802 575 adhibeantur.
816 513 897 576 Sunt
908 530 984 573 vero
1000 511 1057 573 hae
1072 513 1231 574 clausulae
1247 530 1286 573 ex
1300 513 1371 591 ipso
1386 517 1474 574 textu
1489 517 1594 584 natae,

256 631 320 674 non
340 614 373 672 in
391 613 484 673 illum
503 613 692 691 importatae
717 629 724 670 :
751 635 766 666 ι(
790 611 856 672 Hoc
876 617 925 671 est
945 611 1169 671 holocaustum
1188 634 1222 681 a,
1241 634 1256 665 a
1279 609 1527 670 Sacrosanctum
1546 615 1596 671 est

255 710 316 771 hoc
332 733 363 784 »‚
382 717 440 770 etc.
456 707 568 770 Simile
583 709 660 787 quid
674 725 802 770 cernere
819 713 867 769 est
882 709 915 768 in
929 708 1035 768 'Phora
1047 706 1214 767 Munditiei
1231 709 1306 768 hev.
1323 709 1428 780 ll-lb,
1439 707 1496 768 ubi
1509 707 1596 768 inlo-

255 825 329 870 cum
344 809 441 869 unius
459 806 617 886 generalis
632 806 876 886 subscriptionis
892 807 963 876 7,3l
977 824 1025 884 sq.
1046 822 1053 864 ε
1069 828 1084 860 «
1101 805 1185 865 ilaec
1201 809 1250 866 est
1268 805 1360 866 thora
1371 805 1549 867 holocausti
1563 809 1595 866 et

254 903 400 966 minchae
414 909 473 965 etc.
488 927 517 976 »,
531 902 708 964 succedunt
718 903 864 981 eJusdem
877 902 997 963 formae
1009 901 1235 980 inscriptiones
1246 902 1382 980 singulis
1398 902 1465 980 ejus
1479 902 1593 963 thorae

253 1002 377 1080 legibus
392 1001 502 1062 ailixae
522 1003 613 1087 ΗΑΒ
630 1019 690 1080 sq.;
710 1001 920 1073 la,7;13,59;
940 1001 1043 1072 iata.
1062 1001 1170 1073 asan
1183 1001 1276 1074 iasa
1293 1017 1341 1078 sq.
1355 998 1405 1078 (ci.
1422 1001 1591 1074 trigami,

253 1101 313 1178 till.
328 1099 430 1170 Thera
444 1097 628 1160 Sanctitatis
641 1100 715 1158 Lev.
730 1099 825 1158 lS-tb
838 1097 1112 1175 subscriptionem
1127 1096 1258 1174 quidem
1273 1114 1339 1157 non
1354 1097 1466 1172 habet,
1481 1097 1594 1159 articu-

252 1197 299 1258 los
314 1215 390 1258 vero
406 1196 575 1276 distinguit
589 1212 744 1275 perquam
760 1194 931 1257 artificiose
946 1194 1041 1255 certis
1057 1192 1247 1272 quibusdam
1263 1193 1427 1266 turmulis,
1443 1212 1507 1254 non
1523 1195 1594 1273 qui-

252 1293 326 1355 dem
346 1311 384 1354 ex
400 1295 470 1373 ipso
491 1297 643 1355 contextu
664 1293 763 1367 natis,
781 1293 836 1353 sed
853 1294 960 1354 eidem
983 1290 1127 1354 studiose
1147 1291 1302 1352 intextis:
1322 1316 1336 1346 κ
1360 1294 1424 1370 ligo
1446 1292 1541 1352 lahre
1558 1316 1590 1364 »,

253 1417 268 1447 α
291 1392 455 1453 Custodite
470 1392 622 1452 mandata
637 1408 711 1452 mea
725 1415 758 1464 »‚
776 1413 791 1445 α
810 1391 901 1450 iuxta
919 1390 1186 1451 consuetudinem
1200 1390 1344 1467 gentium
1362 1407 1403 1450 ne
1421 1391 1543 1450 faciatis
1558 1414 1590 1462 »‚

253 1513 267 1544 ι(
290 1489 394 1550 Sancti
410 1493 512 1550 estote
529 1512 557 1547 ».

292 1587 432 1658 Quarum
454 1585 602 1648 omnium
621 1584 832 1647 formularum
853 1584 972 1663 triplex
990 1585 1116 1645 videtur
1136 1601 1205 1644 esse
1221 1583 1306 1664 fiais.
1322 1585 1476 1645 Formula
1492 1609 1507 1640 c
1524 1587 1590 1663 ligo

248 1683 343 1744 Iahve
358 1707 373 1739 n
393 1686 424 1744 et
441 1683 665 1761 subscriptio«
682 1684 767 1742 llaec
787 1687 835 1744 est
850 1682 941 1743 thora
956 1687 1016 1742 etc.
1034 1705 1050 1736 »
1067 1682 1191 1760 pondus
1206 1680 1329 1742 addunt
1346 1682 1486 1760 legibus,
1504 1684 1589 1761 quod

251 1799 304 1841 cas
328 1799 392 1842 non
415 1781 568 1850 humana,
597 1780 653 1864 sed
679 1779 775 1840 Iubae
801 1779 988 1840 auctoritate
1011 1779 1228 1857 promulgatas
1255 1797 1324 1839 esse
1352 1780 1595 1840 demonstrent.¹

250 1879 431 1939 Auctoritas
446 1896 523 1940 vero
543 1877 675 1956 legitera
695 1877 789 1938 lehre
810 1896 874 1939 non
893 1876 957 1938 alio
976 1877 1076 1955 magis
1095 1881 1239 1954 tempore
1261 1875 1321 1937 luit
1340 1877 1468 1938 assidue
1487 1877 1588 1938 incul-

249 1977 348 2037 canda
364 1993 461 2055 quam
477 1994 531 2049 eo,
548 1992 610 2053 quo
624 1975 758 2036 Hebraei
774 1975 870 2035 modo
886 1975 1071 2053 inceperant
1086 1975 1189 2034 Deum
1207 1974 1328 2034 avitum
1345 1973 1476 2035 nomine
1494 1974 1587 2035 [alive

249 2072 425 2153 appellare,
447 2090 522 2152 ergo
539 2072 655 2151 Moysis
668 2076 825 2151 tempore.
845 2105 884 2115 -
897 2073 961 2134 Hae
974 2071 1149 2144 formulae,
1166 2071 1212 2132 uti
1229 2071 1326 2131 etiam
1339 2072 1500 2149 reliquae,
1516 2076 1589 2133 sunt

248 2168 307 2251 adj
311 2177 434 2230 amenta
449 2169 613 2230 memoriae
626 2187 749 2247 nosque
762 2174 914 2230 revocant
927 2169 967 2230 ad
982 2168 1063 2229 illud
1078 2173 1224 2248 tempus,
1242 2168 1370 2247 quando
1385 2170 1587 2247 paucissimis

247 2267 377 2347 legendi
393 2272 424 2328 et
441 2266 602 2328 scribendi
620 2275 720 2328 artem
736 2267 943 2336 callentibus,
960 2267 1046 2347 leges
1063 2283 1080 2327 e
1099 2266 1257 2326 memoria
1277 2267 1485 2344 potissimum
1506 2267 1587 2327 reci-

250 2366 409 2426 tabantur.
427 2365 463 2425 ln
478 2364 603 2444 legibus
618 2381 713 2443 porro
726 2369 792 2424 tam
808 2364 935 2438 multis,
953 2367 1017 2424 tam
1030 2364 1219 2442 compleris,
1237 2367 1301 2423 tam
1317 2364 1403 2424 haud
1419 2382 1491 2424 raro
1504 2364 1588 2424 inter

248 2481 281 2523 se
303 2462 466 2522 similibus
480 2462 652 2523 recitandis
672 2461 865 2521 conveniens
881 2463 948 2521 erat
962 2459 1071 2521 haberi
1092 2460 1259 2522 intervalla
1274 2461 1449 2537 quaedam,
1468 2462 1586 2540 quibus

248 2560 407 2620 memoria
427 2559 609 2638 quiesceret
632 2566 664 2620 et
685 2559 888 2637 dirigeretur.
906 2558 1009 2629 Quare
1031 2573 1083 2618 eas
1103 2557 1257 2619 formulas
1279 2563 1405 2620 tantum
1426 2561 1531 2632 abest,
1550 2565 1587 2620 ut

247 2658 409 2718 recentius
429 2656 531 2717 textui
546 2655 703 2718 adhibitas
723 2673 792 2716 esse
813 2655 1043 2726 concedamus,
1062 2660 1098 2716 ut
1116 2672 1170 2715 eas
1191 2656 1298 2733 potins
1317 2661 1482 2734 tamquam
1501 2677 1587 2716 aenc-

248 2753 368 2814 rendae
387 2752 586 2834 antiquitatis
605 2753 734 2833 uestigio
752 2769 955 2814 veneremur.
980 2753 1056 2825 Quis
1078 2769 1223 2830 unquam
1241 2754 1404 2832 evangelia
1426 2755 1584 2833 ejusmodi

249 2851 394 2915 formulis
418 2853 617 2932 distinguere
640 2851 826 2912 attentavit?
842 2850 873 2910 ld
896 2868 971 2910 vero
992 2850 1066 2911 ideo
1087 2868 1153 2910 non
1172 2854 1221 2910 est
1241 2849 1382 2927 iactum,
1399 2850 1486 2929 quod
1506 2869 1585 2912 nns-

250 2967 346 3029 quam
364 2966 443 3010 aeuo
459 2949 633 3010 christiano
649 2948 823 3018 defuerint,
840 2948 897 3027 qui
913 2948 1077 3025 evangelia
1096 2948 1255 3027 ascriptis
1272 2953 1304 3008 et
1318 2948 1462 3026 legerent
1477 2949 1538 3027 ipsi
1555 2954 1584 3010 et

249 3047 319 3107 aliis
337 3047 567 3125 preelegerent.
586 3048 641 3107 Est
656 3051 687 3108 et
702 3045 762 3106 alia
781 3045 879 3118 ratio,
897 3061 979 3124 quae
994 3045 1109 3106 suadet
1127 3045 1281 3107 formulas
1297 3045 1368 3105 illas
1386 3063 1457 3107 esse
1471 3063 1585 3125 peran-

248 3145 381 3223 tiques:
406 3161 471 3204 non
491 3144 623 3205 eaedem
643 3144 793 3204 omnibus
812 3143 931 3222 pariter
951 3143 1076 3222 legibus
1096 3142 1278 3220 affiguntur.
1296 3144 1464 3205 Recentior
1476 3150 1584 3205 autem

250 3242 353 3302 scriba
372 3241 458 3301 idem
478 3243 585 3321 potius
605 3240 818 3301 formularum
838 3258 940 3321 genus
960 3240 1078 3318 ubique
1098 3241 1197 3302 textui
1213 3258 1302 3301 sacro
1320 3240 1529 3302 adhibuisset.
1546 3277 1585 3285 —

251 3339 377 3400 Tertius
391 3339 523 3400 tandem
543 3337 733 3418 quandoque
749 3338 871 3399 accedit
886 3338 959 3398 finis
974 3357 982 3398 ;
1002 3338 1174 3411 formulae,
1189 3338 1346 3419 imprimis
1361 3339 1584 3418 inscriptiones

250 3442 282 3497 et
305 3437 568 3515 subscriptiones,
587 3433 666 3516 lepos
690 3433 826 3496 diversas
847 3435 880 3494 in
902 3454 997 3494 arram
1020 3434 1141 3495 iliorum
1161 3441 1338 3495 conterunt.
1355 3435 1390 3495 Id
1415 3437 1447 3497 in
1472 3437 1584 3496 Thoris

251 3534 494 3603 Sacrificiorum,
512 3533 697 3608 Munditiei,
715 3532 899 3594 Sanctitatis
915 3531 1194 3594 evidentissimum
1208 3537 1267 3593 est.

286 3706 374 3757 Porro
397 3703 517 3756 termula
540 3711 616 3764 nitri
641 3712 699 3762 nat
722 3718 752 3756 rc
779 3704 878 3756 eadem
903 3709 947 3756 eat
967 3716 1032 3755 cum
1049 3704 1232 3768 inscriptione
1252 3704 1305 3755 Ex.
1331 3704 1408 3763 it,i3
1423 3711 1490 3764 nan
1511 3713 1582 3768 near,

251 3793 295 3857 (ci.
310 3793 378 3845 ch.
393 3793 454 3855 li,t
467 3799 535 3850 nint
544 3800 597 3850 nti
607 3799 675 3851 itta
690 3800 768 3850 tatii
782 3791 838 3859 tit),
854 3798 881 3843 et
894 3794 964 3843 baec
976 3793 1074 3843 eadem
1086 3795 1130 3843 est
1141 3805 1204 3842 cum
1217 3794 1398 3856 expressione
1417 3773 1491 3854 obiit
1503 3801 1581 3877 ripn,

251 3897 323 3947 quac
342 3884 455 3933 nonnisi
472 3883 609 3933 institutis
623 3895 689 3932 vere
706 3883 850 3941 mosaicis,
866 3883 886 3930 i.
902 3894 928 3930 e.
945 3883 980 3931 iis
997 3894 1071 3944 qnae
1091 3888 1153 3930 ante
1172 3881 1288 3944 Moysen
1302 3888 1377 3932 certe
1391 3895 1449 3932 non
1463 3885 1583 3934 exsisto·

250 3972 331 4032 bant,
350 3971 520 4023 adscribitur
531 3971 567 4022 ad
585 3973 750 4036 perpetuam
765 3971 821 4021 illis
838 3971 1032 4020 auctoritatem
1046 3969 1203 4020 taciendam
1221 3984 1227 4019 :
1245 3970 1338 4021 Phasc
1356 3970 1414 4036 (Ex.
1435 3971 1524 4033 tali.
1540 3972 1580 4022 li.

252 4059 310 4124 ili,
327 4058 495 4124 quibusdam
510 4059 701 4122 spectantibus
714 4059 874 4110 sacerdotes
889 4060 1036 4110 aaronicos
1051 4057 1158 4123 (tana
1176 4058 1272 4120 30,21;
1285 4059 1354 4110 ch.
1371 4059 1463 4126 6‚l8),
1475 4060 1583 4112 testlsa

251 4147 346 4210 Moyse
361 4151 488 4200 recenter
503 4149 639 4199 institutis
653 4147 730 4212 tLev.
745 4147 835 4209 iata.
853 4146 901 4201 34:
919 4147 1010 4208 thil.
1026 4147 1132 4213 illl),
1147 4149 1361 4198 mactationibus
1373 4149 1512 4199 universis
1526 4151 1582 4199 ritu

251 4249 330 4287 sacro
349 4235 484 4286 iaciendis
504 4235 579 4303 (Lev.
600 4235 686 4302 tm),
703 4235 766 4287 oleo
781 4235 942 4300 lampadum
962 4240 990 4287 et
1003 4235 1124 4301 panibus
1141 4237 1344 4300 propositionis
1361 4235 1438 4299 (hev.
1454 4237 1527 4297 iti.
1544 4238 1582 4303 9).

252 4325 388 4378 coniicias
404 4327 565 4389 igiturquia
583 4337 640 4374 non
656 4325 887 4390 improbabiliter,
903 4324 1051 4375 termulam
1070 4326 1155 4376 etiam
1174 4331 1250 4382 nitri
1269 4332 1328 4381 tlttt
1344 4327 1497 4378 adhibitam
1518 4340 1581 4380 essa

251 4414 285 4464 ab
304 4415 366 4478 ipso
383 4413 478 4476 Moyse
497 4415 533 4465 ad
552 4413 746 4464 auctoritatem
765 4413 971 4464 conciliandam
990 4415 1049 4464 suis
1063 4413 1229 4478 quibusdam
1247 4415 1358 4477 legibus
1376 4418 1436 4466 sivo
1454 4419 1581 4468 recenter

145 4499 149 4514 ¹
251 4502 371 4552 conditis
387 4503 447 4552 sive
464 4515 499 4553 ex
514 4503 577 4552 aliis
591 4502 794 4566 antiquioribus
809 4503 838 4552 in
853 4515 940 4552 unum
952 4503 1065 4553 coactis.
1080 4528 1117 4538 —
1133 4502 1264 4553 Formula
1275 4505 1342 4555 itcm
1357 4521 1376 4552 «-
1390 4504 1450 4569 ligo
1465 4506 1551 4556 iahve
1566 4521 1577 4552 r

250 4589 345 4655 Moyse
362 4592 504 4655 antiquior
521 4594 596 4642 certe
614 4603 671 4641 non
686 4593 738 4641 cst.
756 4617 792 4628 -
807 4591 921 4642 israelis
938 4591 1141 4642 «sanctitatem
1157 4608 1169 4640 r
1188 4594 1248 4643 tota
1261 4593 1443 4645 Pentateuchi
1456 4596 1580 4646 narratio

250 4680 403 4744 proclamat
425 4676 469 4744 (ci.
487 4679 609 4732 Genesin
631 4681 659 4730 et
680 4679 763 4731 Deut.
783 4680 842 4741 7,6;
864 4679 905 4740 ll,
929 4679 1007 4740 aab
1028 4679 1124 4740 tara
1146 4679 1236 4746 28,9);
1252 4682 1302 4731 sed
1319 4695 1354 4733 ea
1373 4694 1484 4735 rursum
1500 4685 1579 4735 nullo

250 4773 375 4834 ternpore
391 4769 481 4834 magis
500 4772 559 4820 crat
578 4767 748 4820 inculcanda
763 4782 806 4830 ec,
823 4782 879 4835 quc
898 4768 977 4833 leges
991 4769 1020 4818 in
1040 4767 1118 4819 Sinai
1136 4768 1305 4824 terebantur.
1323 4771 1468 4824 Formulas
1490 4789 1502 4821 c
1522 4773 1579 4825 Cir-
