3534 5384
240 379 279 438 70
693 390 802 436 morsis
822 391 899 436 acra
920 391 952 434 nv
973 391 1123 435 secvrro.

238 533 391 581 ‹limentum
409 531 485 580 Deus
504 530 638 580 miraculo
653 530 773 580 tolleret.
790 530 857 580 Post
875 530 995 592 primam
1008 529 1095 591 igitur
1108 529 1259 591 repulsam,
1276 529 1390 592 Moyses
1409 529 1483 581 idem
1497 531 1574 582 desi-

240 621 347 670 deriam
366 618 539 679 manifestat,
556 620 705 669 distantius
724 617 810 669 etiam
828 631 913 682 quam
929 622 1027 678 antea,
1045 631 1107 667 cum
1125 631 1183 668 nen
1198 620 1254 668 iam
1269 618 1304 668 de
1326 621 1433 682 «gravi
1445 619 1545 684 lingua
1564 631 1577 661 υ

240 709 289 760 secl
306 710 340 758 de
360 724 371 756 r
389 709 590 758 incircumcisis
607 707 714 758 labiis»
732 709 871 771 loquatur,
888 707 1026 756 labiorum
1045 703 1133 757 veluti
1152 708 1396 758 circumcisionem
1411 721 1428 758 a
1443 709 1505 759 Deo
1519 710 1576 758 cir-

240 798 419 847 cmncisionis
434 800 555 860 expetat.
573 797 619 856 At,
633 809 689 845 non
704 796 807 858 Moysis
823 795 954 845 ineundis
967 796 1017 845 sed
1032 795 1083 846 Dei
1098 797 1224 858 potentia
1242 795 1404 858 adigendus
1424 802 1485 847 erat
1499 797 1576 847 Pha-

240 901 289 936 rao
310 899 316 936 :
334 899 420 950 quare
441 885 530 946 Deus,
547 887 677 948 exiguam
701 885 804 947 Moysis
827 883 912 935 fidem
935 886 1018 935 tacite
1038 883 1261 947 reprehendens,
1277 885 1379 936 iisdem
1403 885 1462 938 iere
1485 888 1570 950 atque

241 981 306 1026 ante
320 975 414 1026 verbis
429 975 569 1024 Aaronem
582 974 763 1024 demonstrat.
776 974 898 1024 Adverte
912 972 1039 1034 tandem,
1055 973 1135 1034 licet,
1148 987 1220 1037 quae
1235 973 1340 1035 6,t-7,7
1357 975 1500 1036 dicantur,
1516 976 1575 1026 sint

242 1063 464 1114 antedictorum
486 1061 594 1125 affinia,
609 1065 638 1114 at
656 1064 741 1125 longe
765 1061 875 1113 diverso
897 1062 999 1113 ellectu
1021 1062 1224 1126 proier·ri.‚t,3i
1246 1063 1370 1126 populns
1391 1063 1473 1113 dietis
1490 1063 1574 1116 iacile

242 1153 386 1212 credebat,
404 1152 449 1216 aa
464 1151 548 1202 fidem
566 1151 701 1214 denegat,
718 1151 784 1200 dum
803 1150 913 1214 Moyses
932 1156 960 1202 et
981 1152 1075 1202 Aaron
1094 1152 1151 1200 illis
1170 1151 1215 1212 7,6
1234 1149 1319 1200 fidem
1336 1151 1458 1214 habent,
1475 1154 1576 1204 ceteris

242 1243 282 1291 uti
301 1241 395 1291 divina
412 1240 549 1292 electione
570 1243 608 1290 ita
626 1241 728 1290 virtute
747 1242 833 1290 etiam
851 1238 1025 1303 praelucent.
1042 1240 1097 1299 Qui
1115 1239 1231 1290 effectus
1250 1239 1375 1303 proiecto
1394 1239 1497 1303 dignus
1513 1246 1575 1304 est,

244 1332 291 1392 qui
304 1329 440 1398 narretur.
457 1357 491 1366 -
506 1329 547 1380 De
563 1328 673 1390 ens-28
687 1328 760 1378 inira
774 1329 909 1378 dicemus

483 1537 505 1568 a.
517 1521 647 1579 Eloquium
662 1520 740 1567 labra
751 1535 807 1567 cum
821 1521 942 1567 Israelitis
954 1521 1182 1568 communicandum
1197 1521 1244 1568 Ex.
1255 1521 1339 1580 6,2·9.

286 1701 369 1787 dap.
380 1719 436 1748 ·-
453 1705 540 1765 lleus
557 1697 709 1764 filiorum
729 1697 845 1778 lsrael,
864 1698 925 1787 qui
943 1698 978 1763 in
993 1698 1162 1786 populum
1181 1703 1415 1778 excreverant,
1433 1698 1574 1765 iuturus

242 1805 407 1893 peculiari
428 1805 528 1871 titulo
556 1805 654 1884 deus,
680 1804 860 1893 proprium
883 1826 1013 1870 nomen
1035 1805 1219 1891 selegerat,
1248 1827 1316 1894 quo
1332 1803 1377 1870 ab
1397 1805 1480 1893 ipsis
1499 1810 1538 1871 et
1559 1828 1580 1870 a

242 1914 371 1978 circum
390 1911 619 1978 incolentibus
640 1910 838 1978 nationibus
853 1916 1032 1999 tamquam
1056 1933 1175 1978 eorum
1194 1911 1280 1978 deus
1301 1915 1543 1997 agnosceretur
1571 1932 1580 1977 ε

245 2040 372 2084 nomen
392 2019 503 2085 lahve.
520 2017 688 2084 Lubentes
704 2018 771 2084 hoc
784 2039 909 2084 nomen
922 2040 991 2084 una
1007 2040 1085 2084 cum
1100 2018 1202 2085 lahve
1217 2017 1409 2108 promissiS,
1427 2016 1582 2104 angariis

245 2125 398 2215 oppressi
423 2132 500 2205 t,31
522 2124 668 2190 Hebraei
687 2132 904 2213 receperant3
921 2123 1072 2215 idipsum
1095 2146 1210 2190 rursus
1233 2123 1452 2211 gravioribus
1470 2146 1578 2210 anga-

245 2232 304 2298 riis
316 2231 499 2298 exanimati
512 2236 546 2296 et
557 2230 747 2296 scribarum
761 2252 902 2297 suorum
916 2237 992 2311 531
1006 2231 1167 2297 conviciis
1177 2231 1312 2320 abrepti
1327 2229 1582 2297 erubescebant

245 2339 386 2403 iamiam
410 2337 546 2426 levique
573 2359 678 2426 opera
702 2335 910 2403 videbantur
935 2360 1006 2404 esse
1029 2335 1234 2403 abdicaturi.
1268 2342 1378 2414 Quare
1399 2335 1579 2426 eloquium

247 2444 316 2511 edit
331 2449 431 2525 DeuS,
448 2443 544 2509 cuius
557 2465 692 2510 summa
711 2444 797 2510 haec
812 2449 862 2510 est
886 2466 893 2511 :
911 2445 1014 2510 lahve
1027 2442 1120 2509 idem
1136 2448 1184 2510 est
1202 2450 1306 2533 atque
1328 2444 1367 2511 ΕΙ
1381 2443 1580 2525 Sobaddai,

247 2556 280 2614 et
295 2571 414 2615 omnes
427 2548 667 2638 promissiones
685 2550 729 2615 ab
749 2549 787 2615 ill
802 2548 974 2615 Schaddai
989 2550 1095 2616 factas
1116 2550 1188 2639 ipsc
1203 2550 1375 2638 implebit.
1398 2548 1499 2616 Unde
1513 2549 1582 2615 eol-

248 2658 349 2742 ligas,
372 2661 478 2739 (ii-8,
500 2655 582 2721 licet
599 2655 641 2721 sit
661 2661 800 2737 3,13-l'l
820 2655 919 2722 valde
938 2657 1057 2736 aliine,
1075 2678 1146 2723 non
1166 2678 1236 2722 esse
1251 2677 1383 2723 meram
1399 2655 1451 2721 ib.
1471 2654 1582 2722 dicto-

249 2785 325 2829 rum
350 2762 606 2853 repetitionem,
632 2763 692 2830 sed
719 2762 914 2828 membrum
940 2761 1145 2830 narrationis
1167 2784 1308 2852 prorsus
1330 2762 1582 2830 necessarium.

249 2875 331 2937 item
346 2869 421 2936 luce
436 2868 615 2935 clariorem
630 2868 788 2959 pluribus
802 2869 966 2957 prosequi
979 2891 1050 2935 non
1069 2868 1177 2935 lubet.

293 2983 410 3056 Porro,
436 2976 523 3042 sicut
544 2979 652 3042 textus
674 2974 870 3061 gravissimi
892 2981 971 3058 3‚1t
991 2997 1042 3064 sq.
1065 2975 1133 3042 tria
1147 2973 1493 3064 deprehendebamus
1507 2995 1579 3040 esse

251 3083 422 3164 membra,
440 3103 588 3171 quorum
609 3079 798 3148 secundum
820 3085 852 3146 et
874 3081 1013 3149 tertium
1034 3103 1096 3171 per
1115 3085 1247 3168 Moysen
1267 3081 1348 3147 filiis
1368 3081 1493 3160 lsrael,
1512 3080 1585 3169 pri-

251 3210 345 3254 mum
360 3187 422 3254 soli
438 3187 540 3274 Moysi
554 3188 709 3276 profatur
728 3190 814 3253 Deus
835 3208 842 3253 :
865 3187 915 3254 ita
929 3187 1005 3277 pari
1019 3187 1159 3254 omnino
1176 3188 1308 3254 ratione
1323 3189 1431 3253 nostri
1450 3186 1579 3275 eloquii

250 3295 318 3360 duo
347 3293 590 3360 discernuntur
616 3293 787 3376 membra,
818 3315 966 3382 quorum
991 3295 1142 3383 primum
1167 3299 1263 3376 tin-5
1292 3301 1378 3361 Deus
1404 3293 1450 3359 ad
1471 3293 1582 3360 solum

251 3405 398 3488 Moysen,
418 3399 565 3467 alterum
580 3391 675 3480 6,6-8
692 3422 756 3489 per
776 3404 909 3488 Moysen
923 3400 969 3467 ad
983 3400 1153 3490 populum
1173 3399 1362 3488 eloquitur.
1384 3403 1474 3478 Non,
1492 3399 1585 3488 quod

252 3529 320 3572 non
341 3507 444 3573 etiam
465 3514 556 3590 3,1tl
570 3513 604 3574 et
626 3512 722 3587 (tn-5
746 3512 871 3594 Moyses
898 3506 1056 3574 universo
1072 3505 1207 3595 populo
1232 3505 1406 3587 retulerit,
1429 3507 1518 3572 sicut
1543 3529 1585 3573 ca

252 3612 470 3702 postmodum
498 3614 654 3680 omnium
672 3613 748 3679 usui
764 3613 879 3680 sutura
902 3613 997 3681 fuere
1013 3613 1183 3703 descripta
1202 3634 1210 3679 :
1228 3612 1290 3679 sed
1309 3635 1348 3678 eo
1364 3613 1481 3700 formo
1498 3618 1586 3679 Deus

252 3720 312 3785 iras
332 3719 556 3786 revelationes
580 3717 703 3804 edidit,
726 3741 794 3808 qua
816 3723 953 3807 Moysen
976 3741 1060 3810 prae
1083 3719 1219 3809 reliquo
1238 3720 1368 3810 populo
1393 3719 1585 3786 honoraret

253 3827 352 3914 cique
365 3830 502 3914 practer
512 3846 569 3909 ea,
587 3847 675 3914 quae
690 3826 844 3892 omnium
859 3831 970 3892 essent
985 3824 1198 3908 communia,
1215 3825 1331 3914 aliqua
1347 3824 1587 3915 impertiretur

255 3932 361 4018 magis
377 3953 519 4013 aroana,
537 3953 625 4021 quae
643 3932 716 4022 ipse
736 3954 815 3998 cum
834 3934 963 4021 populo
982 3931 1081 4022 quasi
1095 3931 1138 3998 de
1152 3955 1212 3997 sao
1226 3930 1513 3998 communicaret.

298 4040 408 4106 Verba
427 4061 459 4105 v.
482 4045 541 4105 6-8
558 4038 597 4105 in
615 4037 726 4128 capite
747 4044 780 4105 et
802 4038 846 4105 ad
868 4039 998 4105 calcem
1019 4039 1230 4129 adscriptam
1249 4037 1381 4105 habent
1400 4037 1587 4104 formulam

254 4148 326 4233 Epo
342 4145 455 4212 latre.
481 4149 558 4210 Post
576 4145 766 4212 revelatum
793 4167 839 4212 sc.
859 4167 985 4211 nomen
1005 4146 1109 4213 Iahve
1125 4145 1252 4234 passim
1270 4150 1357 4211 Deus
1381 4168 1422 4211 ea
1440 4144 1590 4210 formula

253 4274 313 4317 sua
329 4251 466 4341 eloquia
486 4257 519 4318 et
534 4251 697 4318 mandata
712 4250 846 4318 orditur
867 4252 912 4339 (v.
932 4258 990 4333 293
1007 4257 1103 4334 203,
1121 4257 1202 4318 Lev.
1222 4257 1317 4333 1823
1335 4258 1415 4331 ΞΟΠ
1434 4273 1485 4339 sq.
1504 4249 1585 4335 etc.)

256 4357 568 4447 etconcludit(Lev.
585 4363 684 4440 list
696 4379 746 4446 sq.
758 4379 766 4440 3
779 4364 891 4438 1831.
903 4364 963 4440 303
977 4358 1169 4447 iiipassim;
1180 4363 1296 4438 rent.
1309 4364 1351 4422 26
1361 4379 1368 4438 ;
1379 4364 1419 4423 21
1431 4379 1481 4446 sq.
1492 4358 1587 4445 etc).

256 4468 371 4529 Esica
394 4465 501 4530 instar
522 4463 634 4554 stylite·
656 4463 860 4530 documento
880 4463 972 4531 affixi
997 4465 1098 4553 eique
1121 4462 1228 4530 fidem
1247 4462 1414 4530 facientis.
1438 4461 1590 4530 Eandem

255 4570 438 4637 termulam
451 4569 558 4637 habes
571 4593 602 4637 v.
620 4577 641 4636 2
653 4570 752 4638 initio
766 4570 889 4659 prioris
902 4571 1004 4638 huius
1017 4571 1143 4660 eloquii
1157 4567 1322 4652 membri,
1342 4569 1403 4636 ubi
1419 4593 1460 4636 ea
1472 4575 1589 4636 tamen

252 4700 323 4744 non
339 4677 427 4743 meri
444 4677 550 4763 sigilli
569 4678 735 4743 rationem
752 4677 874 4760 habet,
897 4678 956 4744 sed
975 4678 1077 4745 simul
1092 4688 1237 4744 tesserae
1254 4676 1330 4742 loco
1344 4682 1393 4744 est
1411 4676 1586 4765 sequenti·

256 4783 320 4851 bus
334 4783 557 4850 evolvendae.
