3534 5384
245 367 285 428 20
806 377 1016 422 rnrncnucrro.

222 577 228 588 ,
247 519 328 578 ratio
344 535 361 576 a
381 516 564 576 criticorum
579 513 808 575 modernorum
825 512 1033 574 commentis.
1051 511 1199 573 Traditae
1214 513 1293 592 legis
1309 513 1408 574 etiam
1419 513 1580 574 humanae

246 621 368 677 textum
381 632 445 674 non
460 613 581 691 forcipe
594 612 810 684 dissecabant,
824 629 891 670 non
901 629 958 670 sua
971 610 1222 689 interpolabant,
1241 610 1296 672 sed
1309 630 1428 693 samma
1445 609 1580 672 traditae

249 711 322 794 lepis
350 711 532 772 tenebuntur
553 707 739 786 reuerentia,
755 713 880 770 textum
902 725 1003 786 aeque
1026 724 1152 769 sacrum
1175 707 1337 769 habebant
1357 715 1454 786 atque
1474 710 1579 787 ipsam

245 812 365 890 legem,
384 810 413 869 ei
434 826 497 868 non
510 807 666 868 violentas
683 825 799 867 manus
812 807 993 867 inferebant
1007 805 1080 878 sed,
1094 805 1122 866 si
1143 822 1225 884 quae
1243 807 1381 866 decursu
1395 811 1581 886 temporum

245 907 391 968 addenda
404 905 600 976 viderentur,
619 921 657 965 ea
675 921 742 964 non
757 905 836 982 legi,
854 903 984 982 qualem
998 903 1059 983 ipsi
1076 904 1225 964 traditam
1239 909 1442 982 acceperant,
1460 906 1579 966 insere-

247 1007 324 1066 bant
344 1004 399 1064 sed
423 1003 461 1064 ad
478 1003 597 1064 calcem
617 1001 723 1063 eidem
744 1000 967 1062 adnectebant.
982 1003 1092 1062 Nonne
1107 1001 1270 1061 similibus
1287 1002 1353 1062 lere
1372 1002 1579 1063 incrementis

247 1108 378 1164 auctum
392 1107 439 1162 est
453 1101 551 1162 etiam
567 1099 687 1180 Corpus
701 1099 782 1160 luris
797 1099 963 1170 canonici,
975 1098 1174 1178 labyrinthus
1186 1097 1255 1174 illa,
1268 1115 1330 1177 quo
1345 1098 1436 1160 facile
1453 1101 1579 1179 ignarus

247 1205 279 1260 et
303 1201 447 1260 incautus
468 1197 675 1258 absorbetur?
697 1199 779 1275 Ergo
805 1197 929 1274 lloyses
954 1195 1003 1255 vel
1027 1197 1173 1276 quisquis
1194 1197 1281 1258 hunc
1303 1198 1412 1276 legum
1436 1197 1581 1258 codicem

249 1297 447 1376 composuit,
465 1311 531 1356 non
547 1311 657 1355 omnes
672 1294 758 1372 leges
778 1292 924 1354 condidit
942 1311 1056 1367 novas,
1071 1293 1126 1353 sed
1146 1293 1268 1373 aliquas
1287 1300 1387 1366 certe,
1406 1312 1488 1374 quaa
1509 1301 1581 1356 ante

247 1395 355 1474 ipsum
372 1392 575 1466 exstiterant,
589 1392 676 1470 leges
689 1391 845 1452 humanas
857 1391 1046 1451 auctoritate
1059 1390 1153 1452 lahve
1168 1392 1371 1453 confirmatas
1383 1392 1423 1452 ad
1437 1393 1582 1454 ordinem

247 1491 353 1571 legum
370 1490 551 1552 divinarum
567 1489 681 1550 evexit.

288 1591 317 1649 h.
338 1587 438 1648 Thero
459 1585 692 1668 Sacrificiorum
707 1586 832 1646 duabus
852 1585 999 1665 partibus
1019 1589 1158 1660 constat,
1176 1603 1313 1664 quarum
1332 1586 1433 1648 ultera
1448 1588 1582 1670 comple-

249 1693 383 1747 mentum
410 1692 455 1746 est
478 1685 604 1767 prioris.
625 1685 674 1745 Sc.
696 1701 768 1763 pars
793 1685 867 1743 Lev.
893 1685 1022 1760 t‚t-6,7
1047 1683 1143 1742 ratum
1164 1685 1327 1746 variorum
1350 1686 1581 1748 sacrificiorum

248 1784 360 1860 tradit,
378 1783 590 1845 differentiam
604 1783 681 1842 item
696 1781 781 1842 inter
796 1781 990 1841 sacrificium
1005 1797 1061 1858 pro
1074 1786 1203 1860 peccato
1219 1786 1253 1842 et
1265 1799 1324 1863 pro
1344 1782 1477 1857 delicto,
1494 1783 1580 1864 quod

250 1898 320 1942 cam
342 1885 450 1942 notam
474 1884 648 1958 supponat,
663 1896 728 1939 non
747 1877 899 1957 explieat;
915 1895 989 1957 pars
1004 1895 1079 1939 vero
1094 1881 1237 1952 tta-rau
1258 1880 1424 1942 evidenter
1439 1881 1580 1959 comple-

249 1979 350 2040 menti
371 1979 529 2039 rationem
551 1978 664 2048 habet,
681 1975 842 2054 imprimis
864 1976 1087 2037 hamnitarum
1109 1981 1215 2054 partes
1239 1982 1271 2039 et
1290 1978 1394 2040 officia
1416 1979 1580 2040 describit.

249 2077 309 2149 Qui
329 2076 490 2138 scribendi
510 2074 627 2135 modus
646 2074 785 2134 maxima
806 2073 954 2134 convenit
973 2073 1003 2133 ei
1023 2075 1163 2146 auctori,
1181 2076 1238 2154 qui
1260 2075 1340 2137 ritus
1357 2095 1375 2137 a
1397 2077 1584 2156 patriarchis

248 2173 381 2235 traditos
405 2179 523 2243 servat,
544 2171 639 2233 simul
663 2177 773 2232 tamen
795 2188 853 2249 pro
875 2176 1061 2249 temporum
1085 2173 1273 2235 necessitate
1296 2174 1446 2253 complet.
1468 2175 1584 2253 Ecquis

251 2271 458 2344 dubitaverit,
482 2270 559 2348 quin
584 2270 665 2329 ritus
692 2266 893 2328 sacrificandi
916 2285 979 2329 non
1004 2274 1149 2330 mutatus
1170 2270 1212 2330 sit
1235 2275 1395 2343 serratus,
1418 2273 1520 2350 qualis
1544 2274 1582 2333 ab

250 2368 407 2428 Abraham
428 2366 563 2428 traditus
582 2365 697 2427 luerit?
713 2367 822 2444 Neque
845 2364 918 2425 ideo
937 2364 1075 2426 dicimus
1096 2370 1218 2428 textum
1233 2368 1317 2448 legis
1335 2371 1479 2443 6,8-7,36
1496 2387 1584 2450 pror-

250 2481 304 2526 sus
327 2464 465 2526 eundem
484 2465 654 2538 mansisse,
676 2463 733 2541 qui
755 2465 827 2522 ante
848 2462 977 2523 luerat:
997 2480 1055 2541 pro
1071 2465 1200 2524 nomine
1224 2464 1332 2527 divino
1351 2468 1533 2546 antiquiore
1552 2473 1585 2528 et

251 2579 402 2641 provoca
419 2585 434 2616 (ι
457 2561 639 2622 sacerdotes
660 2583 675 2615 »
697 2559 897 2621 scribebatur
918 2583 933 2614 α
955 2559 1049 2621 lahve
1065 2584 1080 2615 »
1103 2565 1135 2622 et
1153 2585 1168 2616 «
1189 2563 1247 2622 lilii
1266 2567 1371 2625 Aaron
1389 2584 1421 2640 »3
1438 2565 1525 2644 leges
1546 2565 1585 2627 da

250 2659 455 2728 holocaustis,
468 2657 507 2719 de
521 2657 670 2731 minchis,
684 2657 722 2719 de
736 2656 889 2736 pacificis,
905 2655 944 2717 de
958 2658 1122 2720 sacrificiis
1132 2677 1190 2738 pro
1206 2666 1335 2738 peccato
1351 2667 1383 2722 et
1397 2681 1455 2742 pro
1470 2664 1586 2726 delicto

253 2759 285 2817 in
302 2773 405 2818 unum
428 2755 595 2830 collectac;
613 2755 735 2827 addita,
757 2753 801 2816 uti
825 2751 1031 2830 crediderim,
1046 2758 1119 2817 hev.
1134 2759 1274 2831 hil-lm
1291 2761 1364 2832 {alb
1381 2777 1443 2838 sq.;
1458 2764 1583 2836 5,¹t-l3;

251 2857 351 2928 tta-7.
367 2890 407 2898 -
422 2853 590 2926 Quomodo
605 2853 685 2932 legis
705 2853 745 2913 de
762 2849 850 2933 tepeo
863 2852 1006 2914 humana
1021 2853 1217 2934 paragrapho
1237 2857 1328 2916 alteri
1349 2857 1472 2919 adnexa
1490 2858 1588 2920 fuerit

251 2954 301 3014 lex
325 2953 363 3013 de
387 2952 477 3030 lepra
498 2951 652 3024 vestium,
671 2956 703 3012 et
723 2948 923 3030 paragrapho
944 2951 1059 3012 tertiae
1081 2951 1130 3013 lex
1152 2952 1191 3014 de
1210 2953 1301 3032 lepra
1322 2954 1508 3030 domorum,
1526 2975 1584 3018 suo

251 3051 322 3111 loeo
335 3066 543 3127 exponemus.

291 3149 321 3208 3.
335 3147 496 3207 Habemus
506 3146 573 3224 jam
586 3144 682 3216 illud,
699 3143 851 3225 quasdem
866 3147 997 3224 Moysen
1011 3146 1113 3224 leges,
1123 3151 1191 3208 tam
1203 3149 1348 3226 profanas
1361 3168 1456 3230 quam
1468 3171 1583 3228 sacras,

251 3263 317 3306 non
337 3262 433 3304 novas
456 3243 629 3316 effinxisse,
647 3241 703 3303 scd
724 3243 936 3322 amajoribus
955 3243 1087 3304 traditas
1107 3262 1181 3306 suas
1200 3245 1313 3309 secisse
1331 3266 1338 3307 :
1356 3248 1444 3326 leges
1457 3249 1496 3311 de
1515 3252 1585 3311 ani-

252 3342 389 3403 malibus
411 3338 541 3401 mundis
565 3345 598 3400 et
620 3339 813 3414 immundh,
830 3340 869 3401 de
891 3339 1085 3402 laesionibus
1109 3345 1269 3420 corporis,
1290 3345 1330 3407 de
1354 3348 1587 3410 sacrificiorum

253 3437 492 3501 offerendorum
515 3437 590 3497 ritu.
610 3438 653 3496 Ex
675 3454 738 3514 quo
758 3437 842 3498 lacto
864 3439 1005 3516 exsurgit
1023 3439 1104 3500 ratio
1126 3457 1282 3519 perquam
1304 3444 1480 3522 probabilis
1500 3463 1587 3508 assa—

253 3537 359 3606 rendi,
374 3534 481 3616 plures
497 3535 590 3595 ctiam
600 3531 680 3594 altas
695 3531 773 3614 depes
788 3535 936 3616 antiquas
948 3535 1076 3616 Moysen
1089 3539 1337 3619 transumpsraae.

293 3651 322 3694 a.
339 3636 379 3694 Et
392 3632 536 3712 primum
549 3630 682 3710 quidem
697 3631 842 3694 teruntur
854 3633 941 3711 leges
954 3632 1111 3710 quaedam
1125 3634 1164 3696 dc
1177 3635 1287 3697 ritibus
1298 3640 1433 3700 externis
1445 3642 1584 3720 minutia,

254 3733 309 3810 qui
329 3731 355 3791 si
375 3751 394 3790 a
412 3732 477 3790 Deo
497 3729 602 3808 primo
624 3729 737 3790 invecti
758 3746 829 3791 esse
850 3731 1067 3804 adstruantur,
1084 3732 1213 3810 sapiunt
1231 3737 1340 3798 nescio
1362 3739 1438 3816 quid
1459 3742 1586 3820 angusti

253 3833 381 3907 Ileoque
401 3843 514 3906 parurn
533 3826 632 3904 digni.
648 3829 728 3906 Age,
744 3844 801 3887 cur
815 3829 899 3889 Deus
919 3829 1059 3906 optimus
1078 3830 1239 3892 maximus
1258 3839 1323 3894 lam
1343 3852 1452 3897 severe
1472 3837 1587 3900 iterato

252 3926 454 4006 prohibuerit
465 3929 593 3985 teneras
606 3923 738 3985 haeduli
755 3941 867 3986 earnes
882 3925 977 4004 coqui
996 3925 1030 3985 in
1043 3944 1198 4006 generoso
1212 3929 1306 4009 adipe
1323 3935 1435 3994 matris
1450 3933 1520 4014 (Ex.
1535 3938 1586 4013 23,

254 4027 307 4098 ¹93
330 4024 437 4097 atam
458 4023 549 4083 Deut.
576 4020 708 4100 than?
726 4023 785 4083 Gur
810 4022 849 4084 de
872 4023 990 4085 vertice
1011 4025 1092 4085 coeli
1113 4029 1326 4107 praeceperit,
1344 4036 1378 4092 ut
1400 4049 1508 4108 servo,
1529 4038 1585 4114 qui

251 4121 435 4182 libertatem
457 4119 620 4181 recusaret
643 4135 727 4179 anno
755 4119 934 4194 sabbatico,
956 4121 1172 4200 perforaretur
1195 4126 1283 4184 auris
1307 4127 1373 4207 (Ex.
1394 4132 1505 4211 hl,6)?
1525 4134 1589 4196 Cur

253 4235 472 4298 possessorem
496 4216 695 4295 prohibuerit
716 4217 862 4279 residuas
887 4223 960 4296 post
981 4224 1123 4296 segetem
1148 4225 1179 4282 et
1203 4221 1400 4287 vindemiam
1425 4230 1531 4308 spicas
1556 4237 1588 4293 et

250 4333 329 4378 uvas
344 4315 492 4394 colligere
516 4313 602 4394 (hev.
622 4315 693 4384 leat
707 4311 794 4394 sq.)?
809 4319 842 4376 et
861 4331 982 4393 equum
1002 4319 1036 4377 et
1054 4317 1168 4378 bovem
1183 4337 1273 4382 arare
1292 4324 1377 4383 una?
1391 4331 1447 4387 aut
1465 4326 1586 4407 duplici

253 4413 376 4474 semine
400 4410 541 4474 eundem
567 4427 678 4490 agrurn
698 4411 760 4473 seri
781 4410 865 4490 (hev.
890 4412 1211 4495 19,l9)‘lcurlegem
1232 4419 1341 4481 tulerit
1359 4422 1399 4483 da
1418 4429 1586 4505 praeputio

252 4514 402 4574 arborum
423 4509 508 4588 (Lev.
533 4507 718 4587 tama-rat?
738 4511 799 4570 llas
820 4511 856 4572 llt
881 4510 975 4588 plana
991 4515 1026 4581 et
1046 4515 1228 4592 perspicua,
1245 4516 1273 4576 si
1295 4528 1517 4599 supponantur
1537 4526 1584 4586 illi

252 4609 370 4687 aliique
390 4607 512 4668 similes
532 4607 612 4668 ritus
632 4607 809 4685 antiquitus
823 4608 892 4686 jam
915 4609 947 4669 in
969 4609 1067 4689 stirpe
1088 4612 1190 4674 electa
1206 4631 1276 4675 esse
1296 4617 1455 4680 observati
1477 4623 1584 4685 adres

253 4708 350 4769 iustas
372 4710 404 4767 et
425 4709 547 4766 sanctas
570 4703 804 4784 exprimendas.
819 4707 916 4766 Erant
938 4706 1035 4786 igitur
1057 4707 1103 4768 illi
1128 4710 1210 4772 ritus
1230 4731 1344 4791 mores,
1366 4722 1496 4797 eratque
1519 4723 1583 4784 Deo

253 4805 386 4867 minime
406 4803 589 4883 indignum,
606 4806 641 4864 ut
659 4802 730 4882 pios
752 4803 825 4865 illos
844 4821 949 4866 moras
968 4804 1036 4884 lege
1056 4806 1153 4868 etiam
1173 4810 1245 4871 data
1263 4814 1474 4879 confirmaret.
1489 4819 1584 4882 Plura
