3534 5384
753 418 803 461 nx.
827 404 899 467 rte
921 419 985 470 soo.
1249 451 1250 454 ,
1479 409 1538 467 215

207 575 268 619 suo
283 551 386 619 dorso
405 578 421 612 »
441 550 606 617 induebat
621 573 756 617 sensum
775 580 791 612 a
813 553 943 617 intrare
957 552 1049 618 solus
1064 555 1103 617 »t
1119 553 1201 619 Sam
1217 567 1306 643 tibi:
1320 555 1539 622 videturesse

207 656 383 726 mendum.
407 680 439 723 v.
467 663 524 724 t«
550 657 614 723 Sin.
633 671 748 723 aetem
771 656 931 724 (tornines
955 657 1087 724 dederit
1110 657 1164 724 illi
1186 682 1326 726 errorem
1350 689 1365 722 »
1387 683 1456 728 non
1478 663 1538 728 hc-

205 765 347 832 braeam
368 765 437 853 (Pr.
454 764 561 852 Ion),
583 785 665 830 nam
693 764 845 832 hebraea
863 765 963 832 initio
983 763 1122 854 septimi
1144 767 1225 832 atini
1245 789 1325 832 cum
1347 769 1421 858 ipso
1445 770 1537 835 exire

209 871 344 956 debuit,
362 899 377 932 a
396 884 429 937 et
439 871 611 961 pepererit
621 871 712 960 filios
727 884 759 936 e!
770 870 882 961 filias,
900 872 1070 937 milliare!
1087 869 1186 938 liberi
1201 874 1273 940 eins
1287 888 1386 940 errent
1405 874 1539 940 clentini

205 979 276 1062 sai,
295 979 366 1068 ipse
380 1000 457 1045 occo
473 977 579 1043 eribit
595 999 671 1043 cam
686 979 810 1044 vestita
824 1001 887 1044 siro
911 1005 927 1039 »
942 1016 986 1028 -
1000 980 1136 1064 corrige
1151 979 1244 1045 solas
1256 985 1306 1062 et,
1327 981 1373 1046 uti
1388 982 1534 1060 videtur,

210 1083 431 1152 matrimonio
455 1085 585 1152 solutus
608 1083 724 1171 (Gai).
748 1107 779 1150 v.
804 1093 824 1151 5
851 1113 867 1144 α
891 1083 1020 1164 Quodsi
1033 1084 1160 1151 dicerit
1180 1109 1293 1152 serens
1314 1108 1324 1152 .·
1344 1086 1461 1176 Dilipo
1477 1087 1538 1152 elo-

206 1193 340 1258 minum
354 1212 466 1258 meam
481 1203 514 1256 et
529 1212 671 1256 acrorem
684 1213 725 1256 oc
740 1190 876 1272 liberos,
887 1214 957 1256 reon
972 1191 1131 1282 epi-odiar
1146 1192 1231 1258 liber
1246 1221 1260 1253 n
1280 1215 1287 1260 :
1303 1215 1334 1258 v.
1347 1199 1366 1258 6
1385 1221 1400 1252 a
1416 1193 1538 1284 asseret

209 1321 286 1364 eam
308 1296 467 1364 dominus
486 1296 552 1362 eliis
579 1323 613 1378 n,
635 1295 784 1364 adducet
804 1319 883 1363 eum
912 1297 956 1363 ad
976 1295 1105 1364 iudices
1131 1298 1270 1388 (Chald.
1292 1301 1395 1388 Spr.;
1416 1303 1535 1366 LXX:

205 1411 281 1494 πρὸς
293 1416 326 1472 τὸ
341 1414 489 1493 κριτήριον
504 1419 555 1470 τοῦ
573 1402 667 1487 θεοῦ).
687 1392 811 1467 ersten
825 1392 864 1467 bs
879 1426 949 1470 non
963 1425 1063 1494 posse
1076 1407 1164 1472 verti
1180 1432 1196 1466 a
1212 1405 1256 1472 ad
1267 1406 1500 1472 sanctuarium
1520 1433 1536 1466 »

210 1510 375 1600 (ultimi,
396 1507 544 1576 ostendit
559 1515 661 1590 ripa
679 1509 735 1597 (cl.
754 1509 856 1576 etiam
879 1533 912 1578 v.
931 1512 982 1599 9);
1002 1515 1098 1600 potes
1116 1517 1232 1578 autem
1254 1533 1332 1578 cum
1347 1515 1466 1600 Boosr.
1485 1513 1537 1578 in-

208 1617 363 1704 telligere
384 1643 400 1675 «
424 1614 554 1681 iudices
573 1637 687 1682 sacros
705 1645 740 1695 »,
765 1617 856 1682 inter
875 1639 961 1704 quos
982 1617 1054 1683 siue
1077 1617 1184 1685 dubio
1209 1617 1318 1708 aliqui
1343 1623 1402 1684 aut
1422 1620 1537 1706 plures

207 1725 303 1790 fuere
321 1721 525 1790 sacerdotes.
550 1750 565 1782 «
585 1723 631 1787 Et
648 1722 883 1810 applicabitur
901 1723 949 1788 ad
967 1724 1093 1789 ostiam
1113 1737 1144 1789 et
1170 1751 1185 1785 a
1206 1724 1395 1814 -reliqui
1415 1739 1474 1792 aar
1493 1763 1538 1775 -

208 1859 224 1892 a
235 1842 352 1920 postes
370 1858 399 1897 »,
416 1827 494 1906 Quis
508 1827 701 1916 applicabit
720 1829 875 1918 (liebr.)?
888 1829 983 1896 Servi
998 1829 1172 1912 dominuS,
1190 1830 1396 1920 respondent
1408 1832 1534 1921 plures,

209 1936 336 2027 quibus
363 1934 422 2002 alii
445 1933 628 2018 obiiciunt,
650 1958 713 2025 pro
735 1935 848 2023 primo
872 1940 905 2002 et
924 1937 1024 2002 tertio
1045 1937 1151 2003 verbo
1176 1936 1325 2004 adscribi
1346 1937 1536 2004 subiectum

204 2059 306 2116 qanta,
321 2064 404 2129 ergo
416 2041 512 2108 alind
527 2063 597 2106 esse
612 2041 753 2107 secundi
767 2041 866 2108 verbi
880 2041 1085 2109 subiectum.
1104 2043 1323 2132 Respondent
1336 2043 1445 2130 igitur
1457 2043 1533 2126 alii,

203 2148 317 2216 iudex.
335 2152 482 2236 Reapse,
499 2167 577 2212 cum
589 2147 689 2212 Hebr.
706 2169 778 2213 rem
789 2150 825 2213 in
839 2147 955 2213 medio
969 2147 1157 2239 relinquat,
1172 2151 1301 2238 optime
1315 2152 1417 2216 vertit
1433 2149 1534 2237 Valp.

204 2255 309 2321 verbo
332 2255 478 2344 passivo.
500 2259 550 2318 An
577 2253 704 2318 ostiraa
727 2264 760 2320 et
781 2267 894 2348 postes
920 2254 1096 2322 habebant
1114 2255 1263 2323 tentoria
1282 2255 1536 2322 Hebraeorum?

204 2361 304 2428 Nulla
316 2367 366 2427 est
376 2358 577 2440 difficultas,
593 2360 622 2424 si
634 2367 846 2450 supponatur
859 2362 946 2427 haec
956 2360 1026 2444 lex,
1044 2366 1082 2427 ut
1094 2362 1181 2429 aliae
1196 2363 1328 2453 plures,
1344 2383 1414 2428 esse
1428 2365 1536 2449 lloyse

206 2467 380 2557 antiquior
394 2472 427 2531 et
440 2467 509 2530 iam
527 2467 563 2529 in
583 2469 740 2554 Aegypto
755 2467 799 2533 ab
818 2467 979 2534 Hebraeis
1004 2489 1073 2535 esse
1095 2468 1285 2536 observata.
1307 2469 1438 2535 Ostium
1456 2489 1536 2534 vero

206 2571 395 2641 secunduln
415 2575 510 2637 [teut.
531 2578 633 2655 15,17
646 2573 843 2659 intelligere
858 2578 993 2664 oportet
1011 2575 1135 2640 ostium
1150 2573 1272 2641 domus
1287 2574 1375 2658 heri,
1393 2597 1461 2663 quo
1479 2574 1536 2640 ille

204 2679 336 2747 iudices
356 2676 551 2759 deduxerit3
574 2685 666 2745 certe
690 2702 759 2747 non
784 2679 876 2746 urbis
901 2679 969 2769 (it,
998 2680 1094 2746 cuius
1113 2682 1238 2747 ostium
1260 2701 1439 2770 nunquam
1458 2670 1535 2761 nb't,

203 2786 265 2852 sed
295 2807 431 2875 semper
451 2798 517 2851 iti*
538 2783 635 2852 audit
658 2787 816 2875 (banse).
846 2814 861 2845 a
892 2786 1152 2876 ,perforabitque
1177 2809 1297 2853 aurem
1319 2787 1391 2853 cius
1417 2815 1431 2845 s
1459 2815 1474 2846 «
1500 2787 1535 2852 in

204 2891 309 2958 ianua
322 2892 447 2959 domus
470 2920 486 2953 »
506 2897 600 2958 licut.
618 2899 719 2972 15,17
742 2920 758 2952 «
775 2892 914 2978 ,achalm
934 2906 966 2958 et
984 2894 1047 2958 erit
1070 2893 1232 2959 cisaram·
1252 2893 1288 2958 in
1311 2892 1486 2959 saeculam
1504 2920 1533 2972 a,

204 2999 300 3065 nulla
318 3000 388 3065 iam
408 2998 489 3065 anni
508 2997 677 3065 sabbatici
697 2997 817 3065 habita
836 2999 980 3065 ratione.

241 3214 318 3292 :ibib
338 3240 397 3292 'izit
417 3247 503 3284 sensu
524 3235 608 3283 obvio
631 3232 771 3296 significat
789 3245 902 3284 servum
923 3239 1104 3296 perpetuum,
1125 3248 1214 3298 usque
1236 3235 1271 3284 ad
1293 3233 1377 3286 finem
1402 3234 1485 3284 vitae.
1504 3231 1537 3282 Et

203 3325 276 3373 ratio
296 3328 373 3386 patet
387 3336 394 3371 :
410 3324 435 3372 si
455 3323 531 3372 enim
552 3322 600 3373 ilie
621 3325 664 3373 vir
678 3323 886 3374 matrimonium
910 3335 974 3372 cum
998 3337 1055 3374 non
1078 3323 1206 3374 Hebraea
1227 3323 1382 3386 praeterret
1401 3323 1534 3382 libertati,

204 3426 269 3462 cuin
283 3413 332 3462 ilia
346 3418 374 3462 et
388 3407 469 3462 liberi
485 3413 560 3461 servi
577 3415 684 3471 essent,
701 3410 768 3474 quid
786 3410 924 3472 restabat,
941 3413 995 3462 nisi
1009 3419 1040 3462 ut
1060 3414 1120 3476 ipse
1140 3414 1224 3463 ctiam
1244 3411 1337 3476 quoad
1351 3413 1460 3462 viveret
1474 3423 1536 3461 ser·

203 3503 292 3551 viret't
305 3501 412 3550 'iernen
425 3502 468 3549 Ps.
486 3501 545 3549 loa.
565 3501 675 3550 vertit«
694 3499 832 3563 usquead
854 3500 1006 3551 iubilacum
1021 3517 1049 3561 t,
1067 3501 1142 3565 quod
1163 3502 1400 3566 quinquagesimo
1423 3512 1535 3564 quoque

203 3603 279 3639 auno
289 3589 457 3639 recurrebat.
476 3588 641 3652 Appellatus
654 3589 723 3640 Lev.
741 3587 832 3649 ¹25,40‚
848 3587 899 3638 sed
911 3602 1059 3652 perperam
1074 3601 1080 3636 :
1097 3593 1140 3640 est
1154 3592 1229 3640 enim
1246 3591 1332 3653 plane
1346 3589 1459 3640 divorsa
1478 3601 1532 3638 res.

203 3677 247 3726 Ibi
262 3679 365 3740 quippe
385 3678 527 3740 mitigatio
543 3684 656 3727 nostrae
670 3679 754 3727 huius
774 3678 847 3740 legis
865 3679 1032 3740 proponitur
1047 3691 1145 3742 proco
1165 3679 1226 3728 solo
1242 3678 1386 3740 Hebraeo,
1403 3679 1451 3742 qui
1465 3689 1536 3740 pau-

202 3769 310 3830 pertate
323 3767 486 3828 compulsus
497 3767 526 3814 in
538 3767 701 3816 servitutem
713 3779 744 3815 se
759 3766 915 3816 divendcrit
932 3780 938 3814 ε
956 3779 1012 3816 non
1027 3766 1164 3817 habeatur
1179 3771 1210 3816 ut
1222 3779 1330 3828 servus,
1349 3765 1400 3817 sed
1414 3771 1446 3816 ut
1461 3777 1536 3815 nier-

203 3857 346 3910 ccnarius.
360 3867 435 3904 anno
450 3855 565 3906 iubilaei
583 3858 614 3904 in
632 3857 773 3917 integrum
787 3857 950 3905 restituatur
955 3868 962 3914 ;
981 3856 1051 3906 nibil
1071 3856 1106 3906 de
1126 3857 1201 3917 eius,
1218 3869 1303 3919 quam
1323 3856 1394 3906 iorte
1413 3855 1535 3914 duxerit,

204 3956 293 3994 uxore
311 3943 475 3994 aifirmatur.
493 3945 598 3994 Verum
617 3945 646 3993 b.
666 3945 686 3994 l.
707 3946 799 4007 agitur
822 3944 857 3994 de
881 3946 971 3996 servis
991 3945 1121 3995 hebraeis
1140 3945 1326 4008 quibuslibet,
1351 3946 1399 4008 qui
1420 3955 1536 3992 uxorem

203 4044 313 4084 servam
336 4045 394 4082 non
417 4033 568 4083 hebraeam
590 4033 730 4083 duxerint.
750 4033 915 4096 Appellatus
937 4039 988 4082 ios.
1011 4035 1078 4083 Ant.
1099 4033 1148 4083 IV.
1164 4033 1189 4083 8.
1208 4034 1256 4096 28,
1277 4035 1325 4097 qui
1349 4033 1423 4082 hanc
1443 4032 1536 4094 legem

204 4122 357 4171 mosaicam
370 4124 491 4172 recitans
506 4122 672 4185 simpliciter
690 4119 820 4181 affirmat,
838 4123 923 4172 talem
937 4135 1049 4172 servum
1067 4122 1220 4173 liberatum
1240 4135 1302 4173 esse
1322 4134 1396 4171 anno
1411 4119 1534 4171 lubilaci.

206 4209 252 4260 Sc.
269 4210 336 4270 los,
358 4211 398 4259 uti
417 4212 502 4260 etiam
518 4210 565 4260 Ps.
582 4211 642 4261 Ion.
659 4215 724 4271 etc,
741 4216 869 4261 recenset
888 4212 1023 4261 mitiorem
1043 4213 1158 4276 praxin,
1175 4225 1247 4275 quae
1265 4209 1443 4276 postmodum
1464 4210 1536 4273 legi·

204 4300 274 4349 time
287 4301 403 4349 omnino
417 4300 529 4349 invecta
543 4304 587 4350 est
598 4313 604 4348 :
617 4299 753 4350 eiusmodi
765 4303 855 4351 servis
870 4313 945 4352 anuo
961 4301 1073 4351 iubilaei
1088 4314 1198 4352 rursum
1215 4301 1333 4352 dabatur
1347 4300 1435 4362 optio.
1449 4297 1537 4363 quue

202 4386 356 4450 prudenter
370 4385 478 4439 tiebat:
495 4389 587 4452 potntt
599 4390 703 4452 quippe
722 4390 862 4451 accidere,
875 4397 908 4441 ut
927 4403 1024 4440 servus
1043 4391 1091 4440 ille
1110 4387 1208 4451 filium,
1226 4391 1274 4454 qui
1292 4391 1365 4453 patri
1385 4390 1453 4440 hero
1473 4401 1536 4438 suc-

202 4477 349 4536 cessisset,
366 4489 485 4527 uxorem
498 4478 641 4540 propriam
656 4478 759 4529 adultis
777 4479 872 4529 liberis
892 4481 985 4529 minus
1006 4481 1062 4530 iarn
1080 4479 1219 4544 diligeret.
1233 4477 1377 4528 Eiusmodi
1396 4491 1463 4528 vero
1483 4478 1536 4526 mi-

204 4566 303 4627 tigatio
316 4566 388 4628 legis
406 4578 497 4629 neque
515 4565 610 4616 billio.
630 4568 674 4617 ius
692 4567 741 4618 dat
760 4567 931 4628 allirmandi,
945 4567 996 4618 Ex.
1011 4568 1073 4629 21,ss
1089 4574 1117 4620 et
1132 4569 1199 4620 Lev.
1217 4567 1299 4629 talo
1316 4578 1443 4632 pugnare
1464 4567 1536 4613 inter

203 4666 250 4714 se,
266 4667 357 4717 neque
378 4644 468 4704 nobis
481 4634 559 4713 nliilb
577 4656 705 4707 vertendi
726 4673 738 4705 a
756 4657 894 4720 usquead
911 4657 1063 4707 iubilaeum
1080 4653 1104 4705 i.
1118 4659 1176 4717 An,
1191 4658 1257 4719 quia
1272 4669 1355 4719 reges
1370 4655 1456 4717 aliqui
1470 4665 1537 4716 poe·

203 4755 270 4792 nam
291 4745 390 4805 capitis
409 4744 467 4793 iam
486 4757 597 4807 semper
616 4747 787 4796 commutant
806 4748 835 4795 in
854 4759 993 4796 carcerem
1013 4752 1193 4808 perpetuum,
1210 4745 1304 4796 licebit
1326 4743 1536 4807 expressionem

207 4846 219 4877 ι
236 4843 328 4895 poena
340 4833 439 4894 capitis
454 4848 465 4880 r
483 4839 592 4884 vertere
607 4836 788 4897 expressione
806 4851 817 4881 r
834 4847 929 4884 carcer
943 4839 1095 4897 perpetuus
1113 4835 1144 4882 »t
