3534 5384
646 393 702 437 LEX
723 392 820 437 enisa
839 392 861 435 A
881 392 939 436 DEO
961 392 1050 437 tiri.

175 523 355 591 induracit
375 526 542 591 Dominus
561 546 620 591 cor
639 524 849 611 Pharaonis,
879 548 940 592 trec
967 524 1097 593 {timisti
1112 525 1204 615 filios
1224 529 1333 595 Israel
1355 528 1395 595 tle
1421 543 1511 597 terra
1599 540 1600 545 ’
1661 504 1722 627 ,3ῐῖἐῖ

176 654 240 697 sita
261 659 291 696 ii.

564 837 586 896 β.
602 836 654 883 lex
670 836 751 884 Phase
766 850 782 883 a
796 836 849 884 Deo
865 838 944 884 fertur
960 836 1005 885 Ex.
1024 838 1125 897 iii-io.

218 1005 301 1112 Arp'.
321 1062 366 1071 —
385 1022 503 1089 Solent
518 1022 660 1090 iamiam
679 1022 771 1112 lepos
785 1022 981 1090 narrationi
994 1021 1169 1105 interseri,
1188 1046 1277 1115 quae
1294 1024 1327 1091 i.
1343 1024 1368 1092 l.
1391 1026 1509 1115 plaga·
1594 1046 1607 1069 ²
1668 1004 1753 1117 iste!

175 1151 269 1210 rum,
289 1151 370 1195 mox
389 1129 574 1195 stationum
590 1130 648 1216 (ci.
665 1152 700 1218 p.
720 1129 755 1215 2)
771 1128 933 1196 ordinem
954 1129 1118 1220 sequitur.
1141 1130 1300 1197 Traditur
1314 1153 1420 1220 porro
1440 1132 1510 1221 pri·

176 1256 272 1303 mum
298 1258 330 1303 v.
351 1242 432 1303 i-13
451 1233 505 1303 lex
523 1236 630 1303 Phase
657 1257 698 1301 eo
722 1235 796 1325 ipso
819 1256 910 1302 anno
932 1234 1146 1320 celebrandi,
1163 1235 1246 1305 inde
1268 1238 1360 1306 idem
1385 1239 1509 1305 festum
1607 1270 1608 1273 ¹
1631 1272 1632 1277 κ
1700 1206 1729 1229 ⁴

177 1364 210 1408 v.
225 1346 329 1409 it-ie
342 1342 528 1433 quotannis
538 1342 783 1409 celebrandum
793 1342 968 1409 indicitur.
983 1346 1069 1420 Quas
1079 1342 1265 1429 duasleges
1274 1343 1396 1411 dividit
1410 1345 1505 1413 Sam.

175 1454 325 1516 extremo
343 1472 374 1515 v.
397 1455 437 1515 ti
451 1448 514 1515 ubi
531 1470 652 1539 reapse
666 1448 815 1516 habetur
827 1448 977 1517 formula
994 1478 1009 1510 (ι
1025 1453 1096 1537 Ego
1115 1448 1217 1515 lahve
1239 1477 1273 1529 ›>‚
1291 1473 1379 1541 quae
1403 1451 1507 1519 etiam

173 1576 271 1623 secus
291 1554 374 1644 (63.
393 1563 425 1623 6.
445 1561 466 1622 8
481 1554 565 1622 etin
587 1558 664 1622 Lev.
680 1555 819 1644 passim)
834 1554 953 1622 divina
972 1553 1109 1646 eloquia
1123 1555 1230 1643 sigilli
1248 1556 1356 1625 instar
1374 1557 1508 1625 orditur

175 1661 229 1728 vel
242 1660 430 1728 concludit.
444 1666 570 1729 Tamen
582 1684 614 1729 v.
635 1668 675 1728 12
686 1682 737 1751 sq.
750 1659 953 1728 abinvicem
965 1660 1097 1751 sperari
1109 1669 1301 1753 nequeunt,
1315 1670 1349 1730 et
1359 1664 1507 1731 lormula

172 1766 234 1834 illa
249 1789 320 1835 non
337 1769 530 1835 necessario
546 1767 668 1834 ultimo
685 1767 773 1854 legis
789 1767 904 1834 versui
920 1766 1071 1835 adscribi
1087 1766 1217 1835 debuit.
1240 1768 1337 1836 Alios
1356 1784 1506 1859 qnotttor

173 1875 281 1964 loyes,
297 1896 385 1964 quae
400 1874 577 1941 occasione
591 1874 698 1941 Phase
713 1872 860 1941 instituti
875 1872 1070 1956 lataesunt,
1088 1873 1194 1941 habet
1205 1898 1237 1942 v.
1256 1881 1370 1943 it-iti.
1384 1882 1502 1954 t3·5t;

176 1986 264 2061 133.
284 1987 374 2048 3-16.

207 2216 407 2279 Acgyptiorum
421 2228 527 2266 annum
541 2214 656 2266 soterem
670 2228 850 2280 nequaquam
864 2228 882 2265 a
896 2228 992 2267 menso
1010 2214 1099 2265 Nisan
1118 2217 1298 2279 incipientem
1317 2216 1437 2267 Hebraei
1453 2231 1504 2268 ne·
1609 2280 1610 2283 Ἴ

170 2318 226 2368 qne
248 2309 314 2355 ante
337 2304 459 2354 exodum
481 2307 660 2368 receperant,
681 2316 774 2369 neque
797 2310 861 2369 post
884 2304 963 2354 illam
984 2306 1123 2367 recepturi
1141 2309 1230 2355 arant.
1251 2304 1283 2355 In
1307 2306 1392 2369 stirpe
1414 2307 1505 2357 electa

171 2393 281 2445 videtur
297 2393 362 2443 inde
382 2393 416 2443 ab
434 2394 636 2458 antiquissimis
651 2394 824 2456 temporibus
844 2393 1010 2444 observatus
1029 2405 1092 2443 esse
1112 2406 1203 2443 annus
1223 2392 1344 2455 lunaris,
1361 2408 1446 2458 quem
1464 2394 1504 2445 di-

171 2487 237 2532 cunt
251 2480 351 2542 civitio,
362 2482 500 2546 incipiens
511 2495 529 2531 a
538 2494 635 2532 mense
648 2480 719 2532 Tisri
731 2495 738 2530 ε
750 2494 814 2532 eum
829 2483 932 2546 quippe
946 2483 1080 2545 supponit
1094 2481 1191 2533 diluvii
1209 2484 1349 2543 narratio,
1365 2484 1393 2533 et
1407 2483 1503 2546 Moyse
1601 2544 1603 2547 ¹
1693 2450 1756 2539 fis:

170 2572 358 2635 antiquiorem
379 2570 504 2621 declarat
515 2571 566 2619 iot.
584 2572 649 2621 Ant.
666 2570 717 2621 111.
735 2570 750 2619 3
770 2566 816 2635 tei.
830 2570 899 2621 Lev.
915 2568 1069 2634 tini-M).
1087 2570 1191 2621 Verum
1210 2578 1357 2634 practerea
1376 2573 1500 2636 antiqui·

168 2662 214 2710 tus
225 2660 367 2711 exstitisse
376 2671 482 2710 annum
492 2660 648 2711 ordientem
659 2672 676 2709 a
688 2672 785 2710 mense
795 2660 895 2721 Nisae,
909 2659 974 2709 inde
984 2658 1102 2711 efficitur
1112 2671 1247 2723 perquam
1259 2659 1413 2724 probabile,
1425 2661 1500 2723 quod

171 2748 390 2812 Babyloniorum
409 2760 520 2811 semper
539 2752 567 2797 et
591 2749 767 2811 Assyriorum
791 2761 882 2798 annus
906 2748 940 2797 ab
964 2747 1063 2800 eodem
1083 2760 1179 2799 mense
1204 2748 1314 2799 initium
1339 2752 1497 2811 sumpserit.

169 2836 245 2899 Ergo
259 2841 308 2888 aut
319 2837 431 2899 Moyses
444 2838 592 2901 pristinam
607 2838 712 2887 mensis
726 2837 814 2887 Nisae
828 2838 994 2899 religionem
1006 2837 1185 2897 instauravit,
1202 2839 1250 2887 ant
1264 2850 1337 2897 eum,
1354 2838 1402 2901 qui
1417 2844 1501 2887 antea

169 2938 249 2976 sacer
263 2938 320 2975 non
333 2925 431 2987 luerit,
448 2938 553 2977 annum
568 2938 586 2975 a
599 2938 697 2977 mense
715 2925 805 2977 Nisan
825 2925 980 2976 ordientem
1001 2925 1057 2975 iam
1072 2939 1177 2975 sacrum
1192 2928 1284 2977 sanxit
1298 2924 1433 2975 futurum.
1452 2926 1500 2975 iti-

169 3014 237 3065 dent
255 3016 424 3065 recentiores
446 3015 615 3079 quandoque
634 3028 698 3076 eos,
714 3016 763 3078 qui
783 3017 824 3065 tot
847 3015 926 3077 leges
949 3026 1037 3063 novas
1060 3025 1078 3064 a
1096 3014 1191 3076 Moyse
1215 3017 1337 3065 statutas
1358 3019 1442 3078 atque
1465 3014 1499 3065 ab

169 3102 306 3154 Hebraeis
324 3103 467 3166 extemplo
488 3104 652 3154 observatas
670 3116 770 3154 omnes
790 3103 876 3154 luisse
896 3102 1031 3153 credant:
1048 3102 1189 3153 evanescit
1207 3100 1370 3161 difficultas,
1388 3104 1412 3153 si
1431 3116 1499 3167 sup-

168 3204 258 3256 ponas
274 3204 372 3242 earum
391 3193 470 3255 leges
491 3205 548 3241 non
567 3205 671 3255 paucas
689 3192 776 3243 inisse
790 3204 847 3242 non
861 3204 965 3253 novas,
981 3191 1030 3243 sed
1044 3204 1061 3241 a
1075 3191 1241 3255 patriarchis
1260 3190 1386 3241 traditas.
1401 3191 1498 3254 Aptis-

168 3282 239 3331 simc
262 3287 358 3332 autem
376 3281 453 3331 Deus
476 3278 520 3346 (ci.
538 3278 607 3345 Cui.)
624 3280 782 3343 Hebraeos,
798 3283 847 3345 qui
866 3285 950 3331 antea
969 3280 1088 3344 populus
1102 3292 1160 3330 non
1173 3278 1304 3341 luissent,
1321 3280 1350 3329 in
1368 3280 1498 3345 poputum

167 3370 222 3420 sibi
241 3382 404 3431 assumens,
420 3370 539 3433 ubique
558 3371 665 3419 nomine
685 3371 745 3420 eius
764 3369 860 3433 populi
879 3369 955 3420 Deus
974 3369 1110 3433 appellari
1129 3368 1213 3419 vellet
1232 3368 1416 3431 declarasset,
1432 3381 1498 3419 mox

168 3461 237 3508 anni
250 3460 323 3509 socri
337 3459 440 3509 limites
454 3459 612 3522 descripsit.

204 3548 332 3598 Habebat
350 3547 542 3599 Hebraeorum
561 3560 652 3598 annus
673 3560 785 3597 menses
807 3544 954 3597 duodecim
980 3544 1003 3611 (3
1028 3546 1099 3609 Reg.
1115 3544 1184 3611 ii),
1201 3559 1320 3611 quorum
1343 3548 1497 3611 antiquitus

166 3640 282 3689 nomina
298 3636 397 3687 eadem
411 3638 493 3687 crant
509 3636 583 3699 apud
601 3635 758 3696 Hebraeos,
775 3640 860 3699 atque
882 3634 956 3697 apud
977 3635 1129 3685 Phoenices.
1148 3633 1192 3686 So.
1209 3647 1298 3699 pauca
1317 3648 1352 3686 ex
1373 3635 1496 3699 antiquis

167 3726 242 3790 apud
267 3726 412 3777 Hebraeos
435 3726 550 3776 nomina
572 3727 702 3775 novimus
724 3738 731 3772 :
756 3736 861 3775 nomen
883 3724 967 3787 primi
989 3725 1094 3774 mensis
1117 3728 1192 3778 mit
1218 3722 1280 3786 (Ex.
1305 3723 1492 3785 13,i;23,15;

167 3814 263 3876 34‚18;
282 3815 365 3866 Deut.
381 3812 468 3880 it‚i);
484 3813 599 3865 secundi
617 3818 657 3869 br
669 3810 693 3879 ti
709 3813 781 3877 Reg.
795 3813 866 3876 o,i);
881 3813 994 3876 septimi
1009 3818 1105 3869 minti
1121 3808 1146 3878 (3
1162 3811 1233 3875 Reg.
1250 3810 1320 3879 i,2);
1337 3814 1428 3862 octavi
1444 3793 1495 3866 bn

165 3904 191 3965 (3
203 3904 275 3968 Reg.
289 3902 375 3969 aii).
387 3903 447 3954 lam
457 3904 558 3953 borum
568 3902 623 3953 duo
634 3904 749 3953 nomina
757 3901 834 3966 apud
844 3901 1002 3953 Phoenices
1016 3902 1092 3951 certo
1106 3902 1262 3963 reperimus
1274 3900 1391 3967 (Corpus
1406 3901 1492 3951 inser.

167 3989 886 4054 semiticarum,rare1inscarnoenteraararts.
904 3987 981 4056 teti)
999 4003 1004 4039 :
1019 3968 1100 4045 5211.
1115 3990 1141 4040 a.
1159 3990 1198 4039 to.
1212 3989 1245 4040 ee
1263 3990 1291 4040 et
1306 3997 1390 4045 esna
1403 4003 1431 4038 n.
1449 3988 1492 4038 as.

166 4082 246 4141 Quae
260 4082 376 4132 omnino
388 4080 543 4141 sufficiunt,
555 4084 586 4130 ut
600 4078 771 4130 aiinmemus
782 4080 892 4143 reliqua
903 4080 988 4129 otiam
1000 4080 1115 4129 nomina
1132 4076 1217 4129 tuisse
1233 4078 1401 4129 eommunia.
1416 4076 1494 4136 Quo·

165 4183 227 4222 rum
247 4171 320 4221 baec
341 4171 470 4220 novimus
489 4183 495 4218 :
512 4175 600 4226 anan
624 4182 651 4218 n.
676 4168 721 4229 ii,
735 4169 781 4219 vel
802 4180 920 4219 numero
942 4167 1044 4231 plurali
1070 4174 1181 4225 namn
1203 4181 1231 4217 n.
1249 4166 1308 4218 iii.
1329 4166 1392 4227 179;
1409 4164 1493 4225 im*

168 4272 196 4308 n.
211 4258 236 4319 i,
253 4258 301 4308 ubi
315 4264 335 4317 u
348 4258 407 4310 iere
422 4263 542 4318 certum,
557 4265 582 4314 n
602 4263 630 4309 et
649 4264 668 4315 n
685 4258 800 4308 omnino
820 4260 910 4318 certa,
924 4256 973 4307 sed
991 4257 1082 4321 prima
1100 4257 1181 4307 litera
1199 4257 1256 4319 legi
1276 4256 1361 4319 piane
1381 4258 1491 4320 nequit;

163 4353 248 4403 unta
265 4354 321 4403 tiit
338 4361 367 4397 n.
384 4348 429 4407 13,
446 4348 471 4397 si
485 4349 579 4397 tamen
592 4359 692 4411 reapse
710 4347 747 4397 sit
763 4358 866 4396 nomen
881 4347 1039 4409 proprium;
1056 4324 1136 4405 iiiiii
1151 4357 1179 4395 n.
1194 4344 1227 4395 86
1246 4344 1288 4410 ici.
1306 4357 1334 4394 n.
1348 4344 1402 4409 88),
1419 4344 1493 4407 quod

164 4448 227 4487 cum
249 4438 279 4486 in
298 4435 398 4487 eodem
417 4441 502 4501 atque
522 4442 618 4491 mmp
640 4440 772 4485 contextu
793 4435 913 4497 legatur,
930 4435 1026 4499 utique
1049 4446 1152 4485 nomen
1173 4436 1216 4485 est
1232 4433 1350 4483 alicuius
1373 4434 1491 4492 mensis;

169 4532 221 4583 τ’)
243 4540 270 4575 n.
284 4526 328 4576 si.
344 4524 469 4589 Mihique
493 4525 569 4575 baud
590 4525 703 4574 dubium
724 4525 781 4584 est,
794 4535 898 4574 nomen
919 4524 1024 4574 mensis
1048 4537 1076 4573 n.
1095 4522 1139 4583 93,
1156 4523 1235 4573 cuins
1255 4523 1346 4586 prima
1365 4522 1392 4571 et
1413 4522 1493 4571 tertia

164 4616 221 4681 legi
239 4617 396 4679 nequeunt,
417 4614 468 4665 aed
485 4614 579 4664 media
600 4614 643 4664 est
663 4612 723 4675 iod,
744 4624 807 4663 esse
832 4624 936 4663 nomen
960 4616 1015 4673 itt,
1034 4612 1109 4675 quod
1129 4610 1282 4663 secundum
1304 4610 1379 4659 dicta
1400 4609 1493 4660 Phoe-

162 4705 272 4759 nicibus
294 4716 357 4754 cum
379 4702 515 4753 Hebraeis
542 4701 638 4752 debuit
661 4715 723 4753 esse
744 4714 902 4752 commune.
931 4699 1044 4752 Accedit
1070 4712 1105 4750 ex
1129 4699 1314 4764 inscriptione
1343 4698 1434 4759 Piraei
1458 4698 1492 4745 ab

168 4792 273 4856 Halery
286 4793 408 4855 primum
419 4792 494 4842 edita
506 4790 553 4857 (ci.
567 4792 589 4841 i.
600 4792 631 4840 it.
642 4792 745 4841 Zeaner
758 4792 788 4840 in
802 4790 921 4841 Wiener
933 4787 1090 4841 zeitschrift
1099 4787 1119 4837 i.
1131 4786 1158 4837 d.
1172 4786 1271 4839 Munda
1286 4787 1336 4838 des
1347 4784 1444 4837 Orient
1455 4784 1490 4834 li.

563 4898 741 4935 nutiibtit'iiit.
758 4910 789 4919 -
804 4896 831 4933 m
848 4898 890 4933 nx.
908 4896 939 4931 ar
955 4896 1010 4931 inv.
1030 4908 1061 4917 -
1078 4886 1092 4931 8
