<?xml version="1.0" encoding="UTF-8"?>
<!DOCTYPE html PUBLIC "-//W3C//DTD XHTML 1.0 Transitional//EN"
    "http://www.w3.org/TR/xhtml1/DTD/xhtml1-transitional.dtd">
<html xmlns="http://www.w3.org/1999/xhtml" xml:lang="en" lang="en">
 <head>
  <title>
</title>
<meta http-equiv="Content-Type" content="text/html;charset=utf-8" />
  <meta name='ocr-system' content='tesseract 3.04.00' />
  <meta name='ocr-capabilities' content='ocr_page ocr_carea ocr_par ocr_line ocrx_word'/>
</head>
<body>
  <div class='ocr_page' id='page_1' title='image "./commentariusine00hummgoog/commentariusine00hummgoog_0463.png"; bbox 0 0 3534 5384; ppageno 0'>
   <div class='ocr_carea' id='block_1_1' title="bbox 698 369 965 440">
    <p class='ocr_par' dir='ltr' id='par_1_1' title="bbox 698 369 965 440">
     <span class='ocr_line' id='line_1_1' title="bbox 698 369 965 440; baseline 0.007 -14"><span class='ocrx_word' id='word_1_1' title='bbox 698 383 766 427; x_wconf 74' lang='lat' dir='ltr'><em>aar.</em></span> <span class='ocrx_word' id='word_1_2' title='bbox 790 369 880 440; x_wconf 63' lang='lat'><em>1356</em></span> <span class='ocrx_word' id='word_1_3' title='bbox 902 384 965 436; x_wconf 84' lang='lat' dir='ltr'><em>sao.</em></span> 
     </span>
    </p>
   </div>
   <div class='ocr_carea' id='block_1_2' title="bbox 566 624 1096 688">
    <p class='ocr_par' dir='ltr' id='par_1_2' title="bbox 566 624 1096 688">
     <span class='ocr_line' id='line_1_2' title="bbox 566 624 1096 688; baseline 0.002 -16"><span class='ocrx_word' id='word_1_4' title='bbox 566 625 590 688; x_wconf 88' lang='grc' dir='ltr'><em>β.</em></span> <span class='ocrx_word' id='word_1_5' title='bbox 607 624 633 672; x_wconf 81' lang='lat' dir='ltr'><em>Si</em></span> <span class='ocrx_word' id='word_1_6' title='bbox 646 626 745 672; x_wconf 79' lang='lat' dir='ltr'><em>macula</em></span> <span class='ocrx_word' id='word_1_7' title='bbox 759 625 884 672; x_wconf 82' lang='lat' dir='ltr'><em>obscurior</em></span> <span class='ocrx_word' id='word_1_8' title='bbox 898 625 959 672; x_wconf 77' lang='lat' dir='ltr'><em>Iar.</em></span> <span class='ocrx_word' id='word_1_9' title='bbox 975 626 1096 681; x_wconf 69' lang='lat' dir='ltr'><em>lata-58.</em></span> 
     </span>
    </p>
   </div>
   <div class='ocr_carea' id='block_1_3' title="bbox 165 809 1498 2604">
    <p class='ocr_par' dir='ltr' id='par_1_3' title="bbox 165 809 1498 2604">
     <span class='ocr_line' id='line_1_3' title="bbox 210 809 1497 903; baseline 0 -23"><span class='ocrx_word' id='word_1_10' title='bbox 210 820 337 903; x_wconf 86' lang='lat' dir='ltr'><em>Leprae</em></span> <span class='ocrx_word' id='word_1_11' title='bbox 351 813 464 879; x_wconf 87' lang='lat' dir='ltr'><em>colore</em></span> <span class='ocrx_word' id='word_1_12' title='bbox 473 809 682 900; x_wconf 88' lang='lat' dir='ltr'><em>pallescente</em></span> <span class='ocrx_word' id='word_1_13' title='bbox 698 810 753 898; x_wconf 84' lang='lat' dir='ltr'><em>(cf.</em></span> <span class='ocrx_word' id='word_1_14' title='bbox 772 832 803 875; x_wconf 90' lang='lat' dir='ltr'><em>v.</em></span> <span class='ocrx_word' id='word_1_15' title='bbox 823 811 872 898; x_wconf 83' lang='lat'><em>6),</em></span> <span class='ocrx_word' id='word_1_16' title='bbox 890 816 1002 899; x_wconf 86' lang='lat' dir='ltr'><em>partes</em></span> <span class='ocrx_word' id='word_1_17' title='bbox 1016 810 1160 878; x_wconf 89' lang='lat' dir='ltr'><em>vestium</em></span> <span class='ocrx_word' id='word_1_18' title='bbox 1175 810 1320 878; x_wconf 88' lang='lat' dir='ltr'><em>infectae</em></span> <span class='ocrx_word' id='word_1_19' title='bbox 1340 812 1497 880; x_wconf 87' lang='lat' dir='ltr'><em>exciden-</em></span> 
     </span>
     <span class='ocr_line' id='line_1_4' title="bbox 166 914 1496 1009; baseline -0.002 -22"><span class='ocrx_word' id='word_1_20' title='bbox 166 921 230 988; x_wconf 85' lang='lat' dir='ltr'><em>dae</em></span> <span class='ocrx_word' id='word_1_21' title='bbox 250 923 342 1004; x_wconf 85' lang='lat' dir='ltr'><em>sunt,</em></span> <span class='ocrx_word' id='word_1_22' title='bbox 358 917 499 1007; x_wconf 88' lang='lat' dir='ltr'><em>reliquis</em></span> <span class='ocrx_word' id='word_1_23' title='bbox 518 915 673 984; x_wconf 86' lang='lat' dir='ltr'><em>servatis.</em></span> <span class='ocrx_word' id='word_1_24' title='bbox 690 939 723 982; x_wconf 89' lang='lat' dir='ltr'><em>v.</em></span> <span class='ocrx_word' id='word_1_25' title='bbox 752 923 795 983; x_wconf 82' lang='lat'><em>56</em></span> <span class='ocrx_word' id='word_1_26' title='bbox 811 944 827 976; x_wconf 70' lang='grc' dir='ltr'>α</span> <span class='ocrx_word' id='word_1_27' title='bbox 850 917 916 982; x_wconf 88' lang='lat' dir='ltr'><em>Sia</em></span> <span class='ocrx_word' id='word_1_28' title='bbox 936 930 1052 982; x_wconf 89' lang='lat' dir='ltr'><em>autem</em></span> <span class='ocrx_word' id='word_1_29' title='bbox 1069 914 1243 982; x_wconf 80' lang='lat' dir='ltr'><em>obscurior</em></span> <span class='ocrx_word' id='word_1_30' title='bbox 1253 917 1363 1004; x_wconf 80' lang='lat' dir='ltr'><em>scierit</em></span> <span class='ocrx_word' id='word_1_31' title='bbox 1383 917 1496 1009; x_wconf 79' lang='lat' dir='ltr'><em>[locus]</em></span> 
     </span>
     <span class='ocr_line' id='line_1_5' title="bbox 166 1023 1498 1117; baseline 0 -25"><span class='ocrx_word' id='word_1_32' title='bbox 166 1027 282 1117; x_wconf 87' lang='lat' dir='ltr'><em>leprae</em></span> <span class='ocrx_word' id='word_1_33' title='bbox 302 1052 318 1086; x_wconf 93' lang='lat'>»</span> <span class='ocrx_word' id='word_1_34' title='bbox 340 1047 400 1092; x_wconf 87' lang='lat' dir='ltr'><em>seu</em></span> <span class='ocrx_word' id='word_1_35' title='bbox 411 1024 553 1113; x_wconf 79' lang='lat' dir='ltr'><em>piaque,</em></span> <span class='ocrx_word' id='word_1_36' title='bbox 573 1051 589 1086; x_wconf 75' lang='lat' dir='ltr'><em>a</em></span> <span class='ocrx_word' id='word_1_37' title='bbox 612 1036 797 1112; x_wconf 80' lang='lat' dir='ltr'><em>postquam</em></span> <span class='ocrx_word' id='word_1_38' title='bbox 812 1023 935 1110; x_wconf 80' lang='lat' dir='ltr'><em>[uestis]</em></span> <span class='ocrx_word' id='word_1_39' title='bbox 953 1036 1003 1090; x_wconf 87' lang='lat' dir='ltr'><em>est</em></span> <span class='ocrx_word' id='word_1_40' title='bbox 1022 1024 1103 1106; x_wconf 91' lang='lat' dir='ltr'><em>lota,</em></span> <span class='ocrx_word' id='word_1_41' title='bbox 1121 1025 1302 1114; x_wconf 78' lang='lat' dir='ltr'><em>abrumpet</em></span> <span class='ocrx_word' id='word_1_42' title='bbox 1321 1046 1399 1090; x_wconf 88' lang='lat' dir='ltr'><em>eum</em></span> <span class='ocrx_word' id='word_1_43' title='bbox 1420 1029 1498 1111; x_wconf 77' lang='lat' dir='ltr'><em>[eta</em></span> 
     </span>
     <span class='ocr_line' id='line_1_6' title="bbox 165 1128 1497 1221; baseline -0.001 -23"><span class='ocrx_word' id='word_1_44' title='bbox 165 1131 277 1199; x_wconf 89' lang='lat' dir='ltr'><em>solido</em></span> <span class='ocrx_word' id='word_1_45' title='bbox 303 1130 445 1218; x_wconf 85' lang='lat' dir='ltr'><em>dividet]</em></span> <span class='ocrx_word' id='word_1_46' title='bbox 472 1157 502 1195; x_wconf 92' lang='lat'><em>».</em></span> <span class='ocrx_word' id='word_1_47' title='bbox 530 1153 561 1197; x_wconf 91' lang='lat' dir='ltr'><em>v.</em></span> <span class='ocrx_word' id='word_1_48' title='bbox 585 1136 627 1195; x_wconf 79' lang='lat'><em>57</em></span> <span class='ocrx_word' id='word_1_49' title='bbox 649 1156 665 1192; x_wconf 77' lang='lat' dir='ltr'><em>a</em></span> <span class='ocrx_word' id='word_1_50' title='bbox 693 1128 822 1210; x_wconf 81' lang='lat' dir='ltr'><em>Quodsi</em></span> <span class='ocrx_word' id='word_1_51' title='bbox 843 1128 936 1196; x_wconf 87' lang='lat' dir='ltr'><em>altra</em></span> <span class='ocrx_word' id='word_1_52' title='bbox 963 1157 992 1212; x_wconf 80' lang='lat' dir='ltr'><em>s,</em></span> <span class='ocrx_word' id='word_1_53' title='bbox 1015 1152 1151 1196; x_wconf 87' lang='lat' dir='ltr'><em>rursum</em></span> <span class='ocrx_word' id='word_1_54' title='bbox 1178 1158 1194 1191; x_wconf 72' lang='grc' dir='ltr'><em>ι(</em></span> <span class='ocrx_word' id='word_1_55' title='bbox 1225 1132 1425 1220; x_wconf 90' lang='lat' dir='ltr'><em>apparuerit</em></span> <span class='ocrx_word' id='word_1_56' title='bbox 1450 1131 1497 1221; x_wconf 79' lang='lat' dir='ltr'><em>[iu</em></span> 
     </span>
     <span class='ocr_line' id='line_1_7' title="bbox 166 1235 1498 1328; baseline -0.002 -22"><span class='ocrx_word' id='word_1_57' title='bbox 166 1239 219 1306; x_wconf 80' lang='lat' dir='ltr'><em>liis</em></span> <span class='ocrx_word' id='word_1_58' title='bbox 234 1238 328 1321; x_wconf 90' lang='lat' dir='ltr'><em>locis,</em></span> <span class='ocrx_word' id='word_1_59' title='bbox 345 1261 433 1328; x_wconf 88' lang='lat' dir='ltr'><em>quae</em></span> <span class='ocrx_word' id='word_1_60' title='bbox 449 1237 550 1326; x_wconf 90' lang='lat' dir='ltr'><em>prius</em></span> <span class='ocrx_word' id='word_1_61' title='bbox 564 1235 794 1303; x_wconf 90' lang='lat' dir='ltr'><em>immaculato</em></span> <span class='ocrx_word' id='word_1_62' title='bbox 807 1237 919 1324; x_wconf 80' lang='lat' dir='ltr'><em>eruat]</em></span> <span class='ocrx_word' id='word_1_63' title='bbox 938 1263 967 1317; x_wconf 86' lang='lat'><em>»,</em></span> <span class='ocrx_word' id='word_1_64' title='bbox 984 1237 1009 1303; x_wconf 94' lang='lat' dir='ltr'><em>i.</em></span> <span class='ocrx_word' id='word_1_65' title='bbox 1026 1259 1057 1303; x_wconf 94' lang='lat' dir='ltr'><em>e.</em></span> <span class='ocrx_word' id='word_1_66' title='bbox 1076 1235 1113 1302; x_wconf 88' lang='lat' dir='ltr'><em>ia</em></span> <span class='ocrx_word' id='word_1_67' title='bbox 1130 1249 1218 1302; x_wconf 83' lang='lat' dir='ltr'><em>ceste</em></span> <span class='ocrx_word' id='word_1_68' title='bbox 1232 1237 1287 1304; x_wconf 88' lang='lat' dir='ltr'><em>uel</em></span> <span class='ocrx_word' id='word_1_69' title='bbox 1301 1237 1338 1303; x_wconf 88' lang='lat' dir='ltr'><em>ia</em></span> <span class='ocrx_word' id='word_1_70' title='bbox 1352 1238 1498 1304; x_wconf 85' lang='lat' dir='ltr'><em>stamine</em></span> 
     </span>
     <span class='ocr_line' id='line_1_8' title="bbox 166 1342 1497 1433; baseline 0 -21"><span class='ocrx_word' id='word_1_71' title='bbox 166 1347 221 1412; x_wconf 88' lang='lat' dir='ltr'><em>oel</em></span> <span class='ocrx_word' id='word_1_72' title='bbox 239 1346 276 1412; x_wconf 88' lang='lat' dir='ltr'><em>iu</em></span> <span class='ocrx_word' id='word_1_73' title='bbox 296 1343 510 1433; x_wconf 78' lang='lat' dir='ltr'><em>subtepmiac</em></span> <span class='ocrx_word' id='word_1_74' title='bbox 522 1343 576 1409; x_wconf 90' lang='lat' dir='ltr'><em>oel</em></span> <span class='ocrx_word' id='word_1_75' title='bbox 593 1343 632 1408; x_wconf 87' lang='lat' dir='ltr'><em>ia</em></span> <span class='ocrx_word' id='word_1_76' title='bbox 647 1342 743 1410; x_wconf 85' lang='lat' dir='ltr'><em>omni</em></span> <span class='ocrx_word' id='word_1_77' title='bbox 757 1342 992 1433; x_wconf 79' lang='lat' dir='ltr'><em>supellectilia</em></span> <span class='ocrx_word' id='word_1_78' title='bbox 1012 1343 1122 1410; x_wconf 89' lang='lat' dir='ltr'><em>corio:</em></span> <span class='ocrx_word' id='word_1_79' title='bbox 1141 1344 1170 1408; x_wconf 91' lang='lat' dir='ltr'><em>si</em></span> <span class='ocrx_word' id='word_1_80' title='bbox 1190 1343 1298 1432; x_wconf 88' lang='lat' dir='ltr'><em>lepra,</em></span> <span class='ocrx_word' id='word_1_81' title='bbox 1315 1349 1497 1433; x_wconf 83' lang='lat' dir='ltr'><em>postquam</em></span> 
     </span>
     <span class='ocr_line' id='line_1_9' title="bbox 166 1448 1496 1543; baseline -0.004 -25"><span class='ocrx_word' id='word_1_82' title='bbox 166 1452 290 1543; x_wconf 88' lang='lat' dir='ltr'><em>palluit</em></span> <span class='ocrx_word' id='word_1_83' title='bbox 301 1451 354 1518; x_wconf 88' lang='lat' dir='ltr'><em>vel</em></span> <span class='ocrx_word' id='word_1_84' title='bbox 364 1450 467 1518; x_wconf 87' lang='lat' dir='ltr'><em>etiam</em></span> <span class='ocrx_word' id='word_1_85' title='bbox 483 1449 623 1516; x_wconf 86' lang='lat' dir='ltr'><em>omniuo</em></span> <span class='ocrx_word' id='word_1_86' title='bbox 636 1450 785 1531; x_wconf 85' lang='lat' dir='ltr'><em>evanuit,</em></span> <span class='ocrx_word' id='word_1_87' title='bbox 798 1448 959 1516; x_wconf 81' lang='lat' dir='ltr'>revivisci</span> <span class='ocrx_word' id='word_1_88' title='bbox 975 1501 983 1530; x_wconf 88' lang='lat'><em>,</em></span> <span class='ocrx_word' id='word_1_89' title='bbox 1000 1478 1016 1510; x_wconf 75' lang='lat' dir='ltr'><em>a</em></span> <span class='ocrx_word' id='word_1_90' title='bbox 1030 1449 1126 1538; x_wconf 86' lang='lat' dir='ltr'><em>lepra</em></span> <span class='ocrx_word' id='word_1_91' title='bbox 1137 1448 1287 1515; x_wconf 86' lang='lat' dir='ltr'><em>volatilis</em></span> <span class='ocrx_word' id='word_1_92' title='bbox 1302 1453 1348 1534; x_wconf 76' lang='lat' dir='ltr'><em>let</em></span> <span class='ocrx_word' id='word_1_93' title='bbox 1362 1454 1463 1540; x_wconf 79' lang='lat' dir='ltr'><em>capa]</em></span> <span class='ocrx_word' id='word_1_94' title='bbox 1481 1480 1496 1513; x_wconf 78' lang='lat' dir='ltr'><em>s</em></span> 
     </span>
     <span class='ocr_line' id='line_1_10' title="bbox 166 1555 1494 1646; baseline -0.002 -19"><span class='ocrx_word' id='word_1_95' title='bbox 166 1572 228 1641; x_wconf 84' lang='lat' dir='ltr'><em>est,</em></span> <span class='ocrx_word' id='word_1_96' title='bbox 244 1571 343 1633; x_wconf 65' lang='lat' dir='ltr'><em>nuru,</em></span> <span class='ocrx_word' id='word_1_97' title='bbox 358 1557 492 1646; x_wconf 79' lang='lat' dir='ltr'><em>eruptio</em></span> <span class='ocrx_word' id='word_1_98' title='bbox 506 1561 568 1638; x_wconf 86' lang='lat' dir='ltr'><em>cst,</em></span> <span class='ocrx_word' id='word_1_99' title='bbox 586 1564 685 1643; x_wconf 81' lang='grc' dir='ltr'>λέπρα</span> <span class='ocrx_word' id='word_1_100' title='bbox 700 1561 875 1639; x_wconf 58' lang='lat' dir='ltr'><em>cimbrum,</em></span> <span class='ocrx_word' id='word_1_101' title='bbox 893 1563 927 1622; x_wconf 90' lang='lat' dir='ltr'><em>et</em></span> <span class='ocrx_word' id='word_1_102' title='bbox 943 1583 959 1616; x_wconf 74' lang='grc' dir='ltr'>α</span> <span class='ocrx_word' id='word_1_103' title='bbox 978 1555 1075 1622; x_wconf 85' lang='lat' dir='ltr'><em>debet</em></span> <span class='ocrx_word' id='word_1_104' title='bbox 1085 1556 1165 1644; x_wconf 79' lang='lat' dir='ltr'><em>ipae</em></span> <span class='ocrx_word' id='word_1_105' title='bbox 1178 1555 1331 1622; x_wconf 83' lang='lat' dir='ltr'><em>comburi</em></span> <span class='ocrx_word' id='word_1_106' title='bbox 1344 1583 1373 1622; x_wconf 80' lang='lat' dir='ltr'><em>s.</em></span> <span class='ocrx_word' id='word_1_107' title='bbox 1391 1557 1494 1624; x_wconf 83' lang='lat' dir='ltr'><em>Hebr.</em></span> 
     </span>
     <span class='ocr_line' id='line_1_11' title="bbox 166 1661 1498 1752; baseline -0.001 -20"><span class='ocrx_word' id='word_1_108' title='bbox 166 1665 321 1732; x_wconf 80' lang='lat' dir='ltr'><em>cambrai</em></span> <span class='ocrx_word' id='word_1_109' title='bbox 335 1664 431 1730; x_wconf 84' lang='lat' dir='ltr'><em>debet</em></span> <span class='ocrx_word' id='word_1_110' title='bbox 457 1662 556 1746; x_wconf 90' lang='lat' dir='ltr'><em>illud,</em></span> <span class='ocrx_word' id='word_1_111' title='bbox 574 1661 614 1729; x_wconf 87' lang='lat' dir='ltr'><em>ia</em></span> <span class='ocrx_word' id='word_1_112' title='bbox 630 1684 696 1751; x_wconf 88' lang='lat' dir='ltr'><em>quo</em></span> <span class='ocrx_word' id='word_1_113' title='bbox 715 1675 763 1729; x_wconf 87' lang='lat' dir='ltr'><em>est</em></span> <span class='ocrx_word' id='word_1_114' title='bbox 782 1662 906 1752; x_wconf 81' lang='lat' dir='ltr'><em>plopa,</em></span> <span class='ocrx_word' id='word_1_115' title='bbox 929 1684 996 1729; x_wconf 89' lang='lat' dir='ltr'><em>non</em></span> <span class='ocrx_word' id='word_1_116' title='bbox 1016 1667 1140 1729; x_wconf 90' lang='lat' dir='ltr'><em>totum.</em></span> <span class='ocrx_word' id='word_1_117' title='bbox 1162 1666 1291 1730; x_wconf 87' lang='lat' dir='ltr'><em>Nomen</em></span> <span class='ocrx_word' id='word_1_118' title='bbox 1307 1677 1393 1732; x_wconf 64' lang='lat' dir='ltr'><em>nutu</em></span> <span class='ocrx_word' id='word_1_119' title='bbox 1409 1664 1498 1733; x_wconf 86' lang='lat' dir='ltr'><em>refer</em></span> 
     </span>
     <span class='ocr_line' id='line_1_12' title="bbox 165 1767 1497 1860; baseline -0.002 -22"><span class='ocrx_word' id='word_1_120' title='bbox 165 1778 236 1839; x_wconf 86' lang='lat' dir='ltr'><em>tam</em></span> <span class='ocrx_word' id='word_1_121' title='bbox 251 1772 295 1840; x_wconf 87' lang='lat' dir='ltr'><em>ad</em></span> <span class='ocrx_word' id='word_1_122' title='bbox 308 1794 340 1838; x_wconf 89' lang='lat' dir='ltr'><em>v.</em></span> <span class='ocrx_word' id='word_1_123' title='bbox 358 1777 400 1855; x_wconf 71' lang='grc'><em>56</em></span> <span class='ocrx_word' id='word_1_124' title='bbox 421 1791 526 1860; x_wconf 88' lang='lat' dir='ltr'><em>quam</em></span> <span class='ocrx_word' id='word_1_125' title='bbox 541 1769 586 1835; x_wconf 85' lang='lat' dir='ltr'><em>ad</em></span> <span class='ocrx_word' id='word_1_126' title='bbox 607 1791 638 1834; x_wconf 88' lang='lat' dir='ltr'><em>v.</em></span> <span class='ocrx_word' id='word_1_127' title='bbox 661 1774 730 1836; x_wconf 77' lang='lat'><em>57:</em></span> <span class='ocrx_word' id='word_1_128' title='bbox 754 1790 849 1836; x_wconf 84' lang='lat' dir='ltr'><em>secus</em></span> <span class='ocrx_word' id='word_1_129' title='bbox 869 1769 966 1858; x_wconf 86' lang='lat' dir='ltr'><em>lepra</em></span> <span class='ocrx_word' id='word_1_130' title='bbox 988 1790 1019 1835; x_wconf 81' lang='lat' dir='ltr'><em>r.</em></span> <span class='ocrx_word' id='word_1_131' title='bbox 1038 1773 1080 1834; x_wconf 81' lang='lat'><em>56</em></span> <span class='ocrx_word' id='word_1_132' title='bbox 1095 1767 1237 1834; x_wconf 89' lang='lat' dir='ltr'><em>nomine</em></span> <span class='ocrx_word' id='word_1_133' title='bbox 1252 1775 1399 1852; x_wconf 76' lang='lat' dir='ltr'><strong>careret,</strong></span> <span class='ocrx_word' id='word_1_134' title='bbox 1419 1792 1497 1839; x_wconf 88' lang='lat' dir='ltr'><em>cum</em></span> 
     </span>
     <span class='ocr_line' id='line_1_13' title="bbox 166 1874 1497 1962; baseline -0.002 -17"><span class='ocrx_word' id='word_1_135' title='bbox 166 1885 281 1945; x_wconf 87' lang='lat' dir='ltr'><em>tamen</em></span> <span class='ocrx_word' id='word_1_136' title='bbox 297 1878 362 1944; x_wconf 86' lang='lat' dir='ltr'><em>hae</em></span> <span class='ocrx_word' id='word_1_137' title='bbox 378 1875 621 1943; x_wconf 79' lang='lat' dir='ltr'>immunditiae</span> <span class='ocrx_word' id='word_1_138' title='bbox 642 1874 801 1962; x_wconf 80' lang='lat' dir='ltr'>singulae</span> <span class='ocrx_word' id='word_1_139' title='bbox 814 1898 876 1942; x_wconf 90' lang='lat' dir='ltr'><em>sua</em></span> <span class='ocrx_word' id='word_1_140' title='bbox 891 1876 1031 1941; x_wconf 89' lang='lat' dir='ltr'><em>nomina</em></span> <span class='ocrx_word' id='word_1_141' title='bbox 1044 1874 1206 1941; x_wconf 87' lang='lat' dir='ltr'><em>habeant.</em></span> <span class='ocrx_word' id='word_1_142' title='bbox 1223 1897 1256 1940; x_wconf 92' lang='lat' dir='ltr'><em>v.</em></span> <span class='ocrx_word' id='word_1_143' title='bbox 1273 1881 1316 1942; x_wconf 88' lang='lat'><em>58</em></span> <span class='ocrx_word' id='word_1_144' title='bbox 1334 1903 1350 1936; x_wconf 70' lang='grc' dir='ltr'>α</span> <span class='ocrx_word' id='word_1_145' title='bbox 1371 1875 1412 1942; x_wconf 86' lang='lat' dir='ltr'><em>Si</em></span> <span class='ocrx_word' id='word_1_146' title='bbox 1426 1899 1497 1944; x_wconf 90' lang='lat' dir='ltr'><em>ces-</em></span> 
     </span>
     <span class='ocr_line' id='line_1_14' title="bbox 165 1980 1493 2072; baseline -0.001 -21"><span class='ocrx_word' id='word_1_147' title='bbox 165 1983 303 2068; x_wconf 86' lang='lat' dir='ltr'><em>saverit,</em></span> <span class='ocrx_word' id='word_1_148' title='bbox 320 1983 449 2050; x_wconf 80' lang='lat' dir='ltr'><em>lavata</em></span> <span class='ocrx_word' id='word_1_149' title='bbox 462 1983 568 2072; x_wconf 84' lang='lat' dir='ltr'><em>[aqua</em></span> <span class='ocrx_word' id='word_1_150' title='bbox 581 2005 633 2072; x_wconf 75' lang='lat' dir='ltr'><em>ea,</em></span> <span class='ocrx_word' id='word_1_151' title='bbox 651 2004 739 2067; x_wconf 77' lang='lat' dir='ltr'><em>quoe</em></span> <span class='ocrx_word' id='word_1_152' title='bbox 748 2004 842 2072; x_wconf 88' lang='lat' dir='ltr'><em>pura</em></span> <span class='ocrx_word' id='word_1_153' title='bbox 856 1983 963 2068; x_wconf 68' lang='lat' dir='ltr'><em>suad,</em></span> <span class='ocrx_word' id='word_1_154' title='bbox 980 1980 1144 2062; x_wconf 84' lang='lat' dir='ltr'><em>secuado,</em></span> <span class='ocrx_word' id='word_1_155' title='bbox 1160 1991 1194 2046; x_wconf 91' lang='lat' dir='ltr'><em>et</em></span> <span class='ocrx_word' id='word_1_156' title='bbox 1205 1981 1336 2048; x_wconf 83' lang='lat' dir='ltr'><em>munda</em></span> <span class='ocrx_word' id='word_1_157' title='bbox 1348 1993 1449 2048; x_wconf 82' lang='lat' dir='ltr'><em>errrat</em></span> <span class='ocrx_word' id='word_1_158' title='bbox 1464 2010 1493 2050; x_wconf 81' lang='lat' dir='ltr'><em>s.</em></span> 
     </span>
     <span class='ocr_line' id='line_1_15' title="bbox 165 2085 1498 2177; baseline -0.002 -20"><span class='ocrx_word' id='word_1_159' title='bbox 165 2089 268 2157; x_wconf 85' lang='lat' dir='ltr'><em>Hebr.</em></span> <span class='ocrx_word' id='word_1_160' title='bbox 287 2112 301 2155; x_wconf 93' lang='grc'><em>.·</em></span> <span class='ocrx_word' id='word_1_161' title='bbox 320 2090 418 2156; x_wconf 83' lang='lat' dir='ltr'><em>uestis</em></span> <span class='ocrx_word' id='word_1_162' title='bbox 441 2100 520 2172; x_wconf 78' lang='lat' dir='ltr'><em>etc,</em></span> <span class='ocrx_word' id='word_1_163' title='bbox 537 2111 626 2177; x_wconf 86' lang='lat' dir='ltr'><em>quae</em></span> <span class='ocrx_word' id='word_1_164' title='bbox 642 2087 715 2154; x_wconf 84' lang='lat' dir='ltr'><em>lota</em></span> <span class='ocrx_word' id='word_1_165' title='bbox 729 2101 812 2154; x_wconf 83' lang='lat' dir='ltr'><em>strat</em></span> <span class='ocrx_word' id='word_1_166' title='bbox 827 2087 1032 2177; x_wconf 78' lang='lat' dir='ltr'><em>recessitque</em></span> <span class='ocrx_word' id='word_1_167' title='bbox 1047 2087 1089 2154; x_wconf 91' lang='lat' dir='ltr'><em>de</em></span> <span class='ocrx_word' id='word_1_168' title='bbox 1109 2086 1181 2154; x_wconf 88' lang='lat' dir='ltr'><em>illis</em></span> <span class='ocrx_word' id='word_1_169' title='bbox 1191 2085 1315 2177; x_wconf 76' lang='lat' dir='ltr'><em>plapa,</em></span> <span class='ocrx_word' id='word_1_170' title='bbox 1340 2087 1498 2155; x_wconf 81' lang='lat' dir='ltr'><em>locentur</em></span> 
     </span>
     <span class='ocr_line' id='line_1_16' title="bbox 165 2193 1497 2284; baseline -0.001 -23"><span class='ocrx_word' id='word_1_171' title='bbox 165 2196 330 2280; x_wconf 82' lang='lat' dir='ltr'><em>secundo,</em></span> <span class='ocrx_word' id='word_1_172' title='bbox 349 2209 380 2263; x_wconf 90' lang='lat' dir='ltr'><em>et</em></span> <span class='ocrx_word' id='word_1_173' title='bbox 395 2193 526 2262; x_wconf 81' lang='lat' dir='ltr'><em>muodo</em></span> <span class='ocrx_word' id='word_1_174' title='bbox 540 2206 650 2261; x_wconf 86' lang='lat' dir='ltr'><em>eruat.</em></span> <span class='ocrx_word' id='word_1_175' title='bbox 669 2217 701 2261; x_wconf 90' lang='lat' dir='ltr'><em>v.</em></span> <span class='ocrx_word' id='word_1_176' title='bbox 721 2201 763 2262; x_wconf 83' lang='lat'><em>59</em></span> <span class='ocrx_word' id='word_1_177' title='bbox 781 2222 797 2256; x_wconf 89' lang='lat'>«</span> <span class='ocrx_word' id='word_1_178' title='bbox 816 2198 885 2262; x_wconf 89' lang='lat' dir='ltr'><em>Isto</em></span> <span class='ocrx_word' id='word_1_179' title='bbox 898 2206 947 2261; x_wconf 89' lang='lat' dir='ltr'><em>est</em></span> <span class='ocrx_word' id='word_1_180' title='bbox 967 2194 1023 2260; x_wconf 81' lang='lat' dir='ltr'><em>lea</em></span> <span class='ocrx_word' id='word_1_181' title='bbox 1039 2221 1069 2274; x_wconf 80' lang='lat' dir='ltr'><em>s,</em></span> <span class='ocrx_word' id='word_1_182' title='bbox 1088 2195 1192 2261; x_wconf 90' lang='lat' dir='ltr'><em>thora</em></span> <span class='ocrx_word' id='word_1_183' title='bbox 1203 2193 1329 2284; x_wconf 78' lang='lat' dir='ltr'><em>plapae</em></span> <span class='ocrx_word' id='word_1_184' title='bbox 1346 2221 1362 2256; x_wconf 82' lang='lat' dir='ltr'><em>a</em></span> <span class='ocrx_word' id='word_1_185' title='bbox 1383 2195 1497 2284; x_wconf 90' lang='lat' dir='ltr'><em>leprae</em></span> 
     </span>
     <span class='ocr_line' id='line_1_17' title="bbox 166 2301 1497 2390; baseline -0.001 -21"><span class='ocrx_word' id='word_1_186' title='bbox 166 2303 360 2371; x_wconf 81' lang='lat' dir='ltr'><em>vestimenti</em></span> <span class='ocrx_word' id='word_1_187' title='bbox 382 2302 475 2369; x_wconf 88' lang='lat' dir='ltr'><em>laaci</em></span> <span class='ocrx_word' id='word_1_188' title='bbox 499 2315 532 2368; x_wconf 89' lang='lat' dir='ltr'><em>ct</em></span> <span class='ocrx_word' id='word_1_189' title='bbox 552 2301 638 2368; x_wconf 80' lang='lat' dir='ltr'><em>lirici</em></span> <span class='ocrx_word' id='word_1_190' title='bbox 660 2329 689 2384; x_wconf 86' lang='lat'><em>»,</em></span> <span class='ocrx_word' id='word_1_191' title='bbox 719 2315 782 2368; x_wconf 90' lang='lat' dir='ltr'><em>aut</em></span> <span class='ocrx_word' id='word_1_192' title='bbox 803 2301 963 2368; x_wconf 82' lang='lat' dir='ltr'><em>staminis</em></span> <span class='ocrx_word' id='word_1_193' title='bbox 988 2329 1004 2362; x_wconf 90' lang='lat'>«</span> <span class='ocrx_word' id='word_1_194' title='bbox 1033 2313 1137 2390; x_wconf 84' lang='lat' dir='ltr'><em>atque</em></span> <span class='ocrx_word' id='word_1_195' title='bbox 1163 2301 1404 2389; x_wconf 84' lang='lat' dir='ltr'><em>subtcpmiuis,</em></span> <span class='ocrx_word' id='word_1_196' title='bbox 1426 2325 1497 2368; x_wconf 90' lang='lat' dir='ltr'><em>om-</em></span> 
     </span>
     <span class='ocr_line' id='line_1_18' title="bbox 165 2405 1496 2500; baseline -0.001 -25"><span class='ocrx_word' id='word_1_197' title='bbox 165 2410 287 2500; x_wconf 86' lang='lat' dir='ltr'><em>aisquc</em></span> <span class='ocrx_word' id='word_1_198' title='bbox 305 2408 529 2500; x_wconf 87' lang='lat' dir='ltr'><em>supellectilis</em></span> <span class='ocrx_word' id='word_1_199' title='bbox 545 2407 724 2499; x_wconf 79' lang='lat' dir='ltr'><em>pelliceae,</em></span> <span class='ocrx_word' id='word_1_200' title='bbox 748 2407 918 2497; x_wconf 85' lang='lat' dir='ltr'><em>quomodo</em></span> <span class='ocrx_word' id='word_1_201' title='bbox 939 2407 1102 2476; x_wconf 80' lang='lat' dir='ltr'><em>mundari</em></span> <span class='ocrx_word' id='word_1_202' title='bbox 1121 2405 1240 2474; x_wconf 85' lang='lat' dir='ltr'><em>debeat</em></span> <span class='ocrx_word' id='word_1_203' title='bbox 1260 2408 1315 2474; x_wconf 90' lang='lat' dir='ltr'><em>ocl</em></span> <span class='ocrx_word' id='word_1_204' title='bbox 1331 2409 1496 2476; x_wconf 86' lang='lat' dir='ltr'><em>contami-</em></span> 
     </span>
     <span class='ocr_line' id='line_1_19' title="bbox 167 2506 1137 2604; baseline 0 -22"><span class='ocrx_word' id='word_1_205' title='bbox 167 2518 248 2582; x_wconf 87' lang='lat' dir='ltr'><em>aori</em></span> <span class='ocrx_word' id='word_1_206' title='bbox 268 2545 298 2599; x_wconf 76' lang='lat' dir='ltr'><em>a,</em></span> <span class='ocrx_word' id='word_1_207' title='bbox 321 2518 422 2582; x_wconf 83' lang='lat' dir='ltr'><em>Hebr.</em></span> <span class='ocrx_word' id='word_1_208' title='bbox 445 2506 564 2604; x_wconf 82' lang='lat' dir='ltr'><em>quoad</em></span> <span class='ocrx_word' id='word_1_209' title='bbox 581 2514 792 2581; x_wconf 80' lang='lat' dir='ltr'><em>munditiam</em></span> <span class='ocrx_word' id='word_1_210' title='bbox 813 2528 846 2581; x_wconf 92' lang='lat' dir='ltr'><em>ct</em></span> <span class='ocrx_word' id='word_1_211' title='bbox 864 2513 1137 2582; x_wconf 77' lang='lat' dir='ltr'><em>immunditiam.</em></span> 
     </span>
    </p>
   </div>
   <div class='ocr_carea' id='block_1_4' title="bbox 422 2745 1234 2835">
    <p class='ocr_par' dir='ltr' id='par_1_4' title="bbox 422 2745 1234 2835">
     <span class='ocr_line' id='line_1_20' title="bbox 422 2745 1234 2835; baseline -0.002 -21"><span class='ocrx_word' id='word_1_212' title='bbox 422 2754 456 2815; x_wconf 87' lang='lat'><em>3.</em></span> <span class='ocrx_word' id='word_1_213' title='bbox 478 2747 617 2835; x_wconf 82' lang='lat' dir='ltr'><em>Lepalis</em></span> <span class='ocrx_word' id='word_1_214' title='bbox 636 2745 817 2812; x_wconf 79' lang='lat' dir='ltr'><em>mundatio</em></span> <span class='ocrx_word' id='word_1_215' title='bbox 838 2745 965 2833; x_wconf 80' lang='lat' dir='ltr'><em>leprosi</em></span> <span class='ocrx_word' id='word_1_216' title='bbox 982 2749 1057 2811; x_wconf 87' lang='lat' dir='ltr'><em>Lev.</em></span> <span class='ocrx_word' id='word_1_217' title='bbox 1083 2751 1234 2812; x_wconf 78' lang='lat' dir='ltr'><em>it-i-ta.</em></span> 
     </span>
    </p>
   </div>
   <div class='ocr_carea' id='block_1_5' title="bbox 163 2958 1497 4646">
    <p class='ocr_par' dir='ltr' id='par_1_5' title="bbox 166 2958 1497 3366">
     <span class='ocr_line' id='line_1_21' title="bbox 207 2958 1497 3049; baseline -0.002 -23"><span class='ocrx_word' id='word_1_218' title='bbox 207 2962 292 3049; x_wconf 81' lang='lat' dir='ltr'><em>Arp.</em></span> <span class='ocrx_word' id='word_1_219' title='bbox 313 2999 358 3010; x_wconf 94' lang='lat'>-</span> <span class='ocrx_word' id='word_1_220' title='bbox 376 2961 440 3036; x_wconf 85' lang='lat' dir='ltr'><em>Qui</em></span> <span class='ocrx_word' id='word_1_221' title='bbox 463 2959 575 3024; x_wconf 82' lang='lat' dir='ltr'><em>fuerat</em></span> <span class='ocrx_word' id='word_1_222' title='bbox 601 2959 774 3047; x_wconf 89' lang='lat' dir='ltr'><em>leprosus,</em></span> <span class='ocrx_word' id='word_1_223' title='bbox 797 2979 818 3022; x_wconf 92' lang='lat' dir='ltr'><em>a</em></span> <span class='ocrx_word' id='word_1_224' title='bbox 838 2958 1016 3024; x_wconf 80' lang='lat' dir='ltr'><em>sacerdote</em></span> <span class='ocrx_word' id='word_1_225' title='bbox 1041 2958 1255 3024; x_wconf 86' lang='lat' dir='ltr'><em>examinatus</em></span> <span class='ocrx_word' id='word_1_226' title='bbox 1274 2964 1307 3024; x_wconf 89' lang='lat' dir='ltr'><em>et</em></span> <span class='ocrx_word' id='word_1_227' title='bbox 1333 2958 1497 3025; x_wconf 90' lang='lat' dir='ltr'><em>lustratus</em></span> 
     </span>
     <span class='ocr_line' id='line_1_22' title="bbox 167 3062 1496 3154; baseline -0.001 -22"><span class='ocrx_word' id='word_1_228' title='bbox 167 3071 261 3132; x_wconf 85' lang='lat' dir='ltr'><em>extra</em></span> <span class='ocrx_word' id='word_1_229' title='bbox 289 3071 414 3147; x_wconf 82' lang='lat' dir='ltr'><em>castra,</em></span> <span class='ocrx_word' id='word_1_230' title='bbox 437 3085 533 3132; x_wconf 86' lang='lat' dir='ltr'><em>rasus</em></span> <span class='ocrx_word' id='word_1_231' title='bbox 551 3070 586 3130; x_wconf 88' lang='lat' dir='ltr'><em>et</em></span> <span class='ocrx_word' id='word_1_232' title='bbox 607 3064 698 3130; x_wconf 88' lang='lat' dir='ltr'><em>lotus</em></span> <span class='ocrx_word' id='word_1_233' title='bbox 716 3065 752 3130; x_wconf 89' lang='lat' dir='ltr'><em>in</em></span> <span class='ocrx_word' id='word_1_234' title='bbox 777 3069 888 3130; x_wconf 85' lang='lat' dir='ltr'><em>castra</em></span> <span class='ocrx_word' id='word_1_235' title='bbox 907 3062 1101 3131; x_wconf 76' lang='lat' dir='ltr'><em>admittitur</em></span> <span class='ocrx_word' id='word_1_236' title='bbox 1119 3087 1153 3130; x_wconf 91' lang='lat' dir='ltr'><em>v.</em></span> <span class='ocrx_word' id='word_1_237' title='bbox 1177 3069 1249 3130; x_wconf 83' lang='lat'><em>1-8.</em></span> <span class='ocrx_word' id='word_1_238' title='bbox 1271 3064 1329 3130; x_wconf 88' lang='lat' dir='ltr'><em>Dic</em></span> <span class='ocrx_word' id='word_1_239' title='bbox 1349 3064 1496 3154; x_wconf 86' lang='lat' dir='ltr'><em>septimo</em></span> 
     </span>
     <span class='ocr_line' id='line_1_23' title="bbox 166 3169 1494 3259; baseline -0.001 -21"><span class='ocrx_word' id='word_1_240' title='bbox 166 3193 302 3238; x_wconf 85' lang='lat' dir='ltr'><em>rursum</em></span> <span class='ocrx_word' id='word_1_241' title='bbox 324 3191 419 3238; x_wconf 86' lang='lat' dir='ltr'><em>rasus</em></span> <span class='ocrx_word' id='word_1_242' title='bbox 438 3176 471 3237; x_wconf 90' lang='lat' dir='ltr'><em>et</em></span> <span class='ocrx_word' id='word_1_243' title='bbox 489 3170 576 3238; x_wconf 86' lang='lat' dir='ltr'><em>lotus</em></span> <span class='ocrx_word' id='word_1_244' title='bbox 597 3169 765 3237; x_wconf 83' lang='lat' dir='ltr'><em>sacrificia</em></span> <span class='ocrx_word' id='word_1_245' title='bbox 783 3170 883 3236; x_wconf 88' lang='lat' dir='ltr'><em>offert</em></span> <span class='ocrx_word' id='word_1_246' title='bbox 906 3193 939 3237; x_wconf 91' lang='lat' dir='ltr'><em>v.</em></span> <span class='ocrx_word' id='word_1_247' title='bbox 961 3175 1054 3236; x_wconf 73' lang='lat'><em>8-20.</em></span> <span class='ocrx_word' id='word_1_248' title='bbox 1071 3173 1097 3235; x_wconf 81' lang='grc' dir='ltr'>Α</span> <span class='ocrx_word' id='word_1_249' title='bbox 1112 3169 1323 3259; x_wconf 88' lang='lat' dir='ltr'><em>pauperibus</em></span> <span class='ocrx_word' id='word_1_250' title='bbox 1336 3170 1494 3237; x_wconf 87' lang='lat' dir='ltr'><em>victimae</em></span> 
     </span>
     <span class='ocr_line' id='line_1_24' title="bbox 166 3277 680 3366; baseline -0.004 -21"><span class='ocrx_word' id='word_1_251' title='bbox 166 3277 280 3345; x_wconf 87' lang='lat' dir='ltr'><em>minus</em></span> <span class='ocrx_word' id='word_1_252' title='bbox 297 3277 465 3366; x_wconf 87' lang='lat' dir='ltr'><em>pretiosae</em></span> <span class='ocrx_word' id='word_1_253' title='bbox 484 3277 680 3363; x_wconf 80' lang='lat' dir='ltr'><em>exiguntur.</em></span> 
     </span>
    </p>

    <p class='ocr_par' dir='ltr' id='par_1_6' title="bbox 163 3382 1496 4646">
     <span class='ocr_line' id='line_1_25' title="bbox 214 3382 1492 3474; baseline -0.002 -21"><span class='ocrx_word' id='word_1_254' title='bbox 214 3387 298 3474; x_wconf 85' lang='lat' dir='ltr'><em>Gap.</em></span> <span class='ocrx_word' id='word_1_255' title='bbox 320 3385 403 3452; x_wconf 86' lang='lat' dir='ltr'><em>XIV</em></span> <span class='ocrx_word' id='word_1_256' title='bbox 418 3406 450 3451; x_wconf 90' lang='lat' dir='ltr'><em>v.</em></span> <span class='ocrx_word' id='word_1_257' title='bbox 478 3386 771 3472; x_wconf 69' lang='lat' dir='ltr'><em>totorumque</em></span> <span class='ocrx_word' id='word_1_258' title='bbox 797 3394 845 3449; x_wconf 87' lang='lat' dir='ltr'><em>est</em></span> <span class='ocrx_word' id='word_1_259' title='bbox 867 3383 1034 3450; x_wconf 77' lang='lat' dir='ltr'><em>Domitius</em></span> <span class='ocrx_word' id='word_1_260' title='bbox 1060 3383 1109 3451; x_wconf 93' lang='lat' dir='ltr'><em>od</em></span> <span class='ocrx_word' id='word_1_261' title='bbox 1130 3386 1273 3472; x_wconf 76' lang='lat' dir='ltr'><em>Moysen</em></span> <span class='ocrx_word' id='word_1_262' title='bbox 1301 3382 1414 3451; x_wconf 84' lang='lat' dir='ltr'><em>diceas</em></span> <span class='ocrx_word' id='word_1_263' title='bbox 1441 3413 1457 3446; x_wconf 89' lang='lat'>»</span> <span class='ocrx_word' id='word_1_264' title='bbox 1486 3407 1492 3451; x_wconf 94' lang='lat'>:</span> 
     </span>
     <span class='ocr_line' id='line_1_26' title="bbox 166 3488 1493 3580; baseline 0 -24"><span class='ocrx_word' id='word_1_265' title='bbox 166 3515 197 3557; x_wconf 90' lang='lat' dir='ltr'><em>v.</em></span> <span class='ocrx_word' id='word_1_266' title='bbox 229 3498 249 3557; x_wconf 64' lang='grc' dir='ltr'>Ξ</span> <span class='ocrx_word' id='word_1_267' title='bbox 278 3519 295 3553; x_wconf 86' lang='grc'>«</span> <span class='ocrx_word' id='word_1_268' title='bbox 317 3491 383 3557; x_wconf 88' lang='lat' dir='ltr'><em>Hic</em></span> <span class='ocrx_word' id='word_1_269' title='bbox 402 3501 450 3556; x_wconf 90' lang='lat' dir='ltr'><em>est</em></span> <span class='ocrx_word' id='word_1_270' title='bbox 475 3490 562 3556; x_wconf 91' lang='lat' dir='ltr'><em>ritus</em></span> <span class='ocrx_word' id='word_1_271' title='bbox 583 3517 614 3573; x_wconf 68' lang='lat'><em>³,</em></span> <span class='ocrx_word' id='word_1_272' title='bbox 644 3492 746 3557; x_wconf 88' lang='lat' dir='ltr'><em>thora</em></span> <span class='ocrx_word' id='word_1_273' title='bbox 775 3489 955 3580; x_wconf 89' lang='lat' dir='ltr'><em>«leprosi,</em></span> <span class='ocrx_word' id='word_1_274' title='bbox 983 3489 1121 3579; x_wconf 83' lang='lat' dir='ltr'><em>quaudo</em></span> <span class='ocrx_word' id='word_1_275' title='bbox 1147 3488 1366 3558; x_wconf 80' lang='lat' dir='ltr'><em>mundandus</em></span> <span class='ocrx_word' id='word_1_276' title='bbox 1392 3504 1441 3558; x_wconf 89' lang='lat' dir='ltr'><em>est</em></span> <span class='ocrx_word' id='word_1_277' title='bbox 1464 3519 1493 3571; x_wconf 76' lang='lat' dir='ltr'><em>s,</em></span> 
     </span>
     <span class='ocr_line' id='line_1_27' title="bbox 166 3595 1492 3687; baseline -0.001 -23"><span class='ocrx_word' id='word_1_278' title='bbox 166 3598 303 3687; x_wconf 84' lang='lat' dir='ltr'><em>supple,</em></span> <span class='ocrx_word' id='word_1_279' title='bbox 322 3599 373 3664; x_wconf 87' lang='lat' dir='ltr'><em>uti</em></span> <span class='ocrx_word' id='word_1_280' title='bbox 387 3597 487 3685; x_wconf 82' lang='lat' dir='ltr'><em>Vulg.</em></span> <span class='ocrx_word' id='word_1_281' title='bbox 505 3620 538 3663; x_wconf 90' lang='lat' dir='ltr'><em>v.</em></span> <span class='ocrx_word' id='word_1_282' title='bbox 557 3604 589 3679; x_wconf 82' lang='lat'><em>7,</em></span> <span class='ocrx_word' id='word_1_283' title='bbox 608 3625 623 3658; x_wconf 88' lang='lat'>«</span> <span class='ocrx_word' id='word_1_284' title='bbox 640 3597 714 3662; x_wconf 84' lang='lat' dir='ltr'><em>iure</em></span> <span class='ocrx_word' id='word_1_285' title='bbox 730 3625 759 3677; x_wconf 87' lang='lat'><em>»,</em></span> <span class='ocrx_word' id='word_1_286' title='bbox 776 3597 800 3663; x_wconf 91' lang='lat' dir='ltr'><em>i.</em></span> <span class='ocrx_word' id='word_1_287' title='bbox 815 3619 844 3663; x_wconf 90' lang='lat' dir='ltr'><em>e.</em></span> <span class='ocrx_word' id='word_1_288' title='bbox 860 3597 1001 3685; x_wconf 89' lang='lat' dir='ltr'><em>quando</em></span> <span class='ocrx_word' id='word_1_289' title='bbox 1015 3595 1164 3663; x_wconf 90' lang='lat' dir='ltr'><em>mundus</em></span> <span class='ocrx_word' id='word_1_290' title='bbox 1181 3597 1410 3664; x_wconf 85' lang='lat' dir='ltr'><em>declarandus</em></span> <span class='ocrx_word' id='word_1_291' title='bbox 1429 3602 1492 3676; x_wconf 87' lang='lat' dir='ltr'><em>est;</em></span> 
     </span>
     <span class='ocr_line' id='line_1_28' title="bbox 166 3702 1496 3793; baseline 0 -25"><span class='ocrx_word' id='word_1_292' title='bbox 166 3702 243 3791; x_wconf 92' lang='lat' dir='ltr'><em>plus</em></span> <span class='ocrx_word' id='word_1_293' title='bbox 263 3703 355 3770; x_wconf 88' lang='lat' dir='ltr'><em>enim</em></span> <span class='ocrx_word' id='word_1_294' title='bbox 382 3725 454 3770; x_wconf 89' lang='lat' dir='ltr'><em>non</em></span> <span class='ocrx_word' id='word_1_295' title='bbox 478 3704 676 3792; x_wconf 78' lang='lat' dir='ltr'><em>praestabat</em></span> <span class='ocrx_word' id='word_1_296' title='bbox 701 3702 871 3769; x_wconf 82' lang='lat' dir='ltr'><em>sacerdos.</em></span> <span class='ocrx_word' id='word_1_297' title='bbox 896 3729 912 3764; x_wconf 77' lang='lat' dir='ltr'><em>a</em></span> <span class='ocrx_word' id='word_1_298' title='bbox 933 3702 1126 3770; x_wconf 80' lang='lat' dir='ltr'><em>valetudini</em></span> <span class='ocrx_word' id='word_1_299' title='bbox 1145 3705 1321 3771; x_wconf 87' lang='lat' dir='ltr'><em>restitutus</em></span> <span class='ocrx_word' id='word_1_300' title='bbox 1339 3704 1496 3793; x_wconf 88' lang='lat' dir='ltr'><em>leprosus</em></span> 
     </span>
     <span class='ocr_line' id='line_1_29' title="bbox 166 3808 1496 3898; baseline 0 -23"><span class='ocrx_word' id='word_1_301' title='bbox 166 3831 236 3875; x_wconf 90' lang='lat' dir='ltr'><em>non</em></span> <span class='ocrx_word' id='word_1_302' title='bbox 255 3809 414 3877; x_wconf 89' lang='lat' dir='ltr'><em>continuo</em></span> <span class='ocrx_word' id='word_1_303' title='bbox 428 3833 492 3877; x_wconf 87' lang='lat' dir='ltr'><em>uec</em></span> <span class='ocrx_word' id='word_1_304' title='bbox 508 3809 642 3898; x_wconf 83' lang='lat' dir='ltr'><em>privata</em></span> <span class='ocrx_word' id='word_1_305' title='bbox 660 3811 862 3876; x_wconf 86' lang='lat' dir='ltr'><em>auctoritate</em></span> <span class='ocrx_word' id='word_1_306' title='bbox 876 3831 938 3876; x_wconf 87' lang='lat' dir='ltr'><em>sua</em></span> <span class='ocrx_word' id='word_1_307' title='bbox 951 3808 1151 3876; x_wconf 86' lang='lat' dir='ltr'><em>restituebat</em></span> <span class='ocrx_word' id='word_1_308' title='bbox 1168 3832 1203 3876; x_wconf 91' lang='lat' dir='ltr'><em>se</em></span> <span class='ocrx_word' id='word_1_309' title='bbox 1222 3809 1351 3877; x_wconf 75' lang='lat' dir='ltr'><em>castris,</em></span> <span class='ocrx_word' id='word_1_310' title='bbox 1371 3809 1496 3876; x_wconf 73' lang='lat' dir='ltr'><em>sdibat</em></span> 
     </span>
     <span class='ocr_line' id='line_1_30' title="bbox 166 3914 1494 4005; baseline 0 -24"><span class='ocrx_word' id='word_1_311' title='bbox 166 3914 390 4001; x_wconf 84' lang='lat' dir='ltr'><em>sacerdotem,</em></span> <span class='ocrx_word' id='word_1_312' title='bbox 417 3916 558 3984; x_wconf 89' lang='lat' dir='ltr'><em>sistebat</em></span> <span class='ocrx_word' id='word_1_313' title='bbox 583 3937 619 3981; x_wconf 92' lang='lat' dir='ltr'><em>se</em></span> <span class='ocrx_word' id='word_1_314' title='bbox 641 3915 711 3997; x_wconf 91' lang='lat' dir='ltr'><em>illi,</em></span> <span class='ocrx_word' id='word_1_315' title='bbox 737 3920 771 3980; x_wconf 87' lang='lat' dir='ltr'><em>et</em></span> <span class='ocrx_word' id='word_1_316' title='bbox 791 3914 958 3981; x_wconf 90' lang='lat' dir='ltr'><em>iudicium</em></span> <span class='ocrx_word' id='word_1_317' title='bbox 984 3914 1025 3981; x_wconf 88' lang='lat' dir='ltr'><em>de</em></span> <span class='ocrx_word' id='word_1_318' title='bbox 1044 3914 1242 3982; x_wconf 87' lang='lat' dir='ltr'><em>valetudine</em></span> <span class='ocrx_word' id='word_1_319' title='bbox 1268 3938 1330 3983; x_wconf 90' lang='lat' dir='ltr'><em>sua</em></span> <span class='ocrx_word' id='word_1_320' title='bbox 1350 3914 1395 3982; x_wconf 88' lang='lat' dir='ltr'><em>ab</em></span> <span class='ocrx_word' id='word_1_321' title='bbox 1420 3915 1494 4005; x_wconf 91' lang='lat' dir='ltr'><em>ipso</em></span> 
     </span>
     <span class='ocr_line' id='line_1_31' title="bbox 166 4019 1491 4112; baseline 0 -24"><span class='ocrx_word' id='word_1_322' title='bbox 166 4023 355 4110; x_wconf 88' lang='lat' dir='ltr'><em>quaerebat</em></span> <span class='ocrx_word' id='word_1_323' title='bbox 377 4050 391 4084; x_wconf 80' lang='lat' dir='ltr'><em>r</em></span> <span class='ocrx_word' id='word_1_324' title='bbox 418 4022 497 4112; x_wconf 81' lang='lat' dir='ltr'><em>(Cal</em></span> <span class='ocrx_word' id='word_1_325' title='bbox 536 4023 570 4106; x_wconf 88' lang='lat'><em>.).</em></span> <span class='ocrx_word' id='word_1_326' title='bbox 597 4049 613 4082; x_wconf 87' lang='lat'>«</span> <span class='ocrx_word' id='word_1_327' title='bbox 634 4019 836 4087; x_wconf 67' lang='lat' dir='ltr'><em>adducetur</em></span> <span class='ocrx_word' id='word_1_328' title='bbox 854 4019 903 4087; x_wconf 91' lang='lat' dir='ltr'><em>ad</em></span> <span class='ocrx_word' id='word_1_329' title='bbox 916 4020 1123 4088; x_wconf 84' lang='lat' dir='ltr'><em>sacerdotem</em></span> <span class='ocrx_word' id='word_1_330' title='bbox 1140 4049 1155 4082; x_wconf 80' lang='lat' dir='ltr'><em>s</em></span> <span class='ocrx_word' id='word_1_331' title='bbox 1178 4023 1305 4112; x_wconf 80' lang='lat' dir='ltr'><em>(Matth&#39;.</em></span> <span class='ocrx_word' id='word_1_332' title='bbox 1323 4029 1397 4104; x_wconf 78' lang='lat' dir='ltr'><em>8‚t;</em></span> <span class='ocrx_word' id='word_1_333' title='bbox 1414 4026 1491 4089; x_wconf 90' lang='lat' dir='ltr'><em>Luc.</em></span> 
     </span>
     <span class='ocr_line' id='line_1_32' title="bbox 167 4127 1495 4219; baseline 0.001 -25"><span class='ocrx_word' id='word_1_334' title='bbox 167 4129 271 4216; x_wconf 69' lang='lat' dir='ltr'><em>att),</em></span> <span class='ocrx_word' id='word_1_335' title='bbox 292 4150 325 4196; x_wconf 89' lang='lat' dir='ltr'><em>v.</em></span> <span class='ocrx_word' id='word_1_336' title='bbox 348 4135 401 4196; x_wconf 82' lang='lat'><em>3«</em></span> <span class='ocrx_word' id='word_1_337' title='bbox 422 4130 487 4218; x_wconf 82' lang='lat' dir='ltr'><em>qui</em></span> <span class='ocrx_word' id='word_1_338' title='bbox 498 4151 651 4219; x_wconf 75' lang='lat' dir='ltr'><em>epressas</em></span> <span class='ocrx_word' id='word_1_339' title='bbox 664 4127 705 4194; x_wconf 89' lang='lat' dir='ltr'><em>de</em></span> <span class='ocrx_word' id='word_1_340' title='bbox 723 4128 856 4213; x_wconf 89' lang='lat' dir='ltr'><em>castris,</em></span> <span class='ocrx_word' id='word_1_341' title='bbox 880 4152 959 4195; x_wconf 88' lang='lat' dir='ltr'><em>cura</em></span> <span class='ocrx_word' id='word_1_342' title='bbox 979 4129 1148 4196; x_wconf 88' lang='lat' dir='ltr'><em>iaoeucrit</em></span> <span class='ocrx_word' id='word_1_343' title='bbox 1164 4128 1294 4218; x_wconf 90' lang='lat' dir='ltr'><em>lepram</em></span> <span class='ocrx_word' id='word_1_344' title='bbox 1314 4151 1381 4196; x_wconf 86' lang='lat' dir='ltr'><em>csse</em></span> <span class='ocrx_word' id='word_1_345' title='bbox 1396 4152 1495 4196; x_wconf 87' lang='lat' dir='ltr'><em>muu-</em></span> 
     </span>
     <span class='ocr_line' id='line_1_33' title="bbox 167 4233 1492 4326; baseline 0.003 -29"><span class='ocrx_word' id='word_1_346' title='bbox 167 4233 285 4300; x_wconf 85' lang='lat' dir='ltr'><em>datam</em></span> <span class='ocrx_word' id='word_1_347' title='bbox 307 4262 337 4313; x_wconf 75' lang='lat' dir='ltr'><em>s,</em></span> <span class='ocrx_word' id='word_1_348' title='bbox 360 4257 393 4302; x_wconf 91' lang='lat' dir='ltr'><em>v.</em></span> <span class='ocrx_word' id='word_1_349' title='bbox 416 4240 436 4300; x_wconf 75' lang='lat' dir='ltr'><em>b</em></span> <span class='ocrx_word' id='word_1_350' title='bbox 458 4263 474 4296; x_wconf 90' lang='lat'>«</span> <span class='ocrx_word' id='word_1_351' title='bbox 490 4235 684 4325; x_wconf 86' lang='lat' dir='ltr'><em>praecipiet</em></span> <span class='ocrx_word' id='word_1_352' title='bbox 703 4236 748 4318; x_wconf 87' lang='lat' dir='ltr'><em>ei,</em></span> <span class='ocrx_word' id='word_1_353' title='bbox 768 4235 831 4325; x_wconf 88' lang='lat' dir='ltr'><em>qui</em></span> <span class='ocrx_word' id='word_1_354' title='bbox 847 4235 1067 4326; x_wconf 73' lang='lat' dir='ltr'><em>purificatur,</em></span> <span class='ocrx_word' id='word_1_355' title='bbox 1089 4247 1128 4301; x_wconf 90' lang='lat' dir='ltr'><em>ut</em></span> <span class='ocrx_word' id='word_1_356' title='bbox 1147 4235 1276 4325; x_wconf 74' lang='lat' dir='ltr'><em>offerat</em></span> <span class='ocrx_word' id='word_1_357' title='bbox 1296 4263 1311 4298; x_wconf 77' lang='lat' dir='ltr'><em>s</em></span> <span class='ocrx_word' id='word_1_358' title='bbox 1334 4235 1379 4288; x_wconf 91' lang='grc' dir='ltr'><em>--Ι</em></span> <span class='ocrx_word' id='word_1_359' title='bbox 1397 4238 1492 4304; x_wconf 92' lang='lat' dir='ltr'><em>Sam.</em></span> 
     </span>
     <span class='ocr_line' id='line_1_34' title="bbox 167 4339 1496 4440; baseline 0.002 -34"><span class='ocrx_word' id='word_1_360' title='bbox 167 4343 259 4406; x_wconf 84' lang='lat' dir='ltr'><em>LXX</em></span> <span class='ocrx_word' id='word_1_361' title='bbox 278 4339 401 4408; x_wconf 82' lang='lat' dir='ltr'><em>Cliald.</em></span> <span class='ocrx_word' id='word_1_362' title='bbox 422 4343 503 4440; x_wconf 78' lang='lat' dir='ltr'><em>Syr.</em></span> <span class='ocrx_word' id='word_1_363' title='bbox 527 4341 750 4432; x_wconf 89' lang='lat' dir='ltr'><em>:praecipiet</em></span> <span class='ocrx_word' id='word_1_364' title='bbox 767 4341 938 4430; x_wconf 89' lang='lat' dir='ltr'><em>sacerdos,</em></span> <span class='ocrx_word' id='word_1_365' title='bbox 962 4355 995 4409; x_wconf 87' lang='lat' dir='ltr'><em>et</em></span> <span class='ocrx_word' id='word_1_366' title='bbox 1018 4354 1151 4410; x_wconf 83' lang='lat' dir='ltr'><em>sument</em></span> <span class='ocrx_word' id='word_1_367' title='bbox 1162 4365 1229 4432; x_wconf 89' lang='lat' dir='ltr'><em>pro</em></span> <span class='ocrx_word' id='word_1_368' title='bbox 1252 4364 1301 4430; x_wconf 90' lang='lat' dir='ltr'><em>eo,</em></span> <span class='ocrx_word' id='word_1_369' title='bbox 1325 4342 1386 4432; x_wconf 86' lang='lat' dir='ltr'><em>qui</em></span> <span class='ocrx_word' id='word_1_370' title='bbox 1397 4342 1496 4433; x_wconf 90' lang='lat' dir='ltr'><em>puri·</em></span> 
     </span>
     <span class='ocr_line' id='line_1_35' title="bbox 163 4447 1495 4539; baseline -0.002 -25"><span class='ocrx_word' id='word_1_371' title='bbox 163 4448 291 4537; x_wconf 83' lang='lat' dir='ltr'><em>ficatur</em></span> <span class='ocrx_word' id='word_1_372' title='bbox 309 4487 351 4498; x_wconf 92' lang='lat'>-</span> <span class='ocrx_word' id='word_1_373' title='bbox 374 4475 390 4509; x_wconf 81' lang='lat' dir='ltr'><em>u</em></span> <span class='ocrx_word' id='word_1_374' title='bbox 412 4447 498 4515; x_wconf 90' lang='lat' dir='ltr'><em>duos</em></span> <span class='ocrx_word' id='word_1_375' title='bbox 511 4470 664 4539; x_wconf 86' lang='lat' dir='ltr'><em>passeres</em></span> <span class='ocrx_word' id='word_1_376' title='bbox 684 4449 776 4515; x_wconf 87' lang='lat' dir='ltr'><em>vicos</em></span> <span class='ocrx_word' id='word_1_377' title='bbox 794 4453 870 4539; x_wconf 81' lang='lat' dir='ltr'><em>[pro</em></span> <span class='ocrx_word' id='word_1_378' title='bbox 893 4453 953 4536; x_wconf 71' lang='lat' dir='ltr'><em>sel,</em></span> <span class='ocrx_word' id='word_1_379' title='bbox 976 4451 1098 4538; x_wconf 85' lang='lat' dir='ltr'><em>quibus</em></span> <span class='ocrx_word' id='word_1_380' title='bbox 1117 4449 1205 4516; x_wconf 87' lang='lat' dir='ltr'><em>uesci</em></span> <span class='ocrx_word' id='word_1_381' title='bbox 1223 4449 1357 4516; x_wconf 87' lang='lat' dir='ltr'><em>licitam</em></span> <span class='ocrx_word' id='word_1_382' title='bbox 1376 4462 1440 4536; x_wconf 87' lang='lat' dir='ltr'><em>est,</em></span> <span class='ocrx_word' id='word_1_383' title='bbox 1464 4461 1495 4514; x_wconf 87' lang='lat' dir='ltr'><em>ct</em></span> 
     </span>
     <span class='ocr_line' id='line_1_36' title="bbox 167 4553 1495 4646; baseline -0.002 -25"><span class='ocrx_word' id='word_1_384' title='bbox 167 4553 302 4644; x_wconf 76' lang='lat' dir='ltr'><em>lipaum</em></span> <span class='ocrx_word' id='word_1_385' title='bbox 327 4555 505 4622; x_wconf 79' lang='lat' dir='ltr'><em>cedrinum</em></span> <span class='ocrx_word' id='word_1_386' title='bbox 528 4583 558 4638; x_wconf 89' lang='lat'><em>»,</em></span> <span class='ocrx_word' id='word_1_387' title='bbox 579 4556 604 4624; x_wconf 90' lang='lat' dir='ltr'><em>i.</em></span> <span class='ocrx_word' id='word_1_388' title='bbox 630 4581 660 4623; x_wconf 90' lang='lat' dir='ltr'><em>e.</em></span> <span class='ocrx_word' id='word_1_389' title='bbox 684 4558 846 4643; x_wconf 82' lang='lat' dir='ltr'><em>exiguum</em></span> <span class='ocrx_word' id='word_1_390' title='bbox 860 4557 1005 4624; x_wconf 86' lang='lat' dir='ltr'><em>frustum</em></span> <span class='ocrx_word' id='word_1_391' title='bbox 1028 4557 1192 4646; x_wconf 67' lang='lat' dir='ltr'><em>(Haase),</em></span> <span class='ocrx_word' id='word_1_392' title='bbox 1216 4584 1231 4617; x_wconf 77' lang='lat' dir='ltr'><em>a</em></span> <span class='ocrx_word' id='word_1_393' title='bbox 1255 4555 1495 4624; x_wconf 81' lang='lat' dir='ltr'><em>vermiculum-</em></span> 
     </span>
    </p>
   </div>
   <div class='ocr_carea' id='block_1_6' title="bbox 168 4661 1496 4858">
    <p class='ocr_par' dir='ltr' id='par_1_7' title="bbox 1 4661 1496 4858">
     <span class='ocr_line' id='line_1_37' title="bbox 168 4661 1492 4752; baseline -0.004 -25"><span class='ocrx_word' id='word_1_394' title='bbox 168 4683 234 4750; x_wconf 84' lang='lat' dir='ltr'><em>que</em></span> <span class='ocrx_word' id='word_1_395' title='bbox 254 4688 270 4722; x_wconf 79' lang='lat' dir='ltr'><em>r</em></span> <span class='ocrx_word' id='word_1_396' title='bbox 296 4661 353 4752; x_wconf 83' lang='lat' dir='ltr'><em>(cf.</em></span> <span class='ocrx_word' id='word_1_397' title='bbox 371 4667 430 4729; x_wconf 83' lang='lat' dir='ltr'><em>Ex.</em></span> <span class='ocrx_word' id='word_1_398' title='bbox 447 4663 554 4750; x_wconf 58' lang='lat' dir='ltr'><em>iba),</em></span> <span class='ocrx_word' id='word_1_399' title='bbox 575 4662 601 4728; x_wconf 88' lang='lat' dir='ltr'><em>i.</em></span> <span class='ocrx_word' id='word_1_400' title='bbox 619 4685 649 4730; x_wconf 87' lang='lat' dir='ltr'><em>c.</em></span> <span class='ocrx_word' id='word_1_401' title='bbox 674 4663 772 4728; x_wconf 87' lang='lat' dir='ltr'><em>filum</em></span> <span class='ocrx_word' id='word_1_402' title='bbox 790 4662 968 4730; x_wconf 90' lang='lat' dir='ltr'><em>coccinum</em></span> <span class='ocrx_word' id='word_1_403' title='bbox 990 4662 1152 4750; x_wconf 71' lang='lat' dir='ltr'><em>(Barsa),</em></span> <span class='ocrx_word' id='word_1_404' title='bbox 1178 4692 1193 4724; x_wconf 73' lang='grc' dir='ltr'><strong>κ</strong></span> <span class='ocrx_word' id='word_1_405' title='bbox 1216 4676 1248 4729; x_wconf 92' lang='lat' dir='ltr'><em>et</em></span> <span class='ocrx_word' id='word_1_406' title='bbox 1273 4665 1455 4750; x_wconf 73' lang='lat' dir='ltr'><em>hyssopum</em></span> <span class='ocrx_word' id='word_1_407' title='bbox 1477 4688 1492 4721; x_wconf 67' lang='grc' dir='ltr'><strong>υ</strong></span> 
     </span>
     <span class='ocr_line' id='line_1_38' title="bbox 170 4765 1496 4858; baseline 0 -24"><span class='ocrx_word' id='word_1_408' title='bbox 170 4768 227 4853; x_wconf 84' lang='lat' dir='ltr'><em>(ci.</em></span> <span class='ocrx_word' id='word_1_409' title='bbox 242 4773 299 4835; x_wconf 80' lang='lat' dir='ltr'><em>Ex.</em></span> <span class='ocrx_word' id='word_1_410' title='bbox 319 4767 449 4857; x_wconf 55' lang='lat'><em>1222).</em></span> <span class='ocrx_word' id='word_1_411' title='bbox 469 4765 569 4835; x_wconf 81' lang='lat' dir='ltr'><em>chr.</em></span> <span class='ocrx_word' id='word_1_412' title='bbox 587 4789 601 4832; x_wconf 90' lang='grc'><em>.·</em></span> <span class='ocrx_word' id='word_1_413' title='bbox 616 4767 702 4836; x_wconf 91' lang='lat' dir='ltr'><em>duas</em></span> <span class='ocrx_word' id='word_1_414' title='bbox 716 4791 794 4835; x_wconf 88' lang='lat' dir='ltr'><em>oves</em></span> <span class='ocrx_word' id='word_1_415' title='bbox 809 4767 903 4835; x_wconf 89' lang='lat' dir='ltr'><em>uiuos</em></span> <span class='ocrx_word' id='word_1_416' title='bbox 918 4767 1085 4854; x_wconf 88' lang='lat' dir='ltr'><em>muudas;</em></span> <span class='ocrx_word' id='word_1_417' title='bbox 1098 4789 1215 4857; x_wconf 86' lang='lat' dir='ltr'><em>passer</em></span> <span class='ocrx_word' id='word_1_418' title='bbox 1227 4771 1346 4858; x_wconf 82' lang='lat' dir='ltr'><em>utique</em></span> <span class='ocrx_word' id='word_1_419' title='bbox 1360 4772 1410 4834; x_wconf 87' lang='lat' dir='ltr'><em>est</em></span> <span class='ocrx_word' id='word_1_420' title='bbox 1423 4767 1496 4834; x_wconf 85' lang='lat' dir='ltr'><em>avis</em></span> 
     </span>
    </p>
   </div>
   <div class='ocr_carea' id='block_1_7' title="bbox 0 0 1772 5384">
    <p class='ocr_par' dir='ltr' id='par_1_8' title="bbox 0 0 1772 5384">
     <span class='ocr_line' id='line_1_39' title="bbox 0 0 1772 5384; baseline 0 0"><span class='ocrx_word' id='word_1_421' title='bbox 0 0 1772 5384; x_wconf 95' lang='lat' dir='ltr'><em> </em></span> 
     </span>
    </p>
   </div>
  </div>
 </body>
</html>
