3534 5384
485 438 606 498 528
1597 449 1777 493 usna
1819 448 2045 493 maun.

489 606 674 666 poro,
710 590 746 646 i.
798 606 850 646 o.
898 594 1227 646 oiilumno.
1261 583 1388 645 Sed
1430 600 1640 644 annus
1689 583 1948 644 iubilaei
1995 585 2063 643 in
2106 584 2334 644 eodem
2377 586 2677 643 contextu
2719 587 2908 660 atque
2955 600 3167 644 annus

489 686 846 746 sabbatinus
878 682 1234 762 dosoriptus
1276 681 1607 742 evidenter
1646 688 1743 742 est
1773 681 2059 742 eiusdem
2094 697 2241 741 cum
2280 698 2445 741 anno
2491 680 2833 744 sabbatico⁴
2859 681 3164 749 rationis,

489 802 638 858 orgo
670 782 894 858 inoipit
922 798 1143 842 monse
1183 780 1367 840 Tisri.

566 882 622 938 3.
662 882 874 941 Annus
922 877 1183 938 iubilaei
1234 876 1584 955 incipiebat
1632 877 1731 938 die
1783 877 1990 956 prima
2031 877 2273 938 mensis
2315 876 2506 950 Tisri‚
2540 875 2703 937 illud
2744 877 2982 955 quippe
3032 883 3171 938 erat

489 978 750 1038 initium
797 978 946 1038 anni
994 975 1222 1034 oii‘ilis.
1263 974 1480 1053 Neque
1522 974 1724 1046 obest,
1762 993 1824 1033 v.
1857 975 1896 1032 9
1941 992 2035 1052 sq.
2084 974 2450 1053 clangorem
2481 974 2782 1035 tubarum
2815 976 3166 1052 praescribi

489 1094 606 1154 pro
646 1074 750 1134 dio
782 1074 1018 1134 mensis
1058 1073 1322 1133 decima.
1363 1074 1455 1132 Eo
1487 1072 1727 1150 quippe
1761 1072 2060 1151 clangore
2093 1096 2122 1128 »
2158 1072 2652 1133 annuntiabatur
2683 1095 2712 1127 «
2759 1089 2891 1133 non
2921 1072 3172 1151 ipsissi-

493 1190 670 1230 mum
710 1170 854 1230 anni
902 1170 1192 1245 initium,
1229 1169 1341 1229 sed
1384 1168 1767 1246 simpliciter
1809 1168 2069 1230 iubilaei
2110 1186 2331 1231 annus.
2366 1169 2477 1230 Die
2514 1169 2725 1247 prima
2750 1171 2849 1240 23,
2878 1171 2958 1229 24
2992 1169 3161 1231 clan-

489 1270 806 1350 gebantur
838 1270 1030 1326 iubos
1062 1284 1173 1346 pro
1205 1268 1469 1328 sabbato
1501 1267 1894 1337 memoriali,
1929 1283 2082 1345 ergo
2114 1267 2240 1328 alio
2266 1267 2369 1329 die
2401 1267 2788 1345 clangendae
2825 1271 3005 1328 erant
3047 1285 3166 1347 pro

493 1366 790 1426 iobilnoo.
830 1370 946 1426 Pro
990 1365 1299 1436 iubilan,
1335 1364 1444 1442 qui
1484 1381 1686 1425 annus
1727 1369 1897 1426 esset
1932 1381 2339 1443 nequaquam
2367 1364 2799 1436 iubilationiS,
2831 1365 2945 1425 sed
2977 1367 3166 1426 resti-

493 1466 790 1534 tutionis,
830 1466 1159 1542 aptissime
1202 1463 1397 1523 tubae
1442 1461 1907 1540 clangebantur
1943 1481 2002 1522 v.
2033 1463 2071 1522 9
2115 1486 2145 1518 «
2192 1462 2295 1523 die
2341 1463 2814 1542 propitiationis
2857 1487 2912 1522 ».
2945 1466 3165 1542 Neque

413 1606 417 1610 .
497 1562 846 1638 poi-ionium
886 1566 1054 1630 orat,
1090 1577 1163 1620 ne
1213 1558 1360 1638 quis
1403 1559 1571 1619 inter
1616 1559 1790 1622 diem
1834 1558 2111 1637 primam
2156 1563 2219 1620 et
2262 1559 2577 1621 decimam
2619 1564 2732 1622 aut
2771 1565 3010 1621 sereret
3053 1567 3170 1621 aut

493 1662 790 1726 motor-ol,
826 1674 974 1718 oum
1006 1662 1066 1718 ot
1098 1658 1325 1718 messis
1362 1661 1513 1717 ante
1548 1655 1722 1717 diem
1752 1657 2029 1734 primam
2062 1661 2233 1718 esset
2259 1657 2447 1735 plane
2476 1658 2795 1732 absoluta,
2830 1662 2894 1719 et
2918 1674 3163 1720 semen·

493 1758 574 1814 tis
598 1762 742 1814 anto
770 1754 942 1814 diom
978 1754 1295 1815 donimam
1326 1757 1501 1814 certe
1531 1771 1659 1813 non
1693 1753 2118 1815 inchoaretur.

573 1858 630 1914 4.
666 1854 914 1914 Hadiois
942 1842 1046 1914 ιω
1086 1868 1280 1930 quam
1308 1851 1612 1912 novimus
1653 1851 2036 1930 significatio
2067 1857 2165 1912 est
2196 1850 2445 1929 ducere,
2474 1853 2661 1932 serre.
2707 1854 2782 1914 Ei
2819 1854 2898 1914 ad
2923 1871 3163 1914 nomen

489 1942 618 2014 ‘3:5³
694 1950 1139 2030 osplioandum
1206 1949 1407 2028 aliqui
1470 1949 1750 2028 gratuito
1816 1949 2135 2028 affingunt
2192 1948 2527 2010 resonandi
2591 1951 3162 2031 significationem,

493 2066 714 2110 samso
742 2050 1137 2110 oonsnnrlnnt
1165 2064 1313 2108 cum
1343 2060 1454 2110 ιε’
1485 2047 1585 2107 vel
1612 2033 1730 2111 ὅθ’.
1762 2048 1996 2109 Vocem
2025 2045 2371 2109 hebraeam
2402 2044 2678 2109 retinent
2715 2047 2894 2130 Vuly.
2932 2047 3163 2110 Chald.

501 2146 766 2222 Thsod.,-
798 2146 1026 2222 reliqui
1070 2161 1194 2206 non
1223 2147 1505 2216 vertunt,
1539 2144 1654 2204 sed
1694 2145 2228 2206 circumscribunt
2260 2163 2274 2204 :
2305 2143 2489 2205 LXX
2510 2145 2772 2226 ἀφέσεως,
2807 2145 2950 2228 Syr.
2987 2162 3167 2213 mm

497 2246 537 2306 ἰ.
570 2262 626 2302 a-
654 2246 918 2302 rosorsio
934 2290 950 2318 ‚
978 2245 1094 2322 siff.
1125 2241 1445 2322 παραφέρων
1476 2241 1613 2323 (ubi
1642 2241 1719 2302 cf.
1762 2241 1942 2302 Field
1977 2243 2056 2303 ad
2087 2245 2193 2302 Ex.
2224 2245 2323 2318 19,
2353 2242 2476 2322 13).
2499 2241 2684 2303 LXX
2703 2243 2972 2320 σημασίας
3004 2245 3173 2315 αὐτῆς

501 2362 626 2402 non
658 2342 910 2402 videtur
942 2358 1078 2400 osso
1110 2338 1213 2417 (cf.
1246 2358 1308 2400 v.
1336 2338 1432 2418 15)
1470 2339 1597 2399 nisi
1631 2339 1834 2400 altera
1863 2340 2037 2401 vocis
2062 2326 2195 2405 ἠν
2223 2340 2457 2403 versio.
2491 2340 2693 2402 Babba·
2719 2342 2918 2402 Alciba
2950 2343 3171 2404 aiebat

505 2454 734 2498 nomon
794 2438 962 2514 opud
1014 2437 1247 2496 :trabes
1292 2437 1528 2497 habere
1578 2437 2107 2516 significationem
2156 2437 2339 2498 aries.
2380 2439 2580 2511 Quam
2631 2444 2850 2503 nostra
2896 2441 3168 2519 quidem

501 2538 702 2594 losioa
726 2534 982 2594 orabioa
1006 2534 1215 2594 eidem
1241 2549 1368 2593 non
1397 2533 1746 2612 assignant.
1773 2524 1898 2594 Sed
1928 2551 2077 2595 cum
2096 2522 2202 2598 ’πυ
2223 2537 2393 2615 apud
2427 2537 2776 2598 Phoenices
2805 2538 3167 2599 secundum

501 2634 994 2710 inscriptionem
1038 2631 1374 2691 Marsiliam
1417 2629 1528 2690 lin.
1575 2634 1608 2689 7
1657 2631 1908 2692 arietem
1951 2634 2362 2711 expresserit,
2404 2652 2624 2714 reapse
2669 2653 2742 2697 ea
2783 2636 3167 2716 significatio

503 2730 770 2806 reliquis
810 2734 902 2790 ost
942 2727 1353 2806 probabilior,
1386 2714 1565 2793 '72'1'5
1614 2741 1721 2820 ΤΙΡ
1762 2734 1861 2791 est
1900 2747 2094 2790 cornu
2136 2730 2382 2811 arietis,
2417 2733 2590 2810 quod
2631 2733 3067 2813 clangebatur,
3099 2741 3163 2794 et

501 2830 650 2886 hino
698 2830 830 2906 ipso
878 2846 1078 2890 onnus
1120 2832 1341 2888 nactus
1393 2831 1492 2887 est
1529 2844 1765 2888 nomen
1808 2814 1965 2893 Sao.
2012 2828 2400 2906 significatio
2442 2828 2757 2891 iubilandi
2803 2831 3165 2892 secundum

501 2930 762 3006 etymon
798 2942 834 2986 a
874 2942 1028 2986 vooo
1062 2924 1289 3003 utique
1331 2925 1612 2998 exsulat,
1648 2925 1745 2985 uti
1779 2926 1974 2986 etiam
2005 2944 2042 2985 a
2089 2949 2118 2980 «
2164 2927 2268 2987 die
2300 2927 2683 3006 expiationis
2713 2953 2742 2986 »
2776 2947 2835 2989 v.
2865 2930 2924 2989 9.
2958 2964 3039 2972 —
3070 2929 3162 2991 Cf.

505 3026 574 3086 Ρ.
614 3022 922 3082 &cosmos
954 3042 974 3082 s
1002 3026 1118 3082 Das
1153 3021 1492 3099 Iubeljahr,
1527 3021 1841 3084 Eichstatt
1874 3024 2050 3084 1889.

1364 3277 1411 3310 α.
1440 3261 1515 3308 De
1536 3262 1701 3310 indole
1726 3262 1929 3310 iubilaei
1948 3263 2065 3312 Lev,
2093 3265 2296 3325 25,8·12.

590 3474 650 3514 s.
698 3454 738 3514 3
778 3478 806 3506 o
850 3445 1256 3514 Nomos-abis
1291 3468 1565 3537 quoque
1611 3447 1740 3514 tibi
1779 3461 2031 3539 septem
2069 3447 2530 3518 hebdomadas
2567 3473 2912 3537 annorum
2964 3480 3026 3538 »,
3070 3492 3163 3503 —

501 3554 706 3622 Heln:
794 3566 1050 3642 sepi-:om
1074 3555 1353 3621 sabbata
1382 3576 1749 3633 annorum,
1784 3554 1902 3622 sed
1932 3577 2088 3622 cum
2117 3578 2319 3624 omne
2351 3556 2714 3625 sabbatum
2734 3581 2932 3626 suum
2963 3581 3163 3650 prae-

497 3662 698 3726 oodot
738 3662 1219 3743 hosaomorom
1268 3658 1660 3728 efficiuntur
1689 3660 1854 3728 anni
1886 3668 1994 3744 w,
2037 3662 2226 3751 quod
2260 3662 2445 3731 illico
2484 3664 2777 3756 explicat
2812 3671 3032 3733 textus
3068 3704 3163 3717 —

505 3798 533 3826 u
574 3766 642 3854 [ἑ.
690 3766 774 3854 εκ]
814 3766 1058 3857 soptim
1102 3778 1354 3856 septem
1388 3795 1421 3828 »
1456 3788 1699 3851 αηηοε,
1756 3796 1790 3829 «
1837 3789 2013 3858 quae
2049 3769 2261 3836 simul
2286 3770 2566 3859 faciunt
2603 3793 2821 3839 annos
2852 3770 3160 3862 quadra—

497 3874 698 3962 ginin
718 3898 954 3938 norem
978 3902 1034 3938 rs.
1066 3898 1127 3938 v.
1159 3879 1198 3938 9
1230 3901 1261 3933 «
1288 3874 1380 3939 Et
1405 3872 1683 3963 clanqes
1706 3874 1994 3941 buccina
2027 3903 2058 3937 >›
2081 3914 2169 3925 —
2188 3890 2352 3945 ww
2369 3879 2456 3945 cf.
2477 3881 2590 3944 Ex.
2618 3884 2843 3963 19‚16,
2869 3901 2996 3970 pro
3017 3900 3162 3968 quo

501 3986 622 4046 ilos.
650 3986 758 4062 525
794 3981 902 4066 [of.
938 4002 1002 4046 ν.
1038 3986 1094 4046 fi.
1129 3986 1193 4046 6.
1238 3985 1303 4046 8.
1350 3978 1458 4068 13)
1492 3979 1929 4047 substituitur
1960 3995 2092 4074 ῙἾΡ.
2133 3985 2321 4051 unde
2358 4004 2524 4051 vera
2550 4006 2690 4052 esse
2729 3985 3165 4072 dignoscitur

497 4086 854 4178 explicatio
898 4086 1086 4150 His-s·-
1131 4084 1232 4174 (in
1270 4089 1375 4152 Os.
1413 4093 1562 4171 5,8;
1610 4089 1706 4154 Μ.
1751 4092 1860 4156 25.
1907 4089 2017 4175 86)
2079 4112 2094 4154 2
2144 4116 2176 4151 «
2218 4089 2509 4159 buccina
2544 4092 2906 4181 pastoralis
2947 4096 3051 4159 est
3091 4102 3163 4159 et

497 4214 714 4258 oornn
741 4214 1022 4258 rooorro
1050 4192 1362 4274 officitur,
1396 4192 1577 4259 unde
1611 4199 1679 4261 et
1706 4195 1989 4283 proprie
2023 4195 2344 4264 hebraice
2376 4197 2665 4288 Sophar‚
2696 4220 2943 4285 graece
2973 4228 3162 4286 κερα-

493 4310 618 4382 τίνη
646 4298 1038 4386 appellatur
1066 4329 1094 4358 o
1125 4338 1213 4349 —
1246 4326 1278 4359 «
1311 4321 1535 4365 mense
1563 4301 1877 4389 septimo,
1914 4299 2181 4368 decima
2207 4301 2318 4370 die
2343 4303 2614 4389 mensis,
2636 4305 3163 4396 propitiationis

497 4422 794 4494 son-sporo
846 4434 902 4490 o,
942 4426 1058 4470 son
1102 4405 1329 4472 verius
1368 4404 1479 4471 die
1525 4405 1814 4495 (2337),
1852 4435 1885 4468 «
1929 4408 2004 4474 in
2045 4409 2364 4477 universa
2403 4422 2585 4479 terra
2613 4424 2830 4479 vestra
2863 4440 2923 4481 ».
2968 4435 3033 4479 v,
3074 4419 3160 4478 10

501 4542 529 4570 u
582 4514 1194 4602 Sossrrifiooos'sque
1240 4535 1506 4579 annum
1562 4512 2217 4604 quinquaqesimum
2271 4543 2330 4583 ».
2377 4521 2545 4585 Cum
2589 4540 2751 4586 vero
2800 4519 2938 4587 sint
2981 4518 3161 4586 varii

505 4618 686 4686 morli
722 4617 1298 4702 munitissumis,
1342 4619 1526 4686 illico
1575 4619 1694 4709 qui
1728 4621 1968 4688 modus
2003 4621 2438 4710 intelligatur
2475 4627 2839 4716 exponitur
2883 4625 3098 4715 (Gai.)
3137 4648 3152 4693 :

570 4738 634 4790 oi·
666 4726 930 4794 roooois
962 4754 1018 4806 n,
1054 4748 1171 4791 seu
1198 4726 1678 4815 proclamabis,
1718 4728 2234 4797 «remissionem
2266 4759 2325 4814 »,
2361 4730 2407 4798 i.
2437 4754 2498 4798 e.
2527 4731 3005 4800 liberationem
3033 4753 3154 4799 seu

501 4834 1132 4916 manumissionem,
1183 4860 1214 4894 «
1261 4832 1535 4900 cunetis
1577 4832 2075 4904 habitatoribus
2112 4848 2329 4906 terrae
2376 4851 2535 4905 tuae
2574 4860 2600 4904 .·
2645 4841 2788 4931 ipse
2825 4851 2922 4906 est
2969 4837 3157 4905 enim
