<?xml version="1.0" encoding="UTF-8"?>
<!DOCTYPE html PUBLIC "-//W3C//DTD XHTML 1.0 Transitional//EN"
    "http://www.w3.org/TR/xhtml1/DTD/xhtml1-transitional.dtd">
<html xmlns="http://www.w3.org/1999/xhtml" xml:lang="en" lang="en">
 <head>
  <title>
</title>
<meta http-equiv="Content-Type" content="text/html;charset=utf-8" />
  <meta name='ocr-system' content='tesseract 3.04.00' />
  <meta name='ocr-capabilities' content='ocr_page ocr_carea ocr_par ocr_line ocrx_word'/>
</head>
<body>
  <div class='ocr_page' id='page_1' title='image "./commentariusine00hummgoog_0046.png"; bbox 0 0 3534 5384; ppageno 0'>
   <div class='ocr_carea' id='block_1_1' title="bbox 729 419 1510 488">
    <p class='ocr_par' dir='ltr' id='par_1_1' title="bbox 729 419 1510 488">
     <span class='ocr_line' id='line_1_1' title="bbox 729 419 1510 488; baseline 0.008 -15"><span class='ocrx_word' id='word_1_1' title='bbox 729 430 781 475; x_wconf 79' lang='lat' dir='ltr'>ax.</span> <span class='ocrx_word' id='word_1_2' title='bbox 805 419 876 484; x_wconf 69' lang='lat' dir='ltr'>itt</span> <span class='ocrx_word' id='word_1_3' title='bbox 899 433 963 484; x_wconf 84' lang='lat' dir='ltr'>soc.</span> <span class='ocrx_word' id='word_1_4' title='bbox 1471 430 1510 488; x_wconf 84' lang='lat'>35</span> 
     </span>
    </p>
   </div>
   <div class='ocr_carea' id='block_1_2' title="bbox 176 562 1512 1400">
    <p class='ocr_par' dir='ltr' id='par_1_2' title="bbox 176 562 1511 764">
     <span class='ocr_line' id='line_1_2' title="bbox 177 562 1511 660; baseline 0.007 -27"><span class='ocrx_word' id='word_1_5' title='bbox 177 567 298 658; x_wconf 88' lang='lat' dir='ltr'>pulum</span> <span class='ocrx_word' id='word_1_6' title='bbox 313 587 411 632; x_wconf 90' lang='lat' dir='ltr'>suum</span> <span class='ocrx_word' id='word_1_7' title='bbox 427 564 571 631; x_wconf 88' lang='lat' dir='ltr'>iamiam</span> <span class='ocrx_word' id='word_1_8' title='bbox 592 562 768 632; x_wconf 82' lang='lat' dir='ltr'>defensuri</span> <span class='ocrx_word' id='word_1_9' title='bbox 783 567 941 632; x_wconf 89' lang='lat' dir='ltr'>conferre</span> <span class='ocrx_word' id='word_1_10' title='bbox 961 565 1064 634; x_wconf 89' lang='lat' dir='ltr'>liceat</span> <span class='ocrx_word' id='word_1_11' title='bbox 1075 567 1201 658; x_wconf 81' lang='lat' dir='ltr'>triplex</span> <span class='ocrx_word' id='word_1_12' title='bbox 1219 574 1446 660; x_wconf 84' lang='lat' dir='ltr'>persecutoris</span> <span class='ocrx_word' id='word_1_13' title='bbox 1458 576 1511 642; x_wconf 91' lang='lat' dir='ltr'>al·</span> 
     </span>
     <span class='ocr_line' id='line_1_3' title="bbox 176 673 576 764; baseline -0.003 -26"><span class='ocrx_word' id='word_1_14' title='bbox 176 673 330 764; x_wconf 87' lang='lat' dir='ltr'>loquium</span> <span class='ocrx_word' id='word_1_15' title='bbox 347 695 379 737; x_wconf 87' lang='lat' dir='ltr'>v.</span> <span class='ocrx_word' id='word_1_16' title='bbox 398 679 431 738; x_wconf 89' lang='grc'>9.</span> <span class='ocrx_word' id='word_1_17' title='bbox 450 678 504 739; x_wconf 86' lang='grc'>15.</span> <span class='ocrx_word' id='word_1_18' title='bbox 522 675 576 737; x_wconf 71' lang='lat'>22.</span> 
     </span>
    </p>

    <p class='ocr_par' dir='ltr' id='par_1_3' title="bbox 176 777 1512 1400">
     <span class='ocr_line' id='line_1_4' title="bbox 219 777 1512 869; baseline 0.009 -25"><span class='ocrx_word' id='word_1_19' title='bbox 219 802 253 847; x_wconf 91' lang='lat' dir='ltr'>v.</span> <span class='ocrx_word' id='word_1_20' title='bbox 271 786 312 846; x_wconf 88' lang='lat'>15</span> <span class='ocrx_word' id='word_1_21' title='bbox 329 805 346 840; x_wconf 90' lang='lat'>«</span> <span class='ocrx_word' id='word_1_22' title='bbox 362 777 459 844; x_wconf 74' lang='lat' dir='ltr'>Dicit</span> <span class='ocrx_word' id='word_1_23' title='bbox 487 789 604 844; x_wconf 86' lang='lat' dir='ltr'>autem</span> <span class='ocrx_word' id='word_1_24' title='bbox 625 799 686 844; x_wconf 83' lang='lat' dir='ltr'>rea</span> <span class='ocrx_word' id='word_1_25' title='bbox 706 779 856 868; x_wconf 77' lang='lat' dir='ltr'>Aeqypti</span> <span class='ocrx_word' id='word_1_26' title='bbox 884 780 1115 848; x_wconf 75' lang='lat' dir='ltr'><em>obstetricibus</em></span> <span class='ocrx_word' id='word_1_27' title='bbox 1137 784 1428 869; x_wconf 80' lang='lat' dir='ltr'>Hebraeorum»,</span> <span class='ocrx_word' id='word_1_28' title='bbox 1450 811 1512 856; x_wconf 90' lang='lat' dir='ltr'>seu</span> 
     </span>
     <span class='ocr_line' id='line_1_5' title="bbox 177 881 1511 983; baseline 0.007 -30"><span class='ocrx_word' id='word_1_29' title='bbox 177 885 369 953; x_wconf 78' lang='lat' dir='ltr'><strong>accuratius</strong></span> <span class='ocrx_word' id='word_1_30' title='bbox 385 881 639 964; x_wconf 85' lang='lat' dir='ltr'>Hebraeorum,</span> <span class='ocrx_word' id='word_1_31' title='bbox 658 883 847 952; x_wconf 91' lang='lat' dir='ltr'>secundum</span> <span class='ocrx_word' id='word_1_32' title='bbox 869 887 995 954; x_wconf 86' lang='lat' dir='ltr'>Moser.</span> <span class='ocrx_word' id='word_1_33' title='bbox 1013 893 1127 954; x_wconf 90' lang='lat' dir='ltr'>autem</span> <span class='ocrx_word' id='word_1_34' title='bbox 1144 888 1323 957; x_wconf 77' lang='lat' dir='ltr'>hebraeis:</span> <span class='ocrx_word' id='word_1_35' title='bbox 1342 896 1511 983; x_wconf 82' lang='lat' dir='ltr'><strong>expressio</strong></span> 
     </span>
     <span class='ocr_line' id='line_1_6' title="bbox 177 990 1512 1091; baseline 0.007 -31"><span class='ocrx_word' id='word_1_36' title='bbox 177 1013 317 1082; x_wconf 88' lang='lat' dir='ltr'>anceps,</span> <span class='ocrx_word' id='word_1_37' title='bbox 342 1013 431 1081; x_wconf 88' lang='lat' dir='ltr'>quae</span> <span class='ocrx_word' id='word_1_38' title='bbox 452 991 508 1057; x_wconf 89' lang='lat' dir='ltr'>vel</span> <span class='ocrx_word' id='word_1_39' title='bbox 536 1012 592 1058; x_wconf 87' lang='lat' dir='ltr'>eas</span> <span class='ocrx_word' id='word_1_40' title='bbox 618 990 777 1077; x_wconf 79' lang='lat' dir='ltr'>designat</span> <span class='ocrx_word' id='word_1_41' title='bbox 801 990 1019 1074; x_wconf 79' lang='lat' dir='ltr'><strong>obstetrices,</strong></span> <span class='ocrx_word' id='word_1_42' title='bbox 1044 1015 1133 1084; x_wconf 90' lang='lat' dir='ltr'>quac</span> <span class='ocrx_word' id='word_1_43' title='bbox 1157 996 1327 1065; x_wconf 85' lang='lat' dir='ltr'>Hebraeas</span> <span class='ocrx_word' id='word_1_44' title='bbox 1348 999 1386 1066; x_wconf 91' lang='lat' dir='ltr'>in</span> <span class='ocrx_word' id='word_1_45' title='bbox 1410 1006 1512 1091; x_wconf 89' lang='lat' dir='ltr'>partu</span> 
     </span>
     <span class='ocr_line' id='line_1_7' title="bbox 176 1095 1512 1186; baseline 0.005 -20"><span class='ocrx_word' id='word_1_46' title='bbox 176 1099 355 1180; x_wconf 86' lang='lat' dir='ltr'>iuvabant,</span> <span class='ocrx_word' id='word_1_47' title='bbox 373 1097 452 1164; x_wconf 89' lang='lat' dir='ltr'>licet</span> <span class='ocrx_word' id='word_1_48' title='bbox 468 1098 562 1186; x_wconf 83' lang='lat' dir='ltr'>ipsae</span> <span class='ocrx_word' id='word_1_49' title='bbox 582 1095 756 1165; x_wconf 78' lang='lat' dir='ltr'>Hebraeae</span> <span class='ocrx_word' id='word_1_50' title='bbox 774 1097 917 1165; x_wconf 86' lang='lat' dir='ltr'>fortasse</span> <span class='ocrx_word' id='word_1_51' title='bbox 933 1121 1002 1166; x_wconf 91' lang='lat' dir='ltr'>non</span> <span class='ocrx_word' id='word_1_52' title='bbox 1018 1105 1147 1179; x_wconf 86' lang='lat' dir='ltr'>essent,</span> <span class='ocrx_word' id='word_1_53' title='bbox 1164 1103 1219 1168; x_wconf 88' lang='lat' dir='ltr'>vel</span> <span class='ocrx_word' id='word_1_54' title='bbox 1233 1104 1434 1173; x_wconf 78' lang='lat' dir='ltr'>obstetrices</span> <span class='ocrx_word' id='word_1_55' title='bbox 1450 1113 1512 1174; x_wconf 88' lang='lat' dir='ltr'>iio-</span> 
     </span>
     <span class='ocr_line' id='line_1_8' title="bbox 176 1203 1511 1295; baseline 0.006 -23"><span class='ocrx_word' id='word_1_56' title='bbox 176 1205 311 1285; x_wconf 89' lang='lat' dir='ltr'>braeas‚</span> <span class='ocrx_word' id='word_1_57' title='bbox 330 1226 419 1294; x_wconf 90' lang='lat' dir='ltr'>quae</span> <span class='ocrx_word' id='word_1_58' title='bbox 435 1205 552 1293; x_wconf 89' lang='lat' dir='ltr'>utique</span> <span class='ocrx_word' id='word_1_59' title='bbox 568 1203 737 1271; x_wconf 86' lang='lat' dir='ltr'>Hebraeas</span> <span class='ocrx_word' id='word_1_60' title='bbox 751 1203 967 1292; x_wconf 89' lang='lat' dir='ltr'>potissimum</span> <span class='ocrx_word' id='word_1_61' title='bbox 989 1212 1048 1273; x_wconf 90' lang='lat' dir='ltr'>aut</span> <span class='ocrx_word' id='word_1_62' title='bbox 1068 1207 1168 1276; x_wconf 88' lang='lat' dir='ltr'>unice</span> <span class='ocrx_word' id='word_1_63' title='bbox 1181 1207 1360 1279; x_wconf 87' lang='lat' dir='ltr'>iuvabant.</span> <span class='ocrx_word' id='word_1_64' title='bbox 1383 1240 1399 1274; x_wconf 80' lang='lat' dir='ltr'>a</span> <span class='ocrx_word' id='word_1_65' title='bbox 1420 1217 1511 1295; x_wconf 85' lang='lat' dir='ltr'>Qua-</span> 
     </span>
     <span class='ocr_line' id='line_1_9' title="bbox 176 1308 1008 1400; baseline 0.002 -23"><span class='ocrx_word' id='word_1_66' title='bbox 176 1335 251 1378; x_wconf 85' lang='lat' dir='ltr'>rurn</span> <span class='ocrx_word' id='word_1_67' title='bbox 267 1333 339 1378; x_wconf 75' lang='lat' dir='ltr'>tina</span> <span class='ocrx_word' id='word_1_68' title='bbox 353 1309 540 1377; x_wconf 85' lang='lat' dir='ltr'>uocabatur</span> <span class='ocrx_word' id='word_1_69' title='bbox 551 1308 721 1400; x_wconf 75' lang='lat' dir='ltr'>Septimo,</span> <span class='ocrx_word' id='word_1_70' title='bbox 739 1309 850 1378; x_wconf 84' lang='lat' dir='ltr'>ultera</span> <span class='ocrx_word' id='word_1_71' title='bbox 864 1310 964 1378; x_wconf 85' lang='lat' dir='ltr'>Pbua</span> <span class='ocrx_word' id='word_1_72' title='bbox 979 1340 1008 1379; x_wconf 77' lang='lat' dir='ltr'>n.</span> 
     </span>
    </p>
   </div>
   <div class='ocr_carea' id='block_1_3' title="bbox 168 1501 1510 2806">
    <p class='ocr_par' dir='ltr' id='par_1_4' title="bbox 168 1501 1510 2806">
     <span class='ocr_line' id='line_1_10' title="bbox 210 1501 1510 1570; baseline 0.006 -18"><span class='ocrx_word' id='word_1_73' title='bbox 210 1501 332 1553; x_wconf 84' lang='lat' dir='ltr'><strong>Nomina</strong></span> <span class='ocrx_word' id='word_1_74' title='bbox 351 1513 433 1552; x_wconf 84' lang='lat' dir='ltr'>secus</span> <span class='ocrx_word' id='word_1_75' title='bbox 449 1514 506 1552; x_wconf 91' lang='lat' dir='ltr'>non</span> <span class='ocrx_word' id='word_1_76' title='bbox 521 1505 667 1550; x_wconf 89' lang='lat' dir='ltr'>recurrunt</span> <span class='ocrx_word' id='word_1_77' title='bbox 685 1501 715 1550; x_wconf 93' lang='lat' dir='ltr'>in</span> <span class='ocrx_word' id='word_1_78' title='bbox 734 1501 886 1565; x_wconf 86' lang='lat' dir='ltr'>scriptura;</span> <span class='ocrx_word' id='word_1_79' title='bbox 903 1515 961 1551; x_wconf 91' lang='lat' dir='ltr'>non</span> <span class='ocrx_word' id='word_1_80' title='bbox 980 1507 1046 1553; x_wconf 90' lang='lat' dir='ltr'>sunt</span> <span class='ocrx_word' id='word_1_81' title='bbox 1057 1507 1219 1556; x_wconf 86' lang='lat' dir='ltr'>necessario</span> <span class='ocrx_word' id='word_1_82' title='bbox 1233 1507 1368 1570; x_wconf 86' lang='lat' dir='ltr'>hebraea,</span> <span class='ocrx_word' id='word_1_83' title='bbox 1382 1509 1432 1560; x_wconf 89' lang='lat' dir='ltr'>sed</span> <span class='ocrx_word' id='word_1_84' title='bbox 1452 1510 1510 1560; x_wconf 89' lang='lat' dir='ltr'>tor-</span> 
     </span>
     <span class='ocr_line' id='line_1_11' title="bbox 174 1587 1507 1658; baseline 0.006 -16"><span class='ocrx_word' id='word_1_85' title='bbox 174 1595 249 1642; x_wconf 89' lang='lat' dir='ltr'>tasse</span> <span class='ocrx_word' id='word_1_86' title='bbox 259 1591 391 1654; x_wconf 81' lang='lat' dir='ltr'>aegyptia</span> <span class='ocrx_word' id='word_1_87' title='bbox 407 1590 531 1653; x_wconf 84' lang='lat' dir='ltr'>origine,</span> <span class='ocrx_word' id='word_1_88' title='bbox 545 1593 573 1639; x_wconf 91' lang='lat' dir='ltr'>et</span> <span class='ocrx_word' id='word_1_89' title='bbox 588 1590 617 1638; x_wconf 92' lang='lat' dir='ltr'>in</span> <span class='ocrx_word' id='word_1_90' title='bbox 632 1587 824 1642; x_wconf 84' lang='lat' dir='ltr'>Hebraeorum</span> <span class='ocrx_word' id='word_1_91' title='bbox 839 1590 935 1641; x_wconf 87' lang='lat' dir='ltr'>oribus</span> <span class='ocrx_word' id='word_1_92' title='bbox 948 1592 977 1640; x_wconf 89' lang='lat' dir='ltr'>in</span> <span class='ocrx_word' id='word_1_93' title='bbox 990 1590 1109 1643; x_wconf 85' lang='lat' dir='ltr'>tonnam</span> <span class='ocrx_word' id='word_1_94' title='bbox 1121 1595 1203 1658; x_wconf 88' lang='lat' dir='ltr'>quast</span> <span class='ocrx_word' id='word_1_95' title='bbox 1222 1595 1374 1647; x_wconf 74' lang='lat' dir='ltr'>hebraeam</span> <span class='ocrx_word' id='word_1_96' title='bbox 1386 1598 1507 1650; x_wconf 75' lang='lat' dir='ltr'>redacta,</span> 
     </span>
     <span class='ocr_line' id='line_1_12' title="bbox 174 1677 1509 1747; baseline 0.006 -17"><span class='ocrx_word' id='word_1_97' title='bbox 174 1679 215 1730; x_wconf 83' lang='lat' dir='ltr'>i&#39;ix</span> <span class='ocrx_word' id='word_1_98' title='bbox 225 1679 340 1744; x_wconf 90' lang='lat' dir='ltr'>quibus,</span> <span class='ocrx_word' id='word_1_99' title='bbox 352 1681 431 1728; x_wconf 86' lang='lat' dir='ltr'>cuius</span> <span class='ocrx_word' id='word_1_100' title='bbox 443 1679 566 1728; x_wconf 89' lang='lat' dir='ltr'>nationis</span> <span class='ocrx_word' id='word_1_101' title='bbox 579 1689 631 1730; x_wconf 85' lang='lat' dir='ltr'>eae</span> <span class='ocrx_word' id='word_1_102' title='bbox 640 1677 773 1728; x_wconf 88' lang='lat' dir='ltr'>mulieres</span> <span class='ocrx_word' id='word_1_103' title='bbox 785 1677 903 1736; x_wconf 84' lang='lat' dir='ltr'>tuerint,</span> <span class='ocrx_word' id='word_1_104' title='bbox 915 1677 992 1729; x_wconf 91' lang='lat' dir='ltr'>haud</span> <span class='ocrx_word' id='word_1_105' title='bbox 1006 1680 1165 1732; x_wconf 77' lang='lat' dir='ltr'>edocemur.</span> <span class='ocrx_word' id='word_1_106' title='bbox 1186 1682 1261 1747; x_wconf 62' lang='lat' dir='ltr'>Via,</span> <span class='ocrx_word' id='word_1_107' title='bbox 1276 1684 1355 1736; x_wconf 84' lang='lat' dir='ltr'>iiibie</span> <span class='ocrx_word' id='word_1_108' title='bbox 1366 1685 1402 1735; x_wconf 91' lang='lat'>11.</span> <span class='ocrx_word' id='word_1_109' title='bbox 1417 1687 1468 1738; x_wconf 79' lang='lat' dir='ltr'>est</span> <span class='ocrx_word' id='word_1_110' title='bbox 1481 1690 1509 1737; x_wconf 92' lang='lat' dir='ltr'>in</span> 
     </span>
     <span class='ocr_line' id='line_1_13' title="bbox 173 1765 1510 1838; baseline 0.007 -21"><span class='ocrx_word' id='word_1_111' title='bbox 173 1769 408 1832; x_wconf 88' lang='lat' dir='ltr'>comparationem</span> <span class='ocrx_word' id='word_1_112' title='bbox 435 1766 548 1818; x_wconf 78' lang='lat' dir='ltr'>adducit</span> <span class='ocrx_word' id='word_1_113' title='bbox 569 1767 686 1817; x_wconf 87' lang='lat' dir='ltr'>nomina</span> <span class='ocrx_word' id='word_1_114' title='bbox 709 1768 875 1831; x_wconf 81' lang='lat' dir='ltr'>aegyptiaca</span> <span class='ocrx_word' id='word_1_115' title='bbox 902 1765 1062 1832; x_wconf 85' lang='lat' dir='ltr'>Schepmau</span> <span class='ocrx_word' id='word_1_116' title='bbox 1082 1775 1111 1820; x_wconf 90' lang='lat' dir='ltr'>et</span> <span class='ocrx_word' id='word_1_117' title='bbox 1136 1771 1205 1823; x_wconf 91' lang='lat' dir='ltr'>Pue.</span> <span class='ocrx_word' id='word_1_118' title='bbox 1227 1771 1371 1825; x_wconf 84' lang='lat' dir='ltr'>Hebraeas</span> <span class='ocrx_word' id='word_1_119' title='bbox 1392 1776 1510 1838; x_wconf 85' lang='lat' dir='ltr'>putabat</span> 
     </span>
     <span class='ocr_line' id='line_1_14' title="bbox 173 1855 1509 1930; baseline 0.007 -24"><span class='ocrx_word' id='word_1_120' title='bbox 173 1859 239 1919; x_wconf 78' lang='lat' dir='ltr'>tuq.</span> <span class='ocrx_word' id='word_1_121' title='bbox 255 1855 373 1920; x_wconf 87' lang='lat' dir='ltr'>(contra</span> <span class='ocrx_word' id='word_1_122' title='bbox 386 1855 565 1906; x_wconf 88' lang='lat' dir='ltr'>mendacium</span> <span class='ocrx_word' id='word_1_123' title='bbox 579 1867 640 1919; x_wconf 90' lang='lat' dir='ltr'>cap.</span> <span class='ocrx_word' id='word_1_124' title='bbox 663 1855 709 1915; x_wconf 81' lang='lat' dir='ltr'>ti;</span> <span class='ocrx_word' id='word_1_125' title='bbox 725 1856 759 1906; x_wconf 84' lang='lat' dir='ltr'>tt.</span> <span class='ocrx_word' id='word_1_126' title='bbox 775 1855 815 1906; x_wconf 91' lang='lat' dir='ltr'>ii.</span> <span class='ocrx_word' id='word_1_127' title='bbox 837 1855 915 1918; x_wconf 60' lang='lat' dir='ltr'>stip</span> <span class='ocrx_word' id='word_1_128' title='bbox 927 1858 1121 1922; x_wconf 85' lang='lat' dir='ltr'>rationemque</span> <span class='ocrx_word' id='word_1_129' title='bbox 1135 1863 1263 1924; x_wconf 75' lang='lat' dir='ltr'>suggerit</span> <span class='ocrx_word' id='word_1_130' title='bbox 1274 1861 1355 1913; x_wconf 67' lang='lat' dir='ltr'>Noto.</span> <span class='ocrx_word' id='word_1_131' title='bbox 1371 1866 1509 1930; x_wconf 79' lang='lat' dir='ltr'>aegyptiis</span> 
     </span>
     <span class='ocr_line' id='line_1_15' title="bbox 172 1943 1506 2012; baseline 0.007 -19"><span class='ocrx_word' id='word_1_132' title='bbox 172 1957 228 1994; x_wconf 90' lang='lat' dir='ltr'>non</span> <span class='ocrx_word' id='word_1_133' title='bbox 248 1944 334 1996; x_wconf 80' lang='lat' dir='ltr'>imese</span> <span class='ocrx_word' id='word_1_134' title='bbox 354 1957 454 1996; x_wconf 87' lang='lat' dir='ltr'>usuras</span> <span class='ocrx_word' id='word_1_135' title='bbox 476 1944 608 1994; x_wconf 87' lang='lat' dir='ltr'>mulieres</span> <span class='ocrx_word' id='word_1_136' title='bbox 632 1943 780 1995; x_wconf 88' lang='lat' dir='ltr'>hebraeas.</span> <span class='ocrx_word' id='word_1_137' title='bbox 800 1943 855 1994; x_wconf 85' lang='lat' dir='ltr'>Sed</span> <span class='ocrx_word' id='word_1_138' title='bbox 878 1946 973 1994; x_wconf 79' lang='lat' dir='ltr'>verius</span> <span class='ocrx_word' id='word_1_139' title='bbox 991 1947 1138 2010; x_wconf 74' lang='lat' dir='ltr'>aegyptias</span> <span class='ocrx_word' id='word_1_140' title='bbox 1153 1951 1336 2012; x_wconf 89' lang='lat' dir='ltr'>pronuntiant</span> <span class='ocrx_word' id='word_1_141' title='bbox 1357 1951 1421 2012; x_wconf 76' lang='lat' dir='ltr'>toa,</span> <span class='ocrx_word' id='word_1_142' title='bbox 1438 1955 1506 2003; x_wconf 67' lang='lat' dir='ltr'>len.</span> 
     </span>
     <span class='ocr_line' id='line_1_16' title="bbox 173 2030 1508 2104; baseline 0.007 -20"><span class='ocrx_word' id='word_1_143' title='bbox 173 2033 295 2097; x_wconf 85' lang='lat' dir='ltr'>aliique:</span> <span class='ocrx_word' id='word_1_144' title='bbox 311 2032 347 2083; x_wconf 88' lang='lat' dir='ltr'>ci.</span> <span class='ocrx_word' id='word_1_145' title='bbox 364 2046 460 2084; x_wconf 87' lang='lat' dir='ltr'>earum</span> <span class='ocrx_word' id='word_1_146' title='bbox 474 2046 502 2082; x_wconf 93' lang='lat' dir='ltr'>v.</span> <span class='ocrx_word' id='word_1_147' title='bbox 522 2033 553 2084; x_wconf 84' lang='lat'>19</span> <span class='ocrx_word' id='word_1_148' title='bbox 563 2032 658 2082; x_wconf 86' lang='lat' dir='ltr'>verba.</span> <span class='ocrx_word' id='word_1_149' title='bbox 678 2030 735 2083; x_wconf 84' lang='lat' dir='ltr'>Cur</span> <span class='ocrx_word' id='word_1_150' title='bbox 745 2033 813 2082; x_wconf 80' lang='lat' dir='ltr'>daos</span> <span class='ocrx_word' id='word_1_151' title='bbox 824 2035 933 2083; x_wconf 88' lang='lat' dir='ltr'>tantum</span> <span class='ocrx_word' id='word_1_152' title='bbox 944 2033 1022 2084; x_wconf 90' lang='lat' dir='ltr'>iubet</span> <span class='ocrx_word' id='word_1_153' title='bbox 1032 2035 1100 2085; x_wconf 84' lang='lat' dir='ltr'>rexi</span> <span class='ocrx_word' id='word_1_154' title='bbox 1112 2035 1170 2086; x_wconf 86' lang='lat' dir='ltr'>itas</span> <span class='ocrx_word' id='word_1_155' title='bbox 1181 2037 1361 2089; x_wconf 79' lang='lat' dir='ltr'>obstetricum</span> <span class='ocrx_word' id='word_1_156' title='bbox 1370 2041 1508 2104; x_wconf 86' lang='lat' dir='ltr'>quodam·</span> 
     </span>
     <span class='ocr_line' id='line_1_17' title="bbox 174 2121 1509 2186; baseline 0.007 -15"><span class='ocrx_word' id='word_1_157' title='bbox 174 2123 257 2172; x_wconf 91' lang='lat' dir='ltr'>modo</span> <span class='ocrx_word' id='word_1_158' title='bbox 275 2123 415 2186; x_wconf 84' lang='lat' dir='ltr'>principes</span> <span class='ocrx_word' id='word_1_159' title='bbox 436 2121 537 2180; x_wconf 88' lang='lat' dir='ltr'>tuisse,</span> <span class='ocrx_word' id='word_1_160' title='bbox 553 2121 641 2184; x_wconf 87' lang='lat' dir='ltr'>aliqui</span> <span class='ocrx_word' id='word_1_161' title='bbox 668 2123 777 2181; x_wconf 87' lang='lat' dir='ltr'>tenent,</span> <span class='ocrx_word' id='word_1_162' title='bbox 795 2122 927 2172; x_wconf 86' lang='lat' dir='ltr'>monente</span> <span class='ocrx_word' id='word_1_163' title='bbox 943 2125 1038 2173; x_wconf 85' lang='lat' dir='ltr'>tamen</span> <span class='ocrx_word' id='word_1_164' title='bbox 1054 2124 1112 2174; x_wconf 82' lang='lat' dir='ltr'>Cat.</span> <span class='ocrx_word' id='word_1_165' title='bbox 1130 2137 1139 2174; x_wconf 91' lang='grc'>.·</span> <span class='ocrx_word' id='word_1_166' title='bbox 1162 2125 1256 2176; x_wconf 82' lang='lat' dir='ltr'>«Non</span> <span class='ocrx_word' id='word_1_167' title='bbox 1276 2128 1361 2177; x_wconf 84' lang='lat' dir='ltr'>solita</span> <span class='ocrx_word' id='word_1_168' title='bbox 1374 2131 1417 2179; x_wconf 89' lang='lat' dir='ltr'>est</span> <span class='ocrx_word' id='word_1_169' title='bbox 1434 2131 1509 2181; x_wconf 88' lang='lat' dir='ltr'>inter</span> 
     </span>
     <span class='ocr_line' id='line_1_18' title="bbox 172 2209 1507 2280; baseline 0.007 -20"><span class='ocrx_word' id='word_1_170' title='bbox 172 2211 333 2262; x_wconf 83' lang='lat' dir='ltr'>obstetrices</span> <span class='ocrx_word' id='word_1_171' title='bbox 356 2210 545 2274; x_wconf 87' lang='lat' dir='ltr'>praesidentia</span> <span class='ocrx_word' id='word_1_172' title='bbox 567 2224 591 2258; x_wconf 74' lang='lat' dir='ltr'>a.</span> <span class='ocrx_word' id='word_1_173' title='bbox 610 2209 689 2260; x_wconf 88' lang='lat' dir='ltr'>Duae</span> <span class='ocrx_word' id='word_1_174' title='bbox 714 2210 812 2274; x_wconf 84' lang='lat' dir='ltr'>utique</span> <span class='ocrx_word' id='word_1_175' title='bbox 833 2210 998 2262; x_wconf 84' lang='lat' dir='ltr'>obstetrices</span> <span class='ocrx_word' id='word_1_176' title='bbox 1019 2217 1061 2262; x_wconf 89' lang='lat' dir='ltr'>tot</span> <span class='ocrx_word' id='word_1_177' title='bbox 1082 2212 1272 2265; x_wconf 87' lang='lat' dir='ltr'>Hebraearum</span> <span class='ocrx_word' id='word_1_178' title='bbox 1289 2216 1416 2280; x_wconf 83' lang='lat' dir='ltr'>partibus</span> <span class='ocrx_word' id='word_1_179' title='bbox 1433 2219 1507 2270; x_wconf 83' lang='lat' dir='ltr'>haud</span> 
     </span>
     <span class='ocr_line' id='line_1_19' title="bbox 171 2297 1507 2370; baseline 0.006 -20"><span class='ocrx_word' id='word_1_180' title='bbox 171 2302 251 2350; x_wconf 86' lang='lat' dir='ltr'>erant</span> <span class='ocrx_word' id='word_1_181' title='bbox 264 2313 354 2364; x_wconf 85' lang='lat' dir='ltr'>pares.</span> <span class='ocrx_word' id='word_1_182' title='bbox 372 2299 449 2348; x_wconf 83' lang='lat' dir='ltr'>Haec</span> <span class='ocrx_word' id='word_1_183' title='bbox 466 2299 590 2349; x_wconf 87' lang='lat' dir='ltr'>narratio</span> <span class='ocrx_word' id='word_1_184' title='bbox 604 2311 673 2350; x_wconf 88' lang='lat' dir='ltr'>sane</span> <span class='ocrx_word' id='word_1_185' title='bbox 687 2297 723 2348; x_wconf 89' lang='lat' dir='ltr'>ab</span> <span class='ocrx_word' id='word_1_186' title='bbox 744 2299 806 2361; x_wconf 89' lang='lat' dir='ltr'>ipso</span> <span class='ocrx_word' id='word_1_187' title='bbox 820 2297 916 2360; x_wconf 81' lang='lat' dir='ltr'>Moyse</span> <span class='ocrx_word' id='word_1_188' title='bbox 931 2299 1003 2350; x_wconf 88' lang='lat' dir='ltr'>tradi</span> <span class='ocrx_word' id='word_1_189' title='bbox 1016 2302 1116 2365; x_wconf 85' lang='lat' dir='ltr'>coapta</span> <span class='ocrx_word' id='word_1_190' title='bbox 1131 2307 1189 2364; x_wconf 82' lang='lat' dir='ltr'>est;</span> <span class='ocrx_word' id='word_1_191' title='bbox 1210 2305 1271 2368; x_wconf 91' lang='lat' dir='ltr'>ipse</span> <span class='ocrx_word' id='word_1_192' title='bbox 1284 2305 1416 2357; x_wconf 89' lang='lat' dir='ltr'>narrabat</span> <span class='ocrx_word' id='word_1_193' title='bbox 1434 2320 1507 2370; x_wconf 90' lang='lat' dir='ltr'>quae</span> 
     </span>
     <span class='ocr_line' id='line_1_20' title="bbox 170 2386 1507 2454; baseline 0.005 -16"><span class='ocrx_word' id='word_1_194' title='bbox 170 2391 287 2438; x_wconf 89' lang='lat' dir='ltr'>matrem</span> <span class='ocrx_word' id='word_1_195' title='bbox 304 2392 464 2438; x_wconf 85' lang='lat' dir='ltr'>narrantem</span> <span class='ocrx_word' id='word_1_196' title='bbox 484 2386 626 2447; x_wconf 87' lang='lat' dir='ltr'>audierat;</span> <span class='ocrx_word' id='word_1_197' title='bbox 641 2387 711 2436; x_wconf 88' lang='lat' dir='ltr'>haec</span> <span class='ocrx_word' id='word_1_198' title='bbox 730 2399 787 2437; x_wconf 89' lang='lat' dir='ltr'>non</span> <span class='ocrx_word' id='word_1_199' title='bbox 802 2399 902 2437; x_wconf 88' lang='lat' dir='ltr'>omnes</span> <span class='ocrx_word' id='word_1_200' title='bbox 913 2387 1077 2440; x_wconf 83' lang='lat' dir='ltr'>obstetrices</span> <span class='ocrx_word' id='word_1_201' title='bbox 1091 2397 1174 2441; x_wconf 85' lang='lat' dir='ltr'>notas</span> <span class='ocrx_word' id='word_1_202' title='bbox 1192 2391 1304 2454; x_wconf 83' lang='lat' dir='ltr'>babuit,</span> <span class='ocrx_word' id='word_1_203' title='bbox 1320 2393 1370 2444; x_wconf 90' lang='lat' dir='ltr'>sed</span> <span class='ocrx_word' id='word_1_204' title='bbox 1388 2394 1507 2445; x_wconf 85' lang='lat' dir='ltr'>duarum</span> 
     </span>
     <span class='ocr_line' id='line_1_21' title="bbox 169 2473 1507 2547; baseline 0.005 -20"><span class='ocrx_word' id='word_1_205' title='bbox 169 2476 284 2527; x_wconf 90' lang='lat' dir='ltr'>tradidtt</span> <span class='ocrx_word' id='word_1_206' title='bbox 296 2478 421 2527; x_wconf 89' lang='lat' dir='ltr'>nomina.</span> <span class='ocrx_word' id='word_1_207' title='bbox 438 2475 516 2526; x_wconf 83' lang='lat' dir='ltr'>Alias</span> <span class='ocrx_word' id='word_1_208' title='bbox 530 2476 615 2526; x_wconf 86' lang='lat' dir='ltr'>etiam</span> <span class='ocrx_word' id='word_1_209' title='bbox 634 2473 752 2526; x_wconf 86' lang='lat' dir='ltr'>tortasse</span> <span class='ocrx_word' id='word_1_210' title='bbox 770 2475 909 2526; x_wconf 91' lang='lat' dir='ltr'>allocutus</span> <span class='ocrx_word' id='word_1_211' title='bbox 922 2480 966 2527; x_wconf 89' lang='lat' dir='ltr'>cst</span> <span class='ocrx_word' id='word_1_212' title='bbox 979 2489 1038 2528; x_wconf 83' lang='lat' dir='ltr'>rex.</span> <span class='ocrx_word' id='word_1_213' title='bbox 1056 2477 1155 2544; x_wconf 87' lang='lat' dir='ltr'>Neque</span> <span class='ocrx_word' id='word_1_214' title='bbox 1169 2483 1361 2532; x_wconf 87' lang='lat' dir='ltr'>necessarium</span> <span class='ocrx_word' id='word_1_215' title='bbox 1380 2488 1423 2533; x_wconf 89' lang='lat' dir='ltr'>est</span> <span class='ocrx_word' id='word_1_216' title='bbox 1438 2497 1507 2547; x_wconf 88' lang='lat' dir='ltr'>sup·</span> 
     </span>
     <span class='ocr_line' id='line_1_22' title="bbox 168 2566 1506 2634; baseline 0.007 -19"><span class='ocrx_word' id='word_1_217' title='bbox 168 2577 273 2628; x_wconf 90' lang='lat' dir='ltr'>ponere</span> <span class='ocrx_word' id='word_1_218' title='bbox 288 2577 352 2616; x_wconf 87' lang='lat' dir='ltr'>eum</span> <span class='ocrx_word' id='word_1_219' title='bbox 364 2566 467 2616; x_wconf 74' lang='lat' dir='ltr'>maritas</span> <span class='ocrx_word' id='word_1_220' title='bbox 478 2569 603 2616; x_wconf 88' lang='lat' dir='ltr'>tentasse</span> <span class='ocrx_word' id='word_1_221' title='bbox 618 2576 624 2614; x_wconf 79' lang='grc' dir='ltr'><em>ι</em></span> <span class='ocrx_word' id='word_1_222' title='bbox 638 2575 701 2614; x_wconf 87' lang='lat' dir='ltr'>cum</span> <span class='ocrx_word' id='word_1_223' title='bbox 712 2575 865 2627; x_wconf 85' lang='lat' dir='ltr'>paucarum</span> <span class='ocrx_word' id='word_1_224' title='bbox 877 2566 1069 2628; x_wconf 86' lang='lat' dir='ltr'>experimento</span> <span class='ocrx_word' id='word_1_225' title='bbox 1078 2569 1229 2632; x_wconf 89' lang='lat' dir='ltr'>comperit,</span> <span class='ocrx_word' id='word_1_226' title='bbox 1242 2582 1274 2620; x_wconf 85' lang='lat' dir='ltr'>se</span> <span class='ocrx_word' id='word_1_227' title='bbox 1282 2583 1333 2634; x_wconf 92' lang='lat' dir='ltr'>per</span> <span class='ocrx_word' id='word_1_228' title='bbox 1342 2570 1506 2624; x_wconf 85' lang='lat' dir='ltr'>obstetrices</span> 
     </span>
     <span class='ocr_line' id='line_1_23' title="bbox 168 2652 1505 2724; baseline 0.004 -19"><span class='ocrx_word' id='word_1_229' title='bbox 168 2667 228 2705; x_wconf 86' lang='lat' dir='ltr'>rem</span> <span class='ocrx_word' id='word_1_230' title='bbox 243 2659 303 2705; x_wconf 90' lang='lat' dir='ltr'>tuto</span> <span class='ocrx_word' id='word_1_231' title='bbox 317 2653 451 2718; x_wconf 84' lang='lat' dir='ltr'>perficere</span> <span class='ocrx_word' id='word_1_232' title='bbox 463 2666 520 2704; x_wconf 92' lang='lat' dir='ltr'>non</span> <span class='ocrx_word' id='word_1_233' title='bbox 534 2664 633 2717; x_wconf 89' lang='lat' dir='ltr'>posse,</span> <span class='ocrx_word' id='word_1_234' title='bbox 650 2652 773 2703; x_wconf 89' lang='lat' dir='ltr'>decrevit</span> <span class='ocrx_word' id='word_1_235' title='bbox 790 2653 946 2703; x_wconf 86' lang='lat' dir='ltr'>universati</span> <span class='ocrx_word' id='word_1_236' title='bbox 960 2654 1018 2705; x_wconf 84' lang='lat' dir='ltr'>lata</span> <span class='ocrx_word' id='word_1_237' title='bbox 1031 2656 1096 2718; x_wconf 79' lang='lat' dir='ltr'>lege</span> <span class='ocrx_word' id='word_1_238' title='bbox 1108 2658 1218 2708; x_wconf 79' lang='lat' dir='ltr'>intenta</span> <span class='ocrx_word' id='word_1_239' title='bbox 1231 2661 1357 2724; x_wconf 82' lang='lat' dir='ltr'>exsequi.</span> <span class='ocrx_word' id='word_1_240' title='bbox 1374 2659 1505 2712; x_wconf 84' lang='lat' dir='ltr'>Narratio</span> 
     </span>
     <span class='ocr_line' id='line_1_24' title="bbox 168 2741 658 2806; baseline -0.018 -7"><span class='ocrx_word' id='word_1_241' title='bbox 168 2756 222 2798; x_wconf 67' lang='lat' dir='ltr'>aba</span> <span class='ocrx_word' id='word_1_242' title='bbox 233 2756 264 2798; x_wconf 78' lang='lat' dir='ltr'>se</span> <span class='ocrx_word' id='word_1_243' title='bbox 278 2743 457 2806; x_wconf 83' lang='lat' dir='ltr'>simplicitate</span> <span class='ocrx_word' id='word_1_244' title='bbox 470 2741 658 2792; x_wconf 81' lang='lat' dir='ltr'>commendat.</span> 
     </span>
    </p>
   </div>
   <div class='ocr_carea' id='block_1_4' title="bbox 168 2922 1503 3206">
    <p class='ocr_par' dir='ltr' id='par_1_5' title="bbox 168 2922 1503 3206">
     <span class='ocr_line' id='line_1_25' title="bbox 212 2922 1502 3019; baseline 0.004 -27"><span class='ocrx_word' id='word_1_245' title='bbox 212 2947 245 2992; x_wconf 88' lang='lat' dir='ltr'>v.</span> <span class='ocrx_word' id='word_1_246' title='bbox 265 2931 307 2993; x_wconf 86' lang='grc'>16</span> <span class='ocrx_word' id='word_1_247' title='bbox 324 2953 340 2986; x_wconf 77' lang='lat' dir='ltr'>a</span> <span class='ocrx_word' id='word_1_248' title='bbox 354 2923 575 3014; x_wconf 74' lang='lat' dir='ltr'>Praecepiens</span> <span class='ocrx_word' id='word_1_249' title='bbox 588 2923 636 2989; x_wconf 86' lang='lat' dir='ltr'>eis</span> <span class='ocrx_word' id='word_1_250' title='bbox 651 2943 664 2988; x_wconf 91' lang='lat'>.·</span> <span class='ocrx_word' id='word_1_251' title='bbox 680 2922 824 3005; x_wconf 85' lang='lat' dir='ltr'>Quando</span> <span class='ocrx_word' id='word_1_252' title='bbox 845 2923 1106 2990; x_wconf 75' lang='lat' dir='ltr'>obstetricabitis</span> <span class='ocrx_word' id='word_1_253' title='bbox 1122 2928 1313 3010; x_wconf 87' lang='lat' dir='ltr'>Hebraeas,</span> <span class='ocrx_word' id='word_1_254' title='bbox 1331 2941 1365 2994; x_wconf 92' lang='lat' dir='ltr'>ct</span> <span class='ocrx_word' id='word_1_255' title='bbox 1376 2944 1502 3019; x_wconf 84' lang='lat' dir='ltr'>portus</span> 
     </span>
     <span class='ocr_line' id='line_1_26' title="bbox 169 3027 1503 3123; baseline 0.004 -24"><span class='ocrx_word' id='word_1_256' title='bbox 169 3045 302 3123; x_wconf 82' lang='lat' dir='ltr'>ternpus</span> <span class='ocrx_word' id='word_1_257' title='bbox 316 3030 511 3116; x_wconf 64' lang='lat' dir='ltr'>macnarii,</span> <span class='ocrx_word' id='word_1_258' title='bbox 523 3029 554 3096; x_wconf 85' lang='lat' dir='ltr'>si</span> <span class='ocrx_word' id='word_1_259' title='bbox 566 3027 738 3097; x_wconf 82' lang='lat' dir='ltr'>masculus</span> <span class='ocrx_word' id='word_1_260' title='bbox 748 3029 873 3118; x_wconf 79' lang='lat' dir='ltr'>suerit,</span> <span class='ocrx_word' id='word_1_261' title='bbox 891 3028 1070 3118; x_wconf 79' lang='lat' dir='ltr'>interficite</span> <span class='ocrx_word' id='word_1_262' title='bbox 1084 3053 1182 3118; x_wconf 88' lang='lat' dir='ltr'>cum;</span> <span class='ocrx_word' id='word_1_263' title='bbox 1198 3032 1229 3099; x_wconf 87' lang='lat' dir='ltr'>si</span> <span class='ocrx_word' id='word_1_264' title='bbox 1237 3034 1383 3123; x_wconf 78' lang='lat' dir='ltr'>semina,</span> <span class='ocrx_word' id='word_1_265' title='bbox 1399 3059 1503 3104; x_wconf 83' lang='lat' dir='ltr'>reser-</span> 
     </span>
     <span class='ocr_line' id='line_1_27' title="bbox 168 3152 293 3206; baseline 0.008 -1"><span class='ocrx_word' id='word_1_266' title='bbox 168 3152 246 3206; x_wconf 83' lang='lat' dir='ltr'>vate</span> <span class='ocrx_word' id='word_1_267' title='bbox 262 3165 293 3206; x_wconf 76' lang='lat' dir='ltr'>tt.</span> 
     </span>
    </p>
   </div>
   <div class='ocr_carea' id='block_1_5' title="bbox 163 3291 1502 4171">
    <p class='ocr_par' dir='ltr' id='par_1_6' title="bbox 163 3291 1502 4171">
     <span class='ocr_line' id='line_1_28' title="bbox 203 3291 1502 3392; baseline 0.01 -37"><span class='ocrx_word' id='word_1_268' title='bbox 203 3312 277 3362; x_wconf 79' lang='lat' dir='ltr'>Illud</span> <span class='ocrx_word' id='word_1_269' title='bbox 298 3318 414 3368; x_wconf 64' lang='lat' dir='ltr'>neuun</span> <span class='ocrx_word' id='word_1_270' title='bbox 434 3291 473 3369; x_wconf 59' lang='lat' dir='ltr'>Sit</span> <span class='ocrx_word' id='word_1_271' title='bbox 493 3315 594 3392; x_wconf 62' lang='lat' dir='ltr'>iniisti</span> <span class='ocrx_word' id='word_1_272' title='bbox 614 3310 759 3368; x_wconf 63' lang='lat' dir='ltr'>mamonae</span> <span class='ocrx_word' id='word_1_273' title='bbox 780 3309 981 3372; x_wconf 88' lang='lat' dir='ltr'>euphemistice</span> <span class='ocrx_word' id='word_1_274' title='bbox 993 3309 1130 3390; x_wconf 82' lang='lat' dir='ltr'>reddunt.</span> <span class='ocrx_word' id='word_1_275' title='bbox 1155 3311 1229 3372; x_wconf 87' lang='lat' dir='ltr'>Quid</span> <span class='ocrx_word' id='word_1_276' title='bbox 1249 3317 1377 3376; x_wconf 87' lang='lat' dir='ltr'>praecise</span> <span class='ocrx_word' id='word_1_277' title='bbox 1398 3330 1502 3368; x_wconf 91' lang='lat' dir='ltr'>nomen</span> 
     </span>
     <span class='ocr_line' id='line_1_29' title="bbox 167 3396 1501 3466; baseline 0.004 -15"><span class='ocrx_word' id='word_1_278' title='bbox 167 3406 250 3452; x_wconf 87' lang='lat' dir='ltr'>sonet</span> <span class='ocrx_word' id='word_1_279' title='bbox 266 3401 389 3464; x_wconf 82' lang='lat' dir='ltr'>ignorari</span> <span class='ocrx_word' id='word_1_280' title='bbox 408 3399 575 3463; x_wconf 86' lang='lat' dir='ltr'>perspicies,</span> <span class='ocrx_word' id='word_1_281' title='bbox 593 3399 617 3448; x_wconf 86' lang='lat' dir='ltr'>si</span> <span class='ocrx_word' id='word_1_282' title='bbox 640 3397 746 3462; x_wconf 68' lang='lat' dir='ltr'>legeris</span> <span class='ocrx_word' id='word_1_283' title='bbox 763 3409 836 3461; x_wconf 90' lang='lat' dir='ltr'>quae</span> <span class='ocrx_word' id='word_1_284' title='bbox 853 3396 948 3450; x_wconf 76' lang='lat' dir='ltr'>uitta.</span> <span class='ocrx_word' id='word_1_285' title='bbox 967 3397 1061 3448; x_wconf 89' lang='lat' dir='ltr'>habet.</span> <span class='ocrx_word' id='word_1_286' title='bbox 1090 3398 1183 3451; x_wconf 88' lang='lat' dir='ltr'>Unum</span> <span class='ocrx_word' id='word_1_287' title='bbox 1202 3401 1269 3452; x_wconf 86' lang='lat' dir='ltr'>audi</span> <span class='ocrx_word' id='word_1_288' title='bbox 1286 3402 1363 3466; x_wconf 75' lang='lat' dir='ltr'>Spin.</span> <span class='ocrx_word' id='word_1_289' title='bbox 1384 3419 1393 3454; x_wconf 86' lang='grc'>.·</span> <span class='ocrx_word' id='word_1_290' title='bbox 1416 3420 1428 3454; x_wconf 77' lang='lat' dir='ltr'>e</span> <span class='ocrx_word' id='word_1_291' title='bbox 1446 3407 1501 3457; x_wconf 92' lang='lat' dir='ltr'>Pro</span> 
     </span>
     <span class='ocr_line' id='line_1_30' title="bbox 167 3484 1501 3554; baseline 0.004 -15"><span class='ocrx_word' id='word_1_292' title='bbox 167 3489 269 3552; x_wconf 90' lang='lat' dir='ltr'>quibus</span> <span class='ocrx_word' id='word_1_293' title='bbox 288 3491 317 3538; x_wconf 91' lang='lat' dir='ltr'>in</span> <span class='ocrx_word' id='word_1_294' title='bbox 336 3486 465 3538; x_wconf 85' lang='lat' dir='ltr'>Hebraeo</span> <span class='ocrx_word' id='word_1_295' title='bbox 485 3493 549 3538; x_wconf 86' lang='lat' dir='ltr'>cst:</span> <span class='ocrx_word' id='word_1_296' title='bbox 565 3491 593 3538; x_wconf 92' lang='lat' dir='ltr'>et</span> <span class='ocrx_word' id='word_1_297' title='bbox 606 3484 740 3536; x_wconf 83' lang='lat' dir='ltr'>videbitis</span> <span class='ocrx_word' id='word_1_298' title='bbox 755 3498 840 3554; x_wconf 72' lang='lat' dir='ltr'>super</span> <span class='ocrx_word' id='word_1_299' title='bbox 858 3487 944 3537; x_wconf 85' lang='lat' dir='ltr'>sellas</span> <span class='ocrx_word' id='word_1_300' title='bbox 961 3485 1010 3551; x_wconf 62' lang='grc' dir='ltr'>(ης</span> <span class='ocrx_word' id='word_1_301' title='bbox 1026 3487 1080 3538; x_wconf 90' lang='lat' dir='ltr'>hoc</span> <span class='ocrx_word' id='word_1_302' title='bbox 1094 3489 1150 3549; x_wconf 90' lang='lat' dir='ltr'>est,</span> <span class='ocrx_word' id='word_1_303' title='bbox 1167 3490 1196 3538; x_wconf 92' lang='lat' dir='ltr'>in</span> <span class='ocrx_word' id='word_1_304' title='bbox 1214 3490 1300 3541; x_wconf 86' lang='lat' dir='ltr'>vulva</span> <span class='ocrx_word' id='word_1_305' title='bbox 1312 3505 1364 3542; x_wconf 92' lang='lat' dir='ltr'>seu</span> <span class='ocrx_word' id='word_1_306' title='bbox 1377 3493 1406 3542; x_wconf 92' lang='lat' dir='ltr'>in</span> <span class='ocrx_word' id='word_1_307' title='bbox 1421 3495 1501 3545; x_wconf 90' lang='lat' dir='ltr'>ostiis</span> 
     </span>
     <span class='ocr_line' id='line_1_31' title="bbox 167 3573 1500 3644; baseline 0.005 -18"><span class='ocrx_word' id='word_1_308' title='bbox 167 3577 278 3638; x_wconf 77' lang='lat' dir='ltr'>vrticae,</span> <span class='ocrx_word' id='word_1_309' title='bbox 295 3589 368 3640; x_wconf 89' lang='lat' dir='ltr'>quae</span> <span class='ocrx_word' id='word_1_310' title='bbox 379 3577 461 3640; x_wconf 89' lang='lat' dir='ltr'>pueri</span> <span class='ocrx_word' id='word_1_311' title='bbox 473 3573 556 3626; x_wconf 86' lang='lat' dir='ltr'>sedes</span> <span class='ocrx_word' id='word_1_312' title='bbox 570 3578 622 3624; x_wconf 92' lang='lat' dir='ltr'>est.</span> <span class='ocrx_word' id='word_1_313' title='bbox 634 3574 699 3625; x_wconf 91' lang='lat' dir='ltr'>Non</span> <span class='ocrx_word' id='word_1_314' title='bbox 711 3580 771 3625; x_wconf 88' lang='lat' dir='ltr'>erat</span> <span class='ocrx_word' id='word_1_315' title='bbox 784 3574 939 3626; x_wconf 84' lang='lat' dir='ltr'>Pharaonis</span> <span class='ocrx_word' id='word_1_316' title='bbox 953 3574 1088 3636; x_wconf 88' lang='lat' dir='ltr'>intentio,</span> <span class='ocrx_word' id='word_1_317' title='bbox 1104 3579 1136 3626; x_wconf 92' lang='lat' dir='ltr'>ut</span> <span class='ocrx_word' id='word_1_318' title='bbox 1150 3576 1245 3641; x_wconf 87' lang='lat' dir='ltr'>protes</span> <span class='ocrx_word' id='word_1_319' title='bbox 1261 3578 1407 3644; x_wconf 87' lang='lat' dir='ltr'>aliquanto</span> <span class='ocrx_word' id='word_1_320' title='bbox 1427 3587 1500 3632; x_wconf 92' lang='lat' dir='ltr'>tem-</span> 
     </span>
     <span class='ocr_line' id='line_1_32' title="bbox 167 3661 1500 3729; baseline 0.006 -14"><span class='ocrx_word' id='word_1_321' title='bbox 167 3677 237 3729; x_wconf 89' lang='lat' dir='ltr'>pore</span> <span class='ocrx_word' id='word_1_322' title='bbox 250 3669 409 3717; x_wconf 85' lang='lat' dir='ltr'>servaretur</span> <span class='ocrx_word' id='word_1_323' title='bbox 422 3665 488 3714; x_wconf 85' lang='lat' dir='ltr'>vive</span> <span class='ocrx_word' id='word_1_324' title='bbox 500 3669 528 3716; x_wconf 89' lang='lat' dir='ltr'>et</span> <span class='ocrx_word' id='word_1_325' title='bbox 539 3667 638 3727; x_wconf 87' lang='lat' dir='ltr'>postea</span> <span class='ocrx_word' id='word_1_326' title='bbox 651 3661 870 3724; x_wconf 83' lang='lat' dir='ltr'>interficeretur;</span> <span class='ocrx_word' id='word_1_327' title='bbox 884 3662 935 3716; x_wconf 84' lang='lat' dir='ltr'>sed</span> <span class='ocrx_word' id='word_1_328' title='bbox 947 3662 1048 3713; x_wconf 86' lang='lat' dir='ltr'>callida</span> <span class='ocrx_word' id='word_1_329' title='bbox 1062 3663 1245 3716; x_wconf 88' lang='lat' dir='ltr'>obstetricum</span> <span class='ocrx_word' id='word_1_330' title='bbox 1259 3668 1373 3719; x_wconf 80' lang='lat' dir='ltr'>vafritie</span> <span class='ocrx_word' id='word_1_331' title='bbox 1386 3671 1500 3722; x_wconf 87' lang='lat' dir='ltr'>volebat</span> 
     </span>
     <span class='ocr_line' id='line_1_33' title="bbox 168 3750 1498 3823; baseline 0.006 -20"><span class='ocrx_word' id='word_1_332' title='bbox 168 3756 199 3804; x_wconf 91' lang='lat' dir='ltr'>in</span> <span class='ocrx_word' id='word_1_333' title='bbox 217 3755 278 3819; x_wconf 91' lang='lat' dir='ltr'>ipso</span> <span class='ocrx_word' id='word_1_334' title='bbox 296 3759 392 3817; x_wconf 85' lang='lat' dir='ltr'>partus</span> <span class='ocrx_word' id='word_1_335' title='bbox 409 3756 551 3804; x_wconf 89' lang='lat' dir='ltr'>momento</span> <span class='ocrx_word' id='word_1_336' title='bbox 570 3751 665 3802; x_wconf 90' lang='lat' dir='ltr'>necari</span> <span class='ocrx_word' id='word_1_337' title='bbox 671 3763 679 3811; x_wconf 92' lang='lat'>;</span> <span class='ocrx_word' id='word_1_338' title='bbox 697 3753 726 3801; x_wconf 89' lang='lat' dir='ltr'>et</span> <span class='ocrx_word' id='word_1_339' title='bbox 745 3750 858 3815; x_wconf 89' lang='lat' dir='ltr'>quidem</span> <span class='ocrx_word' id='word_1_340' title='bbox 877 3753 919 3811; x_wconf 70' lang='lat' dir='ltr'>ita</span> <span class='ocrx_word' id='word_1_341' title='bbox 935 3751 1064 3813; x_wconf 88' lang='lat' dir='ltr'>latenter,</span> <span class='ocrx_word' id='word_1_342' title='bbox 1082 3755 1112 3802; x_wconf 91' lang='lat' dir='ltr'>ut</span> <span class='ocrx_word' id='word_1_343' title='bbox 1131 3754 1178 3804; x_wconf 90' lang='lat' dir='ltr'>vei</span> <span class='ocrx_word' id='word_1_344' title='bbox 1198 3767 1265 3806; x_wconf 87' lang='lat' dir='ltr'>casu</span> <span class='ocrx_word' id='word_1_345' title='bbox 1283 3758 1329 3807; x_wconf 88' lang='lat' dir='ltr'>vel</span> <span class='ocrx_word' id='word_1_346' title='bbox 1347 3771 1383 3808; x_wconf 79' lang='lat' dir='ltr'>ex</span> <span class='ocrx_word' id='word_1_347' title='bbox 1401 3761 1498 3823; x_wconf 85' lang='lat' dir='ltr'>partus</span> 
     </span>
     <span class='ocr_line' id='line_1_34' title="bbox 166 3839 1496 3911; baseline 0.005 -19"><span class='ocrx_word' id='word_1_348' title='bbox 166 3841 330 3892; x_wconf 80' lang='lat' dir='ltr'>diiiicultate</span> <span class='ocrx_word' id='word_1_349' title='bbox 350 3843 481 3906; x_wconf 82' lang='lat' dir='ltr'>putarent</span> <span class='ocrx_word' id='word_1_350' title='bbox 502 3840 642 3901; x_wconf 86' lang='lat' dir='ltr'>accidere,</span> <span class='ocrx_word' id='word_1_351' title='bbox 657 3845 685 3890; x_wconf 90' lang='lat' dir='ltr'>et</span> <span class='ocrx_word' id='word_1_352' title='bbox 704 3852 760 3890; x_wconf 89' lang='lat' dir='ltr'>non</span> <span class='ocrx_word' id='word_1_353' title='bbox 781 3852 831 3902; x_wconf 87' lang='lat' dir='ltr'>per</span> <span class='ocrx_word' id='word_1_354' title='bbox 851 3840 1018 3896; x_wconf 82' lang='lat' dir='ltr'>industriam</span> <span class='ocrx_word' id='word_1_355' title='bbox 1038 3839 1100 3892; x_wconf 89' lang='lat' dir='ltr'>iicri</span> <span class='ocrx_word' id='word_1_356' title='bbox 1120 3856 1145 3892; x_wconf 77' lang='lat' dir='ltr'>t.</span> <span class='ocrx_word' id='word_1_357' title='bbox 1160 3869 1196 3878; x_wconf 92' lang='lat'><em>-</em></span> <span class='ocrx_word' id='word_1_358' title='bbox 1211 3843 1297 3895; x_wconf 89' lang='lat' dir='ltr'>Notat</span> <span class='ocrx_word' id='word_1_359' title='bbox 1315 3847 1422 3911; x_wconf 78' lang='lat' dir='ltr'>Herper</span> <span class='ocrx_word' id='word_1_360' title='bbox 1438 3850 1456 3898; x_wconf 91' lang='lat' dir='ltr'>i.</span> <span class='ocrx_word' id='word_1_361' title='bbox 1471 3863 1496 3898; x_wconf 92' lang='lat' dir='ltr'>c.</span> 
     </span>
     <span class='ocr_line' id='line_1_35' title="bbox 165 3928 1497 3997; baseline 0.004 -15"><span class='ocrx_word' id='word_1_362' title='bbox 165 3945 195 3994; x_wconf 91' lang='lat' dir='ltr'>p.</span> <span class='ocrx_word' id='word_1_363' title='bbox 212 3931 242 3982; x_wconf 85' lang='lat'>91</span> <span class='ocrx_word' id='word_1_364' title='bbox 260 3944 315 3994; x_wconf 84' lang='lat' dir='ltr'>sq,</span> <span class='ocrx_word' id='word_1_365' title='bbox 333 3930 407 3980; x_wconf 84' lang='lat' dir='ltr'>haud</span> <span class='ocrx_word' id='word_1_366' title='bbox 428 3943 492 3980; x_wconf 85' lang='lat' dir='ltr'>raro</span> <span class='ocrx_word' id='word_1_367' title='bbox 511 3929 546 3980; x_wconf 86' lang='lat' dir='ltr'>ab</span> <span class='ocrx_word' id='word_1_368' title='bbox 565 3929 634 3993; x_wconf 88' lang='lat' dir='ltr'>ipsis</span> <span class='ocrx_word' id='word_1_369' title='bbox 648 3941 748 3979; x_wconf 89' lang='lat' dir='ltr'>earum</span> <span class='ocrx_word' id='word_1_370' title='bbox 763 3929 912 3992; x_wconf 84' lang='lat' dir='ltr'>regionum</span> <span class='ocrx_word' id='word_1_371' title='bbox 928 3928 1095 3984; x_wconf 77' lang='lat' dir='ltr'>nomadibus</span> <span class='ocrx_word' id='word_1_372' title='bbox 1110 3929 1230 3981; x_wconf 85' lang='lat' dir='ltr'>interfici</span> <span class='ocrx_word' id='word_1_373' title='bbox 1243 3932 1318 3997; x_wconf 74' lang='lat' dir='ltr'>filios</span> <span class='ocrx_word' id='word_1_374' title='bbox 1332 3947 1430 3986; x_wconf 88' lang='lat' dir='ltr'>recens</span> <span class='ocrx_word' id='word_1_375' title='bbox 1445 3950 1497 3987; x_wconf 81' lang='lat' dir='ltr'>rta-</span> 
     </span>
     <span class='ocr_line' id='line_1_36' title="bbox 163 4016 1498 4088; baseline 0.007 -20"><span class='ocrx_word' id='word_1_376' title='bbox 163 4023 208 4071; x_wconf 83' lang='lat' dir='ltr'>tas</span> <span class='ocrx_word' id='word_1_377' title='bbox 224 4033 231 4068; x_wconf 78' lang='lat' dir='ltr'>z</span> <span class='ocrx_word' id='word_1_378' title='bbox 249 4019 407 4070; x_wconf 84' lang='lat' dir='ltr'>Pharaonis</span> <span class='ocrx_word' id='word_1_379' title='bbox 428 4019 522 4083; x_wconf 82' lang='lat' dir='ltr'>itaque</span> <span class='ocrx_word' id='word_1_380' title='bbox 540 4031 587 4070; x_wconf 86' lang='lat' dir='ltr'>ars</span> <span class='ocrx_word' id='word_1_381' title='bbox 608 4021 688 4068; x_wconf 84' lang='lat' dir='ltr'>atrox</span> <span class='ocrx_word' id='word_1_382' title='bbox 709 4016 823 4081; x_wconf 90' lang='lat' dir='ltr'>quidem</span> <span class='ocrx_word' id='word_1_383' title='bbox 843 4021 917 4076; x_wconf 88' lang='lat' dir='ltr'>erat,</span> <span class='ocrx_word' id='word_1_384' title='bbox 932 4016 983 4068; x_wconf 88' lang='lat' dir='ltr'>sed</span> <span class='ocrx_word' id='word_1_385' title='bbox 1006 4029 1065 4071; x_wconf 84' lang='lat' dir='ltr'>nou</span> <span class='ocrx_word' id='word_1_386' title='bbox 1084 4018 1219 4070; x_wconf 89' lang='lat' dir='ltr'>inaudita.</span> <span class='ocrx_word' id='word_1_387' title='bbox 1241 4021 1415 4075; x_wconf 83' lang='lat' dir='ltr'>Reserrabat</span> <span class='ocrx_word' id='word_1_388' title='bbox 1437 4027 1498 4088; x_wconf 88' lang='lat' dir='ltr'>ipse</span> 
     </span>
     <span class='ocr_line' id='line_1_37' title="bbox 167 4105 995 4171; baseline -0.002 -14"><span class='ocrx_word' id='word_1_389' title='bbox 167 4107 240 4159; x_wconf 78' lang='lat' dir='ltr'>iilius</span> <span class='ocrx_word' id='word_1_390' title='bbox 254 4108 363 4160; x_wconf 87' lang='lat' dir='ltr'>iuturas</span> <span class='ocrx_word' id='word_1_391' title='bbox 376 4107 493 4159; x_wconf 86' lang='lat' dir='ltr'>ancillas</span> <span class='ocrx_word' id='word_1_392' title='bbox 506 4109 534 4157; x_wconf 90' lang='lat' dir='ltr'>et</span> <span class='ocrx_word' id='word_1_393' title='bbox 547 4107 645 4171; x_wconf 84' lang='lat' dir='ltr'>stirpis</span> <span class='ocrx_word' id='word_1_394' title='bbox 659 4118 716 4156; x_wconf 90' lang='lat' dir='ltr'>non</span> <span class='ocrx_word' id='word_1_395' title='bbox 730 4105 868 4157; x_wconf 85' lang='lat' dir='ltr'>hebraeae</span> <span class='ocrx_word' id='word_1_396' title='bbox 882 4109 995 4156; x_wconf 85' lang='lat' dir='ltr'>matres.</span> 
     </span>
    </p>
   </div>
   <div class='ocr_carea' id='block_1_6' title="bbox 158 4271 1496 4899">
    <p class='ocr_par' dir='ltr' id='par_1_7' title="bbox 158 4271 1496 4899">
     <span class='ocr_line' id='line_1_38' title="bbox 211 4271 1496 4363; baseline 0.006 -23"><span class='ocrx_word' id='word_1_397' title='bbox 211 4297 243 4340; x_wconf 94' lang='lat' dir='ltr'>v.</span> <span class='ocrx_word' id='word_1_398' title='bbox 271 4281 310 4341; x_wconf 81' lang='lat'>17</span> <span class='ocrx_word' id='word_1_399' title='bbox 338 4301 354 4334; x_wconf 91' lang='lat'>«</span> <span class='ocrx_word' id='word_1_400' title='bbox 378 4273 575 4339; x_wconf 82' lang='lat' dir='ltr'>Timuerunt</span> <span class='ocrx_word' id='word_1_401' title='bbox 593 4284 709 4338; x_wconf 83' lang='lat' dir='ltr'>autern</span> <span class='ocrx_word' id='word_1_402' title='bbox 730 4271 922 4337; x_wconf 79' lang='lat' dir='ltr'>obstetrices</span> <span class='ocrx_word' id='word_1_403' title='bbox 940 4273 1064 4358; x_wconf 83' lang='lat' dir='ltr'>Detun,</span> <span class='ocrx_word' id='word_1_404' title='bbox 1082 4284 1114 4339; x_wconf 90' lang='lat' dir='ltr'>ct</span> <span class='ocrx_word' id='word_1_405' title='bbox 1138 4295 1207 4340; x_wconf 88' lang='lat' dir='ltr'>non</span> <span class='ocrx_word' id='word_1_406' title='bbox 1224 4277 1381 4363; x_wconf 79' lang='lat' dir='ltr'>feceruut</span> <span class='ocrx_word' id='word_1_407' title='bbox 1400 4280 1496 4348; x_wconf 75' lang='lat' dir='ltr'>iusta</span> 
     </span>
     <span class='ocr_line' id='line_1_39' title="bbox 159 4375 1496 4469; baseline 0.001 -25"><span class='ocrx_word' id='word_1_408' title='bbox 159 4391 383 4469; x_wconf 84' lang='lat' dir='ltr'>pracceptum</span> <span class='ocrx_word' id='word_1_409' title='bbox 407 4379 497 4468; x_wconf 73' lang='lat' dir='ltr'>repis</span> <span class='ocrx_word' id='word_1_410' title='bbox 512 4379 677 4468; x_wconf 76' lang='lat' dir='ltr'>Aeqypti,</span> <span class='ocrx_word' id='word_1_411' title='bbox 698 4375 758 4444; x_wconf 84' lang='lat' dir='ltr'>sed</span> <span class='ocrx_word' id='word_1_412' title='bbox 772 4379 1016 4445; x_wconf 80' lang='lat' dir='ltr'>conservabant</span> <span class='ocrx_word' id='word_1_413' title='bbox 1030 4401 1141 4446; x_wconf 86' lang='lat' dir='ltr'>mares</span> <span class='ocrx_word' id='word_1_414' title='bbox 1163 4408 1193 4448; x_wconf 84' lang='lat'>».</span> <span class='ocrx_word' id='word_1_415' title='bbox 1215 4404 1249 4450; x_wconf 89' lang='lat' dir='ltr'>v.</span> <span class='ocrx_word' id='word_1_416' title='bbox 1274 4389 1347 4451; x_wconf 86' lang='lat'>18«</span> <span class='ocrx_word' id='word_1_417' title='bbox 1369 4388 1496 4468; x_wconf 72' lang='lat' dir='ltr'>eribus</span> 
     </span>
     <span class='ocr_line' id='line_1_40' title="bbox 161 4481 1495 4576; baseline 0.007 -25"><span class='ocrx_word' id='word_1_418' title='bbox 161 4483 212 4552; x_wconf 86' lang='lat' dir='ltr'>ad</span> <span class='ocrx_word' id='word_1_419' title='bbox 232 4509 266 4552; x_wconf 87' lang='lat' dir='ltr'>sc</span> <span class='ocrx_word' id='word_1_420' title='bbox 281 4486 454 4553; x_wconf 84' lang='lat' dir='ltr'>accersitis</span> <span class='ocrx_word' id='word_1_421' title='bbox 476 4508 537 4552; x_wconf 80' lang='lat' dir='ltr'>reu</span> <span class='ocrx_word' id='word_1_422' title='bbox 555 4485 606 4551; x_wconf 86' lang='lat' dir='ltr'>ait</span> <span class='ocrx_word' id='word_1_423' title='bbox 628 4505 640 4552; x_wconf 90' lang='lat'><em>:</em></span> <span class='ocrx_word' id='word_1_424' title='bbox 659 4481 833 4566; x_wconf 78' lang='lat' dir='ltr'>Quidnam</span> <span class='ocrx_word' id='word_1_425' title='bbox 852 4496 903 4550; x_wconf 84' lang='lat' dir='ltr'>cst</span> <span class='ocrx_word' id='word_1_426' title='bbox 922 4483 1000 4571; x_wconf 87' lang='lat' dir='ltr'>boc,</span> <span class='ocrx_word' id='word_1_427' title='bbox 1019 4485 1115 4576; x_wconf 85' lang='lat' dir='ltr'>quod</span> <span class='ocrx_word' id='word_1_428' title='bbox 1125 4490 1245 4576; x_wconf 80' lang='lat' dir='ltr'>[acere</span> <span class='ocrx_word' id='word_1_429' title='bbox 1266 4491 1440 4576; x_wconf 89' lang='lat' dir='ltr'>coluistis,</span> <span class='ocrx_word' id='word_1_430' title='bbox 1456 4507 1495 4561; x_wconf 90' lang='lat' dir='ltr'>ut</span> 
     </span>
     <span class='ocr_line' id='line_1_41' title="bbox 158 4590 1496 4681; baseline 0.007 -23"><span class='ocrx_word' id='word_1_431' title='bbox 158 4591 495 4681; x_wconf 83' lang='lat' dir='ltr'>pcccrosseruaretis?</span> <span class='ocrx_word' id='word_1_432' title='bbox 506 4620 521 4654; x_wconf 89' lang='lat'>»</span> <span class='ocrx_word' id='word_1_433' title='bbox 537 4614 569 4657; x_wconf 90' lang='lat' dir='ltr'>v.</span> <span class='ocrx_word' id='word_1_434' title='bbox 586 4598 656 4659; x_wconf 84' lang='lat'>19«</span> <span class='ocrx_word' id='word_1_435' title='bbox 674 4591 770 4672; x_wconf 84' lang='lat' dir='ltr'>Quae</span> <span class='ocrx_word' id='word_1_436' title='bbox 781 4590 1054 4680; x_wconf 79' lang='lat' dir='ltr'>responderunt:</span> <span class='ocrx_word' id='word_1_437' title='bbox 1067 4595 1148 4660; x_wconf 89' lang='lat' dir='ltr'>Nou</span> <span class='ocrx_word' id='word_1_438' title='bbox 1157 4598 1419 4666; x_wconf 78' lang='lat' dir='ltr'>sttrrtHebrocee</span> <span class='ocrx_word' id='word_1_439' title='bbox 1433 4603 1496 4667; x_wconf 86' lang='lat' dir='ltr'>sic-</span> 
     </span>
     <span class='ocr_line' id='line_1_42' title="bbox 168 4695 1494 4790; baseline 0.004 -26"><span class='ocrx_word' id='word_1_440' title='bbox 168 4709 206 4766; x_wconf 90' lang='lat' dir='ltr'>ut</span> <span class='ocrx_word' id='word_1_441' title='bbox 217 4701 410 4790; x_wconf 73' lang='lat' dir='ltr'>Aepyptiue</span> <span class='ocrx_word' id='word_1_442' title='bbox 425 4697 584 4766; x_wconf 82' lang='lat' dir='ltr'>rnulieres</span> <span class='ocrx_word' id='word_1_443' title='bbox 589 4717 604 4784; x_wconf 90' lang='lat'><em>;</em></span> <span class='ocrx_word' id='word_1_444' title='bbox 615 4697 710 4788; x_wconf 78' lang='lat' dir='ltr'>ipsae</span> <span class='ocrx_word' id='word_1_445' title='bbox 724 4697 816 4764; x_wconf 83' lang='lat' dir='ltr'>enirn</span> <span class='ocrx_word' id='word_1_446' title='bbox 828 4695 1073 4765; x_wconf 83' lang='lat' dir='ltr'>obstetricandi</span> <span class='ocrx_word' id='word_1_447' title='bbox 1079 4697 1390 4770; x_wconf 85' lang='lat' dir='ltr'>bcbcntscicntiauc</span> <span class='ocrx_word' id='word_1_448' title='bbox 1406 4734 1434 4787; x_wconf 87' lang='lat'>»‚</span> <span class='ocrx_word' id='word_1_449' title='bbox 1450 4746 1494 4757; x_wconf 90' lang='lat'><em>-</em></span> 
     </span>
     <span class='ocr_line' id='line_1_43' title="bbox 166 4803 1494 4899; baseline 0.007 -27"><span class='ocrx_word' id='word_1_450' title='bbox 166 4806 216 4874; x_wconf 89' lang='lat' dir='ltr'>ita</span> <span class='ocrx_word' id='word_1_451' title='bbox 228 4809 331 4875; x_wconf 89' lang='lat' dir='ltr'>ctiam</span> <span class='ocrx_word' id='word_1_452' title='bbox 346 4809 493 4896; x_wconf 65' lang='lat' dir='ltr'>Syrum„</span> <span class='ocrx_word' id='word_1_453' title='bbox 507 4804 699 4894; x_wconf 86' lang='lat' dir='ltr'>eodemque</span> <span class='ocrx_word' id='word_1_454' title='bbox 711 4804 832 4872; x_wconf 90' lang='lat' dir='ltr'>recidit</span> <span class='ocrx_word' id='word_1_455' title='bbox 847 4803 969 4872; x_wconf 75' lang='lat' dir='ltr'>ataid.</span> <span class='ocrx_word' id='word_1_456' title='bbox 987 4809 1019 4871; x_wconf 85' lang='lat' dir='ltr'>et</span> <span class='ocrx_word' id='word_1_457' title='bbox 1031 4807 1086 4872; x_wconf 87' lang='lat' dir='ltr'>Ps.</span> <span class='ocrx_word' id='word_1_458' title='bbox 1104 4807 1176 4873; x_wconf 86' lang='lat' dir='ltr'>[on.</span> <span class='ocrx_word' id='word_1_459' title='bbox 1200 4817 1295 4899; x_wconf 64' lang='lat' dir='ltr'>itinn</span> <span class='ocrx_word' id='word_1_460' title='bbox 1313 4843 1354 4868; x_wconf 94' lang='lat'><strong><em>=</em></strong></span> <span class='ocrx_word' id='word_1_461' title='bbox 1367 4812 1494 4899; x_wconf 70' lang='lat' dir='ltr'>pellice</span> 
     </span>
    </p>
   </div>
   <div class='ocr_carea' id='block_1_7' title="bbox 0 0 1772 5384">
    <p class='ocr_par' dir='ltr' id='par_1_8' title="bbox 0 0 1772 5384">
     <span class='ocr_line' id='line_1_44' title="bbox 0 0 1772 5384; baseline 0 6"><span class='ocrx_word' id='word_1_462' title='bbox 0 0 1772 5384; x_wconf 95' lang='lat' dir='ltr'> </span> 
     </span>
    </p>
   </div>
  </div>
 </body>
</html>
