3534 5384
235 1215 305 1278 lloc
323 1208 424 1276 titulo
440 1206 540 1273 Liber
556 1206 685 1294 lepram,
703 1207 764 1296 qui
778 1208 962 1297 respondet
977 1207 1075 1273 alteri
1090 1213 1147 1275 Ex.
1166 1213 1248 1292 21,7
1264 1209 1364 1275 Liber·
1379 1210 1529 1298 foederis·

192 1339 256 1408 pro
281 1321 338 1384 Ex.
369 1319 594 1396 aona-msa
620 1317 764 1393 statuto,
789 1313 1050 1403 complectimur
1076 1315 1170 1401 leges
1191 1319 1270 1382 Lev.
1297 1321 1413 1384 11-27.
1441 1319 1530 1393 Quae

194 1447 262 1513 quo
289 1421 411 1488 ordine
435 1420 526 1486 latae
550 1425 647 1504 sunt,
669 1419 833 1487 videntur
861 1442 936 1486 esse
958 1420 1148 1510 descriptae
1175 1420 1324 1511 ideoque
1350 1422 1531 1488 eventibus

191 1528 398 1620 quibusdam
411 1524 676 1608 concluduntur,
693 1526 754 1615 qui
769 1526 979 1614 degentibus
992 1527 1029 1592 in
1039 1526 1156 1594 eastris
1166 1528 1258 1595 Sinai
1272 1528 1433 1596 Hebraeis
1444 1530 1530 1597 acci-

192 1627 330 1704 derunt.
348 1639 455 1720 Leges
468 1637 545 1700 Lev.
565 1639 682 1712 11-15,
701 1653 785 1720 quas
804 1632 951 1700 l'horam
967 1633 1140 1700 Munditiei
1155 1633 1387 1724 appellamus,
1407 1637 1532 1724 excipit

192 1766 268 1833 cap.
289 1748 331 1808 16
358 1739 560 1829 expiationis
581 1739 706 1807 festum
728 1739 924 1806 institutum
949 1739 1127 1806 occasione
1146 1739 1239 1808 necis
1258 1740 1404 1809 ducrum
1424 1747 1529 1808 Aaro-

193 1850 244 1917 nis
260 1848 412 1914 filiorum
429 1868 505 1935 cap.
526 1852 567 1912 10
582 1851 754 1913 narratae.
773 1849 855 1936 Cap.
874 1851 915 1911 17
936 1845 1041 1913 habet
1057 1846 1171 1933 legem
1191 1845 1233 1914 de
1254 1849 1528 1928 mactationibus,

193 1978 269 2044 cap.
291 1959 391 2023 18-22
415 1952 562 2018 Thoram
578 1952 791 2036 Sanctitatis‚
813 1974 889 2042 cap.
907 1957 948 2018 23
963 1952 1161 2039 catalogum
1179 1953 1357 2020 festorum.
1375 1958 1454 2044 Cap.
1473 1960 1527 2028 21,

192 2065 330 2152 praeter
343 2081 467 2151 parvas
487 2057 655 2147 quasdam
671 2057 783 2146 legeS,
807 2064 969 2126 eventum
988 2062 1140 2142 enarrat,
1159 2057 1355 2149 blasphemi
1378 2061 1529 2148 punitio-

194 2189 287 2233 nem.
309 2167 470 2256 Sequitur
480 2186 557 2254 cap.
575 2171 618 2230 25
633 2186 685 2253 sq.
703 2164 828 2232 harum
844 2164 964 2252 legum
980 2167 1134 2232 omnium
1150 2165 1325 2254 epilogus,
1343 2165 1432 2232 libro
1450 2188 1530 2231 vero

192 2274 246 2339 his
264 2272 421 2339 absoluto
436 2270 530 2338 illico
544 2293 622 2361 cap.
637 2276 680 2337 27
695 2270 858 2338 adiicitur
874 2271 1067 2361 appendix,
1084 2271 1138 2338 lex
1156 2271 1199 2338 de
1214 2271 1453 2362 redemptione
1474 2295 1530 2336 vo-

193 2386 318 2446 torum.
330 2383 439 2456 Quare
453 2377 660 2466 srcbscriptio
678 2377 1236 2469 11111126,1511ρ111111273111,
1254 2379 1372 2467 infra).
1391 2381 1472 2468 Cap.
1489 2385 1530 2443 27

194 2508 234 2552 11
258 2490 437 2576 praeterea
456 2481 729 2574 deprehenditur
751 2507 823 2551 esse
849 2485 1137 2574 praecedentibus
1161 2485 1272 2553 serius
1299 2484 1528 2574 adscriptum,

195 2592 288 2682 quod
304 2592 346 2658 iis
366 2591 531 2659 omnibus
549 2590 714 2679 ferreolis
729 2591 945 2674 destituatur,
962 2591 1087 2681 quibus
1101 2592 1314 2681 reliquarum
1329 2591 1469 2660 illarum
1485 2593 1529 2657 le-

193 2722 276 2787 gum
293 2699 410 2780 initia,
431 2699 518 2764 fines
542 2702 576 2762 11
595 2697 733 2764 articuli
755 2696 1029 2784 distinguuntur.
1045 2703 1173 2765 Tamen
1187 2701 1259 2789 ipse
1280 2722 1355 2787 cap.
1374 2705 1416 2764 27
1433 2699 1530 2765 stilus

193 2807 286 2874 idem
307 2811 358 2872 est
378 2810 482 2894 atque
502 2804 802 2893 praecedentium,
818 2802 988 2893 imprimis
1002 2805 1124 2893 capitis
1141 2811 1182 2872 25
1203 2827 1253 2895 sq.
1269 2805 1410 2872 Videtur
1423 2805 1530 2890 igitur

194 2935 269 3002 cap.
288 2918 330 2978 27
345 2910 447 2978 Libro
460 2910 577 2996 legum
593 2931 665 2976 esse
682 2907 894 2999 adscriptum
910 2908 1024 2992 brevi,
1047 2917 1230 3000 postquam
1244 2912 1271 2977 is
1283 2912 1353 2978 suis
1370 2911 1529 2976 formulis

194 3018 375 3085 distinctus
397 3021 431 3082 et
453 3014 572 3082 addita
598 3021 700 3097 2615
720 3014 971 3105 subscriptione
998 3014 1174 3082 absolutus
1198 3022 1257 3084 est.
1284 3016 1410 3094 Quodsi
1428 3023 1529 3082 antea

194 3129 280 3190 esset
306 3122 536 3212 adscriptum,
558 3119 682 3187 iisdem
707 3120 775 3187 illis
796 3121 954 3188 formulis
976 3121 1061 3189 esset
1083 3121 1293 3191 distinctum.
1318 3122 1528 3212 Subscriptio

196 3235 297 3313 27,31
320 3227 573 3317 subscriptione
597 3231 699 3309 26,t5
726 3225 861 3295 videtur
882 3249 952 3296 esse
972 3227 1205 3317 aliquantum,
1223 3229 1366 3298 sednon
1381 3229 1525 3296 multum

194 3336 377 3404 recentior.

560 3549 600 3601 A.
620 3549 735 3602 Thera
753 3548 933 3602 nuncient
953 3550 1032 3602 Lev.
1057 3552 1166 3603 11-15.

239 3757 303 3819 Nos
317 3753 440 3820 merito
456 3752 518 3818 has
534 3750 628 3837 leges
642 3751 679 3817 in
698 3772 806 3817 unum
828 3751 1009 3840 complecti
1024 3756 1136 3840 patet,
1157 3774 1265 3820 cume
1284 3757 1437 3823 materiis
1458 3762 1528 3824 alli-

194 3857 299 3925 nibus
315 3859 407 3926 inter
431 3881 482 3941 se,
504 3864 576 3925 tum
593 3879 612 3923 1
628 3856 801 3923 similibus
817 3861 936 3938 11,to;
956 3859 1065 3940 12,7l;
1082 3864 1182 3940 laet
1197 3881 1248 3950 sq.
1268 3863 1527 3952 subscriptioni-

195 3967 276 4050 bus,·
295 3964 420 4053 quibus
437 3971 538 4045 11,17
552 3968 698 4046 111117
718 3963 773 4050 (ol.
795 3969 893 4045 15,31
912 3967 1118 4054 cum10,11)
1135 3966 1407 4034 ratioadditure
1426 3978 1527 4053 10‚1o

195 4070 402 4160 deprompta
421 4077 523 4161 atque
543 4071 592 4136 ita
611 4071 735 4136 harum
757 4069 877 4157 legum
896 4091 1023 4135 nexum
1041 4070 1163 4160 pandit
1183 4094 1261 4140 cum
1278 4073 1355 4161 lege
1373 4080 1523 4159 10‚e-11‚

196 4199 284 4266 quae
295 4176 438 4244 indubie
457 4177 636 4243 occasione
651 4180 793 4242 eventus
811 4182 888 4260 10,1
905 4199 956 4265 sq.
979 4181 1061 4243 nata
1075 4183 1137 4243 est.
1160 4178 1268 4264 lgitur
1281 4183 1430 4249 narratio
1447 4208 1521 4273 cap.

199 4291 237 4349 lo
266 4282 486 4351 continuatur
505 4290 596 4366 16,1.
624 4282 887 4349 lnserendarum
908 4305 983 4374 cap.
1008 4290 1108 4350 11-15
1128 4283 1245 4372 legum
1270 4284 1313 4354 de
1340 4289 1478 4356 mundis
1494 4301 1525 4358 ct

194 4389 383 4456 immundis
406 4411 524 4456 ansam
543 4388 704 4480 praebuit
730 4389 851 4456 divina
879 4396 980 4472 10‚10
1003 4412 1054 4480 sq.
1077 4390 1218 4458 monitio
1234 4392 1276 4459 de
1292 4393 1524 4464 discernendis

195 4495 333 4564 mundis
356 4502 389 4563 et
412 4494 625 4563 immundis:
650 4496 769 4563 Nadab
793 4501 828 4562 et
851 4494 940 4563 Abiu
960 4518 1032 4563 non
1058 4495 1289 4566 discernentes
1312 4509 1467 4570 sanetum
1491 4512 1523 4568 11

194 4603 379 4693 profanum
402 4601 621 4684 interierant,
645 4587 829 4670 monentur
848 4603 918 4669 iam
943 4602 1087 4670 Hebraei
1109 4610 1264 4672 sanctum
1290 4613 1324 4673 et
1342 4609 1523 4697 profanum

194 4709 406 4791 discernere,
422 4714 456 4776 et
474 4709 584 4776 sancti
605 4730 676 4775 esse
695 4707 804 4776 instar
828 4709 938 4775 sancti
954 4709 1012 4776 Dei
1032 4709 1097 4774 sui.
1113 4709 1235 4778 Volens
1248 4714 1350 4779 lahve
1365 4715 1523 4804 antiquas

194 4813 271 4882 illas
285 4815 381 4904 leges
396 4836 562 4884 renovare
577 4819 610 4882 et
624 4835 700 4882 suas
714 4815 840 4898 facere,
858 4815 923 4882 hac
938 4816 1050 4904 prima
1066 4817 1242 4884 occasione
1257 4839 1336 4885 usus
1348 4826 1409 4886 est.
