3534 5384
720 452 769 495 ax.
794 436 888 506 35,l6
909 452 973 503 soc.

178 588 348 649 sunt-a
369 583 555 650 tentorium
576 583 625 650 ael
649 584 775 651 ostium
795 583 1012 652 tabernaculi
1033 612 1049 647 >i
1072 583 1142 674 (26,
1165 586 1238 675 36),
1260 608 1292 653 v.
1312 586 1515 655 lectitare
1591 654 1596 663 ,

176 688 369 757 holocausti
387 700 419 757 et
438 690 645 757 craticulam
664 691 738 758 eius
752 714 918 773 aeneam,
935 710 1013 758 cum
1029 690 1179 757 nectibus
1195 704 1227 758 ct
1241 693 1332 759 casis
1355 694 1446 781 stris,
1460 694 1513 789 la-

179 799 276 863 hrum
298 807 331 862 et
347 796 443 865 basin
463 796 538 865 eius
564 825 579 859 n
609 797 759 886 (30‚18);
783 822 815 864 v.
835 805 875 865 17
900 826 915 859 α
937 797 1087 865 cortinas
1106 798 1192 865 atrii
1204 820 1281 864 cum
1299 798 1466 867 columnis
1481 812 1513 867 ct
1561 810 1579 829 ·'
1617 874 1618 877 Ἴ

178 902 534 987 acsimanensium
559 904 597 970 in
613 903 751 991 [oritus
775 904 938 971 uestibuli
957 932 974 966 s>
1001 904 1235 992 (27,9.16),v.
1264 911 1305 972 18
1328 934 1344 967 α
1357 906 1514 997 parillos
1564 906 1565 909 ’

180 1010 393 1077 tabernaculi
410 1038 426 1072 n
455 1011 585 1100 (ania)
599 1062 608 1092 ‚
624 1033 684 1078 seu
699 1010 815 1078 verius
828 1010 1036 1097 habitaculi,
1058 1040 1074 1071 «
1096 1022 1129 1076 et
1143 1011 1227 1077 atrii
1250 1034 1329 1077 curn
1343 1013 1513 1099 funiculis
1591 1016 1596 1025 “
1679 988 1707 1091 ³„
1731 1011 1733 1018 ’

177 1116 251 1202 suis
275 1143 307 1183 n.
333 1116 372 1183 Hi
399 1118 627 1206 fanesinus,
649 1117 778 1207 quibus
804 1118 945 1185 tentorii
965 1117 1178 1207 operimenta
1198 1118 1335 1207 paxillis
1357 1118 1515 1206 figuntur

137 1301 139 1306 ,
177 1223 214 1290 h.
231 1222 255 1288 i.
272 1223 427 1312 primum
447 1231 674 1291 recensentur
689 1223 746 1313 (ci.
769 1228 868 1290 Num.
892 1231 990 1307 3,3i;
1008 1222 1113 1313 hii).
1133 1248 1165 1291 v.
1188 1230 1229 1291 19
1246 1252 1261 1285 o
1289 1224 1512 1311 Vestimenta,

179 1351 420 1419 quarumusus
433 1329 533 1396 estin
544 1329 733 1396 ministeria
746 1329 941 1397 sanctuarii
956 1358 973 1391 n
986 1328 1041 1418 (de
1052 1346 1117 1396 'ihu
1134 1330 1213 1396 vide
1229 1330 1363 1421 31‚10)‚
1378 1359 1394 1392 u
1409 1344 1515 1399 vestes

179 1424 296 1503 Aaron
307 1435 487 1526 pontificis
505 1459 546 1503 ae
562 1436 718 1525 filiorum
738 1436 828 1521 eires,
848 1449 888 1503 ut
903 1434 1095 1503 sacerdotio
1107 1436 1308 1525 suncantur
1322 1436 1409 1503 mihi
1425 1465 1454 1506 n.
1469 1444 1515 1506 Ex
1597 1468 1617 1513 χ
1652 1434 1660 1471 ³
1677 1411 1762 1527 {fis

180 1542 244 1608 hoc
256 1564 356 1609 versu
375 1542 547 1631 imprimis
565 1543 692 1629 elucet,
716 1542 810 1633 quod
829 1542 1048 1623 dicebamus,
1066 1547 1199 1630 Moysen
1217 1543 1392 1633 pluribus,
1408 1566 1514 1634 quam
1603 1554 1604 1557 ’
1625 1616 1627 1621 ,
1657 1550 1659 1553 ’
1686 1584 1690 1623 ;

180 1670 268 1738 quae
287 1648 345 1715 hic
361 1648 579 1730 scribuntur,
596 1648 712 1716 verbis
730 1671 804 1716 rem
825 1650 955 1739 populo
976 1648 1161 1738 explicasse
1178 1671 1186 1717 :
1203 1655 1301 1717 crant
1326 1672 1407 1718 sane
1433 1651 1513 1718 edo-
1603 1730 1604 1733 Ἴ
1638 1716 1639 1721 ,
1676 1640 1762 1739 ,ria

180 1754 280 1822 cendi
293 1754 336 1821 de
352 1760 487 1822 herone
502 1754 548 1822 ad
558 1755 796 1845 pontificatum
810 1762 941 1823 evecto.

224 1862 348 1950 Populi
370 1862 596 1950 congregatio
620 1883 652 1927 v.
680 1868 781 1927 20-29
800 1861 907 1951 petite
923 1861 1130 1951 exsequitur.
1148 1884 1180 1929 v.
1203 1868 1246 1928 20
1265 1890 1284 1929 a
1298 1864 1513 1953 Eqressaque

181 1968 289 2034 omnis
301 1966 490 2034 multitudo
500 1967 656 2056 filiorum
665 1966 774 2034 lsrael
786 1967 826 2034 cle
844 1978 1023 2057 conspectu
1043 1967 1157 2057 Moysi
1172 1996 1209 2043 »,
1226 1991 1257 2034 v.
1281 1974 1321 2035 21
1345 1994 1361 2030 n
1384 1970 1479 2036 obtul
1496 2008 1513 2021 -

180 2085 263 2141 cient
274 2086 385 2141 mente
392 2074 652 2164 promptissima
664 2087 768 2164 atque
782 2073 904 2140 deuota
911 2072 1093 2164 primitias
1109 2074 1254 2140 Domino
1273 2102 1289 2137 a
1296 2126 1307 2157 ,
1326 2078 1482 2143 —Hebr
1501 2097 1514 2141 .·

181 2193 213 2247 et
225 2192 391 2260 venerumt
408 2202 524 2247 omnes
531 2181 691 2271 prompti
704 2179 821 2264 corde,
835 2202 1041 2271 omnesque,
1058 2203 1144 2269 quos
1159 2180 1356 2270 impellebat
1374 2181 1514 2273 spiritus

181 2309 315 2370 eorum,
333 2288 525 2354 attulerunt
541 2286 689 2354 donaria
704 2287 861 2353 Domino.
881 2292 957 2353 Non
977 2286 1140 2355 dicuntur
1154 2309 1272 2355 omnes
1286 2288 1438 2356 attulisse
1453 2288 1514 2356 ali-

182 2393 267 2483 quid
292 2433 337 2443 -
356 2421 373 2454 «
399 2392 671 2482 olfaciendum
697 2416 781 2484 opus
807 2393 1023 2461 tabernaculi
1042 2393 1249 2477 testimonii,
1276 2394 1451 2485 quidquid
1468 2394 1515 2462 ael

181 2500 310 2567 cultum
329 2513 360 2567 et
375 2499 423 2567 ael
436 2511 542 2567 uestes
556 2512 692 2567 sanctas
710 2500 940 2568 necessarium
959 2512 1033 2567 crat
1054 2528 1085 2567 ».
1111 2505 1216 2567 Porro
1231 2524 1264 2567 v.
1284 2506 1327 2567 22
1342 2507 1510 2585 recenset,
1608 2538 1609 2541 ,
1648 2544 1649 2547 ,
1709 2510 1762 2596 i

181 2630 271 2697 quae
296 2606 360 2673 viri
383 2605 515 2697 pariter
539 2611 641 2697 atque
656 2606 817 2674 mulieres
833 2606 1011 2674 habebant
1025 2610 1060 2672 et
1070 2605 1272 2675 offerebant.
1287 2631 1320 2675 v.
1336 2614 1379 2674 22
1397 2636 1412 2669 «
1440 2608 1515 2676 Viri

181 2737 258 2781 cum
272 2712 474 2780 mulieribus
485 2712 723 2804 praebuerunt
732 2713 887 2781 armillas
901 2726 935 2779 et
950 2713 1104 2795 inaures,
1118 2712 1266 2779 anncclos
1276 2725 1309 2780 et
1319 2713 1491 2782 dextralia
1497 2736 1514 2799 ,·

181 2843 281 2887 oncne
299 2843 358 2887 cas
370 2842 514 2886 aurcrcm
527 2819 564 2885 in
583 2818 730 2887 donaria
743 2820 886 2886 Domini
894 2832 1091 2909 separatum
1109 2832 1158 2885 cst
1175 2847 1206 2887 h.

217 2973 261 3021 nri
281 2966 295 3015 l
314 2965 386 3029 Reg.
404 2964 499 3024 ian&
516 2964 552 3015 is.
568 2966 664 3026 siaiu
681 2966 728 3015 Ea.
745 2965 821 3025 19‚l;
837 2964 900 3026 iai
917 2969 960 3015 est
977 2964 1109 3025 circulus,
1124 2967 1171 3029 qui
1191 2978 1242 3029 per
1256 2978 1338 3015 nares
1353 2966 1512 3017 immittitur

182 3054 241 3105 luni
262 3056 388 3118 aptatus,
404 3054 440 3103 ad
461 3054 654 3104 deducendam
673 3052 775 3115 ieram;
793 3054 839 3103 hic
860 3054 896 3103 ad
914 3058 1045 3104 ornatum
1063 3054 1231 3104 immittitur.
1255 3060 1307 3110 nii
1330 3060 1373 3105 est
1394 3054 1513 3105 annulus

181 3142 296 3193 naribus
317 3136 397 3209 icen.
413 3138 506 3209 rint)
526 3142 572 3193 vel
596 3142 712 3193 auribus
735 3139 815 3208 (Gen.
840 3142 918 3203 35,i;
941 3148 992 3192 Ex.
1014 3136 1087 3209 322)
1113 3143 1245 3193 insertus.
1266 3148 1355 3201 nunu
1378 3143 1513 3207 imprimis

182 3230 262 3297 (Gen.
281 3227 370 3295 lint)
387 3231 430 3280 est
443 3230 562 3280 annulus
576 3231 746 3293 similarius,
761 3242 829 3293 ergo
844 3231 933 3293 digito
948 3230 1124 3281 inserendus.
1141 3231 1281 3281 Destruite
1294 3234 1360 3281 suut
1375 3230 1511 3281 armillae.

182 3320 239 3371 Sed
253 3325 325 3375 itii)
340 3332 357 3369 a
371 3320 435 3367 itt
448 3320 534 3370 eiiam
549 3319 633 3371 Num.
650 3319 732 3380 aihu
746 3320 865 3371 vertitur
878 3313 1031 3387 iphituov,
1044 3332 1134 3382 genus
1148 3318 1263 3383 aliquod
1278 3321 1437 3371 ornamenti
1456 3320 1512 3370 cri-

180 3410 263 3459 nibus
277 3410 428 3468 insertum;
442 3408 491 3458 ubi
511 3408 587 3471 tuta.
604 3409 776 3469 alternatos,
789 3422 862 3473 quae
876 3412 943 3461 sunt
963 3408 1102 3458 catenulae
1121 3408 1195 3458 collo
1210 3408 1430 3461 circumductae.
1448 3410 1509 3473 Syr.
1613 3444 1614 3447 η

180 3498 328 3561 utrobique
343 3502 470 3557 rehtma,
488 3496 638 3548 catenulae.
655 3499 727 3547 Sam.
744 3499 808 3547 tri
821 3498 1044 3561 quintumetiam
1057 3501 1287 3548 ornamentorum
1302 3510 1393 3561 genus
1408 3498 1513 3548 habent

179 3566 260 3648 Suu,
277 3581 412 3652 περιδέξια,
426 3585 503 3649 quod
521 3598 557 3635 ex
571 3584 624 3635 az.
643 3586 721 3647 iuli
741 3588 852 3637 constat
870 3586 986 3636 auribus
1004 3586 1101 3635 inseri.
1119 3584 1189 3636 Cum
1211 3598 1279 3649 ergo
1298 3585 1408 3650 reliqua
1427 3600 1512 3637 orna-

181 3678 276 3727 menta
293 3674 351 3725 iere
371 3675 540 3726 annulorum
558 3672 677 3725 lormam
698 3675 834 3734 habeant,
848 3674 954 3725 arridet
973 3687 1023 3737 pro
1047 3666 1123 3731 itii:
1134 3672 1274 3737 Vulgatae
1296 3675 1401 3735 versio;
1418 3678 1512 3726 umen

181 3766 266 3816 etiam
285 3763 347 3827 Syri
366 3764 459 3815 versio
479 3762 620 3813 catenulas
635 3761 679 3829 (ci.
699 3762 785 3826 Vulg.
800 3763 837 3813 ad
855 3762 940 3814 Num.
958 3760 1047 3828 also)
1072 3746 1152 3813 surim
1172 3760 1257 3813 habet
1275 3763 1510 3827 probabilitatem,

180 3866 274 3917 neque
283 3852 524 3915 lortasselongius
533 3852 614 3903 abest
628 3852 787 3902 aversione
802 3853 875 3902 ΠΧ.
890 3878 927 3889 --
942 3830 1028 3908 itini&
1044 3858 1099 3906 :iii
1112 3856 1208 3911 naim
1218 3858 1288 3935 apin
1297 3858 1364 3910 autu
1374 3857 1436 3907 urin
1450 3832 1509 3907 521.

181 3941 288 3992 Vocem
307 3946 371 3997 min
392 3942 525 4004 ignorant
546 3941 699 3990 Sentii
720 3940 810 4003 toto„
823 3942 971 4004 potuitque
990 3952 1025 3990 ea
1043 3939 1177 3991 laclllime
1193 3940 1336 3991 aiiormarl
1350 3953 1366 3991 e
1380 3940 1511 3991 similitu-

180 4030 247 4081 dine
268 4043 331 4081 cum
354 4032 498 4093 sequentis
515 4031 594 4080 vocis
615 4035 697 4089 litu,
713 4031 773 4079 tum
791 4030 936 4093 sequentis
959 4040 1068 4078 versus.
1097 4028 1205 4078 Puncta
1223 4029 1327 4091 hophal
1350 4032 1377 4080 et
1399 4030 1477 4079 verte
1503 4041 1509 4078 :

179 4120 399 4184 praebuerunt...
415 4123 440 4166 ct
454 4131 545 4178 enine,
562 4117 632 4179 quod
644 4115 764 4166 oblatum
778 4124 816 4165 est
831 4114 933 4182 (rani)
946 4116 1094 4167 oblationis
1105 4117 1168 4166 ouri
1183 4118 1304 4166 Domina.

225 4290 257 4333 v.
272 4271 316 4331 23
332 4264 430 4331 effert
443 4265 595 4332 solorum
612 4264 762 4330 uirorum
780 4264 935 4332 donaria.
954 4264 1029 4332 Noli
1046 4286 1130 4352 ergo
1145 4270 1277 4333 vertere
1298 4293 1313 4329 a
1331 4266 1373 4334 Si
1385 4268 1462 4357 quis
1479 4296 1509 4353 a,

179 4372 240 4441 sed
254 4375 300 4440 Et
314 4370 425 4437 omnis
437 4370 502 4455 cir,
521 4369 585 4461 qui
599 4398 616 4432 a
633 4370 776 4438 habehat
790 4368 1017 4460 hyacinthum
1033 4383 1066 4438 et
1078 4394 1290 4462 purpuram,
1307 4395 1513 4466 coccumque

182 4479 232 4546 bis
255 4478 419 4562 tinctum,
439 4479 575 4566 byssum
595 4489 628 4543 et
639 4477 734 4567 pilos
747 4499 946 4567 caprarum,
961 4476 1071 4567 pelles
1092 4478 1238 4545 arietum
1263 4478 1456 4549 rubricatas
1479 4494 1512 4548 et

182 4584 359 4653 ianthinas
380 4612 410 4665 »,
433 4605 466 4650 v.
484 4588 527 4651 ai
548 4610 565 4645 κ
589 4584 724 4673 arpenti
746 4584 903 4674 aerisque
923 4584 1101 4673 [metalla]‚
1127 4584 1320 4653 obtulerunt
1345 4586 1510 4668 Domino,

182 4691 349 4782 liqnaquc
373 4691 472 4757 setim
486 4690 524 4757 in
538 4690 650 4756 uarios
674 4712 753 4757 resecr
774 4717 805 4756 ».
823 4690 871 4758 ci.
894 4692 997 4757 Hebr.
1015 4694 1115 4775 Nota,
1130 4691 1306 4782 Aegyptiis
1329 4704 1511 4782 arpentum

181 4798 284 4866 fuisse
301 4796 489 4888 pretiosius
512 4818 613 4877 auro,
637 4797 719 4885 quia
739 4795 849 4863 rarius
875 4818 883 4864 :
907 4824 923 4858 «
951 4795 1111 4885 antiquae
1131 4796 1372 4888 inscriptiones
1393 4818 1512 4867 omnes

576 4924 749 4962 ablambuit.
767 4938 798 4948 -
814 4922 841 4963 iit
857 4924 898 4961 31.
917 4924 948 4961 n
965 4924 1021 4961 ΠΝ.
1039 4936 1070 4947 -
1086 4918 1116 4961 22
