3534 5384
817 454 903 498 LlBEH
923 454 1035 500 Laeua.

606 681 640 727 (4)
654 679 780 729 Appeudtca
794 678 862 728 eiusad
877 679 977 720 Hebraeos
991 689 1059 720 serres
1072 679 1123 719 Lev.
1142 679 1245 728 snas-ot.

302 845 526 913 Praecedente
547 847 626 933 lege
646 845 715 912 iam
740 847 890 914 formula
911 869 944 914 r.
968 853 1010 914 38
1034 847 1209 928 conclusa,
1241 845 1350 912 visum
1372 849 1421 911 est
1443 843 1581 934 aliquid

254 950 387 1033 deesse,
411 953 502 1043 quod
525 953 771 1033 Hebraeorum,
787 955 847 1042 qui
865 953 1091 1036 seruassent,
1107 952 1342 1020 conditionem
1361 957 1515 1041 respectu
1530 952 1587 1018 iu-

254 1058 358 1125 bilaei
381 1057 551 1125 definiret.
580 1058 617 1124 ld
637 1061 706 1125 iam
730 1060 922 1150 suppletur.
945 1063 1027 1128 Cum
1046 1065 1118 1127 tota
1139 1060 1190 1126 lex
1209 1058 1251 1126 de
1270 1058 1422 1125 iubilaeo
1436 1079 1458 1125 a
1474 1063 1585 1148 lloyse

254 1166 325 1231 lata
337 1165 380 1231 sit
394 1165 528 1231 nonnisi
542 1165 579 1232 in
595 1171 688 1234 terra
699 1167 865 1254 promissa
879 1166 1021 1233 tandem
1031 1165 1260 1249 observanda,
1275 1165 1482 1232 dubitaverit
1491 1165 1583 1256 quiS,

254 1277 370 1338 utrum
391 1272 517 1338 harum
536 1271 768 1362 appendicum
794 1270 1002 1339 desiderium
1027 1272 1098 1339 iam
1116 1273 1154 1339 in
1168 1271 1303 1338 deserto
1320 1272 1355 1337 in
1377 1273 1501 1338 animis
1516 1275 1583 1340 He-

255 1377 442 1444 braeorum
456 1383 577 1444 natum
590 1379 633 1445 sit
650 1395 657 1443 τ
676 1378 796 1467 quodsi
810 1379 839 1445 is
856 1377 1066 1462 defenderit,
1082 1379 1269 1469 posteriore
1289 1377 1406 1468 aliquo
1427 1384 1584 1469 tempore

257 1507 329 1552 esse
348 1486 517 1566 adiectas,
537 1485 699 1574 equidem
716 1507 787 1552 non
807 1506 977 1574 repugno.

595 1719 629 1766 (a)
643 1719 674 1757 De
684 1718 788 1767 Hebraeo,
802 1717 838 1768 qut
849 1717 967 1758 urendtdtt
978 1719 1069 1758 Hebraeo
1083 1719 1136 1760 Lar.
1149 1719 1253 1767 asse-m.

303 1885 388 1974 Arp.
409 1923 453 1934 -
471 1887 498 1950 is
512 1884 682 1952 habeatur
694 1905 764 1952 non
776 1889 813 1951 ut
829 1906 959 1969 servus,
972 1885 1032 1952 sed
1045 1891 1084 1952 ut
1096 1885 1321 1966 necessarium
1340 1906 1432 1952 anno
1445 1883 1592 1952 iubilaei

261 1991 454 2059 dimittatur
468 1991 558 2059 liber
572 2013 651 2058 oum
665 1992 748 2059 suis.

303 2121 335 2166 v,
353 2104 396 2165 39
408 2125 424 2160 «
442 2097 483 2165 Si
489 2109 697 2188 parspertatc
712 2097 907 2187 compulsus
929 2126 945 2158 a
968 2111 1079 2164 tecum
1098 2099 1155 2188 (oi.
1176 2121 1209 2166 v.
1229 2099 1283 2186 35)
1305 2125 1322 2160 a
1344 2096 1539 2166 vendiderit
1553 2119 1589 2164 se

255 2203 319 2271 tibi
344 2207 458 2294 frater
479 2216 573 2286 tuus,
598 2225 669 2270 non
692 2226 770 2270 eum
794 2204 964 2294 opprimes
984 2204 1147 2271 seruitute
1163 2205 1378 2292 famulorum
1395 2234 1431 2287 a,
1449 2203 1558 2271 Hebr.
1579 2227 1593 2271 .·

258 2333 327 2377 non
346 2309 515 2378 laborabis
527 2333 595 2400 per
610 2333 688 2376 curn
708 2309 857 2377 laborem
875 2310 1046 2400 mancipii
1050 2331 1063 2396 ‚·
1074 2333 1107 2380 v.
1127 2318 1169 2378 to
1187 2338 1202 2372 n
1219 2309 1280 2378 sed
1296 2311 1398 2400 quasi
1414 2333 1593 2378 mercena-

260 2417 332 2483 rius
363 2428 395 2482 et
419 2416 559 2482 rotarius
586 2416 663 2484 erit.
693 2419 803 2506 Usque
828 2415 877 2484 ad
902 2439 1033 2484 annum
1062 2417 1249 2485 inbitacum
1272 2417 1470 2508 operabitur
1493 2416 1593 2508 apud

261 2535 292 2589 te
307 2549 342 2603 »,
364 2544 397 2586 v.
415 2528 455 2588 m
475 2551 491 2583 (ι
513 2535 545 2588 ct
564 2523 705 2614 [postea]
725 2519 920 2611 epredictur
935 2545 1011 2589 cam
1032 2524 1147 2589 liberis
1170 2525 1262 2610 suis,
1289 2537 1322 2591 et
1342 2523 1592 2591 reverteturad

261 2627 499 2718 aequationem
512 2627 848 2718 ctadpossessionem
860 2641 1001 2719 patrum
1010 2651 1151 2696 atrorum
1163 2657 1191 2698 a.
1203 2636 1308 2698 Porro
1324 2631 1410 2698 ratio
1419 2629 1591 2714 redditur,

262 2758 324 2802 eur
335 2734 507 2802 Hebraeus
520 2741 671 2826 nequeat
683 2735 788 2825 pleno
808 2757 911 2802 sensu
930 2736 1075 2805 Hebraei
1093 2757 1162 2804 esse
1181 2759 1310 2820 servus,
1331 2760 1365 2804 v.
1388 2743 1429 2804 bb
1451 2755 1459 2804 ε
1483 2764 1499 2798 «
1521 2736 1594 2804 Mei

262 2841 354 2909 enim
365 2840 454 2908 servi
465 2854 561 2924 sunt,
583 2855 615 2908 ct
634 2864 694 2932 eqo
716 2840 822 2909 eduxi
844 2866 899 2909 eos
919 2842 961 2909 de
973 2855 1064 2910 terra
1082 2844 1230 2934 Aepppti
1245 2865 1258 2909 .·
1271 2865 1340 2910 non
1353 2855 1499 2910 veneant
1511 2865 1596 2910 con-

263 2947 393 3015 ditione
411 2971 586 3015 seruorum
602 2965 639 3014 a:
655 2948 839 3015 Servitium
853 2948 1020 3039 sitneque
1035 2956 1241 3039 perpetuum
1258 2949 1304 3040 (v.
1323 2957 1364 3019 t0
1384 2949 1451 3039 sq.)
1474 2971 1589 3039 neque

262 3055 387 3122 durum
404 3055 450 3143 (v.
470 3054 538 3143 bb).
555 3076 589 3120 v.
609 3062 650 3123 bb
666 3083 682 3116 a
697 3057 748 3124 Ne
759 3055 897 3146 afflipas
916 3083 944 3137 »‚
963 3055 1138 3123 conculces
1155 3084 1172 3117 «
1188 3079 1266 3123 curn
1276 3079 1338 3147 per
1350 3055 1544 3144 potentiam
1558 3085 1590 3138 n,

263 3162 443 3228 -eadem
459 3183 539 3243 vox,
562 3183 632 3250 qua
654 3166 711 3228 Hx.
731 3168 809 3242 1,1s
827 3184 879 3252 sq.
901 3162 1044 3231 servitus
1059 3164 1261 3254 aegyptiaca
1274 3163 1536 3231 describebatur
1549 3202 1595 3212 -

267 3298 282 3329 «
303 3267 364 3335 sed
376 3266 520 3334 metuito
532 3271 640 3334 Deum
657 3280 756 3335 tuum
769 3296 801 3336 a.
818 3269 894 3337 Veri
908 3268 1057 3337 nominis
1070 3271 1161 3336 servi
1175 3293 1215 3337 ex
1233 3269 1436 3358 alienigenis
1449 3270 1590 3360 petendi

263 3379 359 3454 sunt,
382 3374 427 3441 ad
441 3396 528 3463 quos
545 3375 685 3442 iubilaei
704 3375 926 3466 privilegium
955 3398 1024 3443 non
1046 3376 1253 3443 extenditur.
1273 3399 1305 3444 v.
1323 3384 1364 3446 ut
1378 3404 1394 3438 «
1415 3378 1541 3444 Seruus
1560 3389 1593 3444 et

265 3480 395 3549 ancilla
413 3480 484 3548 sint
496 3481 589 3548 vibis
603 3480 645 3547 de
663 3481 878 3565 nationibus,
895 3482 1030 3571 quaein
1044 3482 1315 3550 circuituumtro
1337 3497 1417 3552 sunt
1443 3513 1480 3567 n,
1498 3507 1532 3550 v.
1549 3491 1591 3552 t5

266 3613 282 3649 a
298 3598 331 3653 et
351 3585 392 3654 dc
406 3587 548 3656 aduenis
556 3641 566 3673 ‚
586 3587 925 3678 quipereprinantur
939 3589 1035 3678 apud
1052 3612 1128 3677 vos,
1145 3589 1198 3657 vel
1212 3590 1274 3680 qui
1293 3613 1334 3658 ea
1348 3589 1400 3658 bis
1423 3591 1501 3658 nati
1510 3591 1589 3679 suc-

263 3693 334 3761 rint
356 3693 394 3760 in
418 3705 509 3762 terra
528 3707 649 3762 uestra.
671 3697 743 3760 Hos
759 3693 925 3762 babebitis
939 3694 1090 3783 [urnulas
1112 3725 1127 3758 a
1143 3719 1174 3764 v.
1194 3704 1238 3768 bb
1267 3724 1282 3758 κ
1308 3708 1340 3762 et
1362 3695 1591 3764 haereditario

263 3805 337 3867 iure
361 3801 596 3868 transmittetis
616 3800 665 3867 ad
686 3813 859 3890 posteros,
887 3825 927 3868 ac
940 3802 1158 3892 possidebitis
1181 3799 1220 3868 in
1240 3815 1442 3888 aeternum;
1464 3805 1588 3882 fratres

263 3920 380 3976 autem
394 3921 519 3976 uestros
530 3907 623 3997 filios
634 3907 743 3973 Israrl
755 3930 797 3974 nc
812 3908 1015 3998 opprimatis
1024 3909 1288 3999 perpotentiam
1310 3937 1340 3977 a.
1357 3909 1405 3978 Gi.
1425 3932 1459 3978 v.
1476 3916 1530 3978 b3.

604 4132 637 4181 (b)
649 4132 677 4170 De
689 4131 790 4177 Hebraeo,
802 4135 838 4182 put
850 4144 871 4170 re
882 4132 973 4172 renatas
986 4132 1077 4172 aduenae
1088 4130 1263 4186 Incubet-ts.

308 4300 393 4388 Arp.
411 4338 454 4348 -
473 4304 556 4366 Cum
576 4299 719 4366 Hebraei
733 4321 850 4365 omnes
871 4299 1040 4388 (similiter
1057 4305 1160 4389 atque
1178 4301 1268 4392 agri)
1284 4300 1344 4368 Dei
1363 4302 1445 4382 sint,
1463 4322 1533 4367 non
1548 4321 1583 4366 se

263 4405 469 4487 divendant,
491 4405 550 4472 sed
572 4427 713 4494 operam
731 4428 841 4472 suam.
858 4411 913 4472 Est
933 4428 1015 4492 ergo
1034 4405 1085 4474 ius
1108 4407 1371 4497 redemptionis,
1390 4414 1424 4474 et
1444 4406 1586 4497 quidem

262 4534 369 4603 penes
388 4511 604 4601 propinquos
625 4515 658 4578 et
673 4533 779 4601 penes
793 4512 906 4601 ipsum
924 4512 1033 4594 illum,
1053 4513 1113 4602 qui
1130 4535 1164 4579 se
1179 4513 1345 4581 vendidit.
1360 4515 1510 4581 Pretium
1524 4514 1589 4581 sol-

262 4624 363 4686 vatur
377 4618 598 4708 proportione
618 4640 800 4701 annorum,
818 4618 877 4708 qui
892 4624 1073 4707 supersunt
1084 4641 1190 4709 usque
1206 4619 1249 4686 ad
1269 4620 1472 4688 iubilaeum.
1489 4625 1587 4687 Auno

266 4723 411 4792 iubilaei
428 4724 594 4792 liberetur
612 4723 670 4790 ille
689 4725 805 4792 home.

305 4853 339 4898 v.
366 4837 408 4898 tr
433 4857 449 4892 «
468 4830 509 4896 Si
525 4828 709 4896 invaluerit
723 4831 821 4919 apud
839 4854 895 4898 ros
916 4854 1039 4900 mamn-
1054 4831 1206 4900 aduenae
1227 4845 1330 4923 atque
1344 4831 1524 4924 percpriai
1551 4859 1586 4910 u,
