3534 5384
226 448 285 509 106
678 460 785 504 uersis
805 458 882 502 acra
904 460 935 501 nt
958 456 1107 503 aserere.

222 595 388 686 prendt'ni
401 618 435 676 »3
452 632 496 643 -
511 595 610 661 Hebe.
628 614 640 659 .·
656 592 831 659 residerem
843 593 1010 660 enesionis
1020 592 1075 682 (el.
1096 596 1200 660 1Par.
1214 592 1321 683 lalss),
1340 590 1434 681 qrtod
1445 614 1560 682 ereper-

220 702 291 792 snit
302 700 446 769 cobisde
456 699 681 790 proredine—
694 727 709 761 u
720 699 875 766 corrodet
886 698 1000 788 [enim]
1012 699 1129 766 omnia
1140 698 1247 789 liene,
1269 702 1560 790 qreeeqererinent

223 809 260 875 in
274 810 366 899 apris
383 834 413 874 a.
429 812 516 894 Ergo
533 806 748 873 destructura
767 811 840 873 erat
858 805 989 873 locusta
1009 808 1161 896 primum
1180 828 1254 873 eam
1273 805 1457 873 cerealium
1476 828 1557 895 par-

223 922 310 994 tem,
329 936 418 1002 quae
433 913 640 1001 grandinem
652 918 820 992 evaserat,
836 913 908 980 sive
921 912 1015 1004 quod
1029 918 1185 1001 tempore
1204 911 1384 999 grandinis
1400 912 1555 979 nondum

223 1022 451 1108 germinasset
470 1019 654 1110 (triticum,
667 1018 808 1108 spelte),
825 1018 895 1085 sive
915 1020 1010 1108 qnod
1028 1018 1164 1105 grando
1185 1040 1255 1085 non
1278 1040 1398 1085 omnes
1417 1017 1562 1085 tandem

222 1148 325 1213 agros
336 1127 519 1213 attigisset3
533 1131 710 1216 praeterea
722 1147 762 1192 ea
774 1126 939 1192 arborum
949 1124 1045 1209 lolia,
1057 1147 1146 1216 quae
1156 1130 1232 1215 post
1241 1124 1444 1213 grandinem
1460 1130 1558 1192 erant

223 1241 318 1301 nata.
337 1235 597 1305 inraciones,
618 1232 670 1300 uti
686 1239 776 1314 9,18.

257 1459 338 1506 nnn
351 1449 467 1511 locuste,
481 1463 499 1500 a
508 1457 566 1507 tm
577 1448 691 1499 multem
705 1462 773 1508 esse,
797 1449 1027 1513 frequentissime
1038 1452 1081 1499 est
1095 1448 1124 1499 in
1139 1449 1301 1512 regionibus
1317 1448 1452 1509 Orientis,
1470 1460 1556 1514 qnan-

222 1539 314 1603 doque
325 1539 414 1589 multa
426 1550 562 1602 passuum
571 1537 661 1588 millia
673 1537 798 1601 regionis
813 1538 917 1601 operit,
929 1536 1180 1603 solemobscurat,
1192 1536 1309 1588 herbam
1323 1550 1436 1589 omnem
1452 1541 1480 1587 et
1494 1536 1562 1587 lolia

223 1631 316 1689 vorat,
333 1627 432 1679 domos
451 1628 593 1690 penetrat,
610 1627 704 1677 trabes
723 1627 846 1678 corrodit
852 1639 860 1687 ;
874 1630 960 1677 vento
982 1626 1137 1688 advehitur,
1154 1628 1238 1677 vento
1252 1628 1353 1677 iterum
1379 1631 1551 1689 asportatur;

223 1717 252 1767 id
265 1717 296 1767 ni
311 1714 359 1766 fiat
372 1716 540 1766 cadaverum
549 1715 640 1767 loetor
650 1726 744 1766 aerem
753 1716 915 1778 corrumpit,
927 1715 988 1766 lues
998 1719 1122 1778 generat.
1134 1714 1224 1765 Vento
1239 1714 1386 1779 siquando
1401 1716 1430 1764 in
1442 1717 1554 1779 Aegyp·

225 1811 283 1855 tum
305 1806 455 1864 vehantur,
472 1805 565 1855 bieme
586 1808 636 1854 aut
658 1816 726 1855 vere
745 1804 849 1854 ibidem
868 1805 1041 1867 comparent.
1056 1802 1099 1856 Gi.
1118 1804 1188 1867 Μ,
1205 1804 1254 1855 llo.
1271 1804 1343 1853 Huic
1357 1804 1442 1867 igitur
1454 1805 1555 1867 plagae

224 1906 288 1944 cum
299 1893 359 1943 Nili
372 1893 556 1944 inundatione
570 1893 641 1943 nihil
657 1895 717 1943 erat
731 1905 890 1943 commune.

237 2074 240 2078 ’
268 2098 301 2141 v.
320 2082 340 2141 6
357 2102 373 2136 u
390 2076 434 2141 Et
451 2074 642 2165 implebunt
659 2074 780 2141 (tomus
795 2087 871 2141 tues
887 2088 918 2141 et
935 2097 1108 2142 servorum
1122 2088 1257 2141 iecorum
1275 2086 1307 2142 et
1322 2074 1477 2141 emnium
1491 2078 1571 2142 rie-¹

226 2181 427 2271 qyptiornm
440 2202 452 2245 .·
465 2193 633 2270 qrteretem
650 2203 719 2248 non
730 2180 891 2248 viderent
906 2195 1026 2273 putres
1042 2182 1094 2248 teti
1109 2194 1142 2247 et
1156 2180 1229 2265 etti,
1252 2205 1294 2248 ee
1309 2204 1376 2271 quo
1395 2182 1467 2248 orti
1479 2194 1564 2249 sunt

226 2310 328 2378 snper
342 2300 469 2354 terrem
482 2288 640 2377 usquein
653 2302 868 2377 praesentem
887 2287 990 2356 diem.
1005 2288 1202 2379 Avertitque
1217 2312 1251 2355 se
1266 2300 1299 2355 et
1313 2310 1464 2378 apresens
1475 2301 1524 2357 est
1535 2312 1557 2355 e

226 2394 406 2461 Pharaone
423 2420 453 2476 o,
467 2420 484 2455 «
504 2395 582 2461 satis
597 2415 637 2460 es
654 2393 766 2475 vultu,
781 2402 882 2482 gestu
900 2394 1045 2485 aliisque
1060 2394 1197 2461 indiciis
1214 2394 1394 2461 advertens
1409 2396 1559 2463 Pharao·

225 2522 304 2568 nem
324 2521 465 2566 manere
481 2498 692 2567 obstinatum
709 2526 725 2560 o
748 2500 827 2590 (Syl
850 2500 888 2590 ..)
904 2523 936 2567 v.
955 2508 974 2566 7
998 2528 1013 2560 a
1036 2500 1203 2566 Dicerem
1224 2512 1340 2567 aretem
1361 2502 1450 2568 servi
1467 2500 1559 2568 Plae-

168 2683 173 2693 .
222 2605 339 2673 raonis
353 2604 402 2672 ed
413 2628 492 2672 erem
508 2634 537 2689 »‚
548 2611 619 2689 aut,
635 2628 675 2673 ex
694 2605 736 2673 iis
751 2607 812 2695 qui
826 2629 858 2674 v.
881 2614 897 2673 1
912 2604 1067 2673 indurati
1084 2606 1299 2688 dicebantur,
1315 2608 1496 2685 attextis,
1514 2607 1556 2674 de

223 2713 438 2802 quibus9‚20
451 2712 631 2780 dicebatur
648 2712 768 2803 (rost.)
783 2736 791 2782 :
807 2740 822 2773 α
846 2715 1023 2801 Usqueqne
1028 2713 1207 2804 patiemur
1221 2712 1283 2780 ltoc
1296 2714 1501 2781 scandalum
1521 2718 1560 2781 »i

223 2818 429 2887 Seandalnm
444 2841 505 2885 seu
524 2819 668 2910 laqueus
685 2819 817 2909 (Hebr.)
836 2849 851 2881 (ι
870 2820 991 2886 referri
1003 2825 1116 2909 potest
1133 2822 1205 2887 sive
1221 2820 1266 2886 ad
1279 2822 1463 2907 israelitas,
1482 2845 1565 2913 quo-

222 2948 300 2993 rum
313 2925 490 2993 occasione
505 2948 608 3015 super
625 2926 876 3015 Aegyptiorum
891 2933 994 3015 capul
1013 2928 1096 2992 baec
1116 2926 1209 2994 mala
1221 2949 1360 2994 excussa
1380 2936 1474 3009 sunt,
1493 2930 1563 2996 sive

222 3029 267 3098 ad
280 3032 373 3099 mala
393 3031 482 3123 ipsa,
506 3032 633 3122 quibus
650 3032 909 3119 affligebantur,
928 3033 998 3100 sive
1019 3031 1065 3099 ad
1086 3038 1218 3120 bloysen
1245 3040 1279 3101 et
1301 3040 1485 3116 Aaronem,
1505 3036 1561 3103 liei

223 3138 397 3205 ministros
418 3140 454 3205 in
476 3161 515 3205 ea
538 3138 669 3205 ultione
692 3138 872 3206 inferenda
896 3165 912 3201 o
940 3138 1095 3229 (calm).
1118 3140 1250 3207 Referri
1270 3145 1384 3229 potest
1408 3142 1452 3209 ad
1478 3143 1564 3210 haec

223 3245 340 3311 omnia
351 3243 466 3311 simul.
484 3272 501 3305 u
518 3250 696 3334 Usqueqno
709 3244 854 3312 Hebraei
864 3250 966 3313 erunt
978 3245 1078 3312 nobis
1088 3246 1125 3311 in
1136 3245 1398 3327 offendiculum,
1416 3247 1453 3313 in
1472 3247 1562 3337 quod

221 3350 450 3439 impingentes
461 3356 509 3416 tut
518 3349 773 3417 calamitatibus
783 3352 1022 3419 involvamur?
1033 3352 1133 3429 Quasi
1144 3352 1260 3421 dicant·
1272 3373 1279 3420 :
1293 3351 1388 3421 Tolle
1398 3352 1562 3442 laqueum

222 3477 282 3522 sen
302 3456 548 3523 offendiculum
562 3465 596 3524 et
614 3457 816 3524 scandalum
833 3459 917 3541 boc,
940 3465 974 3525 et
991 3458 1126 3525 dimitte
1153 3458 1232 3526 illos
1263 3486 1279 3520 a
1303 3458 1436 3548 (Iena).
1464 3488 1480 3521 a
1500 3460 1562 3527 Di-

222 3562 320 3628 mitte
334 3561 504 3646 tomioes,
520 3576 558 3629 nt
570 3564 762 3653 sacrificent
777 3565 922 3631 Domine
939 3568 1007 3631 Dee
1023 3586 1097 3633 sue.
1117 3566 1238 3633 Nonne
1260 3592 1275 3625 r
1293 3604 1337 3615 —
1355 3568 1458 3633 Hebe.
1475 3590 1561 3634 nee-

222 3667 305 3736 detta
319 3708 362 3721 -
378 3696 395 3730 «
410 3668 516 3748 eides,
532 3668 777 3760 quodperierit
791 3700 820 3752 »‚
839 3677 968 3760 pereat,
983 3697 1000 3731 (ι
1017 3674 1197 3761 Aeqyptrts
1211 3676 1251 3737 a?
1265 3672 1375 3738 Auliei
1389 3672 1562 3761 sapienter

220 3796 290 3841 non
304 3776 395 3863 regis
407 3777 460 3843 ius
471 3776 729 3843 retinendorum
744 3777 978 3844 Hebraeorum
997 3777 1035 3844 in
1050 3778 1196 3845 dubium
1211 3776 1352 3859 uocant,
1370 3778 1431 3845 sed
1446 3801 1560 3847 mora-

221 3883 287 3947 lem
302 3881 538 3949 necessitatem
555 3882 627 3950 eius
645 3882 730 3949 iuris
749 3885 793 3951 ob
812 3883 956 3950 salntem
972 3884 1023 3950 rei
1042 3884 1203 3972 publicae
1218 3883 1405 3951 abdicandi
1419 3884 1559 3953 demon·

223 3993 345 4056 strant.

267 4118 300 4160 v.
321 4102 341 4163 8
360 4126 375 4156 α
388 4099 708 4185 Revoceeernntqne
726 4125 742 4158 o
754 4136 798 4147 -
812 4097 858 4164 ad
868 4096 1157 4165 constructionem
1168 4096 1338 4187 passivam
1353 4119 1432 4165 cnm
1448 4114 1494 4163 nn
1513 4100 1556 4166 cl.

222 4204 304 4267 Gen.
327 4207 498 4283 t,18-«
516 4205 658 4291 Moysen
677 4216 709 4269 et
726 4206 842 4271 Aaron
861 4202 910 4271 ed
934 4204 1168 4288 Pharaonem,
1193 4204 1255 4293 peti
1280 4203 1373 4271 ritate
1391 4205 1439 4272 eis
1458 4227 1470 4271 :
1490 4206 1556 4287 Ite,

222 4307 413 4391 sacrificate
429 4309 576 4376 Dareine
600 4314 669 4376 Deo
690 4324 798 4377 cestro
823 4342 858 4395 a,
887 4340 903 4372 a
929 4334 973 4378 sc.
997 4310 1034 4376 in
1058 4310 1263 4392 solitudine,
1285 4310 1372 4379 sieut
1402 4312 1516 4401 petitis
1541 4340 1557 4373 a

225 4414 356 4500 (Tora).
375 4420 454 4496 835
470 4416 656 4497 institerat,
670 4424 708 4484 nt
717 4418 811 4485 intra
818 4423 1014 4508 Aegyptum
1025 4417 1266 4484 sacrificarent.
1279 4422 1347 4485 Hac
1362 4418 1558 4487 conditione

224 4520 341 4601 missa,
365 4521 434 4587 iam
457 4522 527 4589 alia
547 4523 678 4590 ratione
708 4525 844 4592 veniam
868 4523 1054 4591 excedendi
1081 4524 1247 4606 limitare,
1266 4524 1414 4592 reditum
1432 4526 1470 4593 in
1485 4531 1558 4593 tuto

222 4625 388 4694 collocare
402 4628 526 4696 studet.
552 4657 569 4690 «
597 4631 748 4711 Qreinum
767 4644 860 4713 rent,
877 4630 940 4721 qui
965 4629 1049 4696 itari
1065 4644 1147 4697 sunt
1163 4632 1201 4695 »i
1218 4637 1335 4716 rogat,
1358 4632 1557 4721 opinionem

224 4733 449 4822 praetendens
463 4758 532 4802 non
552 4757 669 4804 omnes
688 4758 879 4804 excessuros
897 4736 1036 4827 (Syia).
1057 4764 1073 4797 α
1094 4738 1237 4805 Volebat
1251 4736 1406 4805 detinere
1421 4738 1551 4828 aliquid

223 4840 269 4906 ad
277 4839 357 4908 illos
370 4842 561 4930 pertinens,
576 4843 673 4911 cuins
687 4844 830 4911 obtentu
840 4844 992 4911 redirent
1009 4871 1026 4905 »
1045 4844 1177 4934 (Tora).
1198 4866 1230 4911 v.
1247 4851 1266 4911 9
1284 4872 1300 4906 t<
1321 4844 1382 4911 rlit
1396 4848 1556 4934 Moyses:
