3534 5384
225 336 283 394 156
701 348 740 391 ex
762 349 901 395 sncvrro
924 351 955 393 rs
977 352 1069 395 emm.

225 484 333 549 instar
355 482 487 549 ramerii
508 482 665 572 fluentes.
685 512 701 545 a
729 484 967 572 Gonprepatae
988 498 1067 551 stent
1087 484 1202 575 abyssi
1224 486 1258 551 in
1283 485 1395 551 aredio
1410 486 1500 552 mari
1522 516 1551 555 ».

222 594 288 655 Eae
306 610 395 678 quae
410 596 511 657 antea
524 588 637 677 abyssi
651 589 788 657 inerant
801 589 989 680 imperviae
1004 590 1133 677 agmini
1148 592 1339 675 hominum,
1358 591 1428 659 iam
1446 593 1482 659 in
1501 614 1553 659 se-

222 694 630 785 cretioresoceanipartes
639 695 988 785 diffluxerantaquac.
1001 702 1053 779 At,
1064 702 1234 785 quaerunt
1246 697 1365 787 aliqui,
1381 699 1553 789 quomodo

129 849 133 857 .
225 801 312 869 haec
326 801 443 869 omnia
457 803 576 871 effecta
588 783 786 870 scribuntur
795 807 832 869 in
843 804 965 893 spirata
975 802 1102 891 suroreb
1115 804 1189 888 nei,
1205 825 1283 872 cum
1292 803 1463 895 imprimis
1474 818 1554 895 pro-

225 907 390 975 cesserint
403 931 443 976 ex
457 908 530 978 cius
544 910 580 976 in
594 908 764 976 Hebraeos
773 908 1028 977 misericordia?
1045 910 1273 1001 Respondeas,
1287 910 1415 1001 duplici
1429 910 1554 978 motivo

226 1037 267 1084 eo
278 1016 314 1081 in
326 1020 486 1105 portento
504 1022 616 1083 actum
638 1038 709 1083 osse
723 1020 846 1098 Deum,
863 1016 1114 1084 misericordiae
1129 1018 1167 1083 in
1181 1017 1366 1099 Hebraeos,
1382 1018 1506 1085 furoris
1518 1020 1554 1087 in

221 1123 417 1210 Aegyptios.
435 1126 592 1189 Ceterum
611 1121 699 1189 nihil
716 1127 825 1205 vetat,
848 1122 1032 1212 quominus
1049 1138 1130 1210 vna
1145 1138 1197 1189 att
1208 1124 1356 1214 accipias
1369 1146 1468 1191 sensu
1483 1148 1554 1193 non

226 1229 390 1297 translato
414 1252 422 1297 :
448 1229 485 1294 in
507 1240 605 1295 rento
626 1227 766 1295 nariam
787 1242 937 1314 errorum,
959 1230 1001 1297 cf.
1023 1252 1056 1298 v.
1080 1236 1132 1297 to.
1157 1231 1318 1319 Sequenti
1336 1253 1437 1299 versu
1458 1237 1554 1299 notat

228 1334 321 1415 Keil,
342 1334 516 1422 asyndetis
527 1334 672 1425 exprimi
685 1335 933 1425 Aegyptiorum
946 1342 1078 1403 mentes
1091 1335 1263 1405 vindictae
1278 1336 1396 1405 avidas
1410 1338 1553 1427 quictis-

213 1568 254 1614 ·e.
272 1569 444 1638 assequar,
464 1577 479 1608 «
496 1546 650 1615 dividam
660 1547 789 1638 spolia,
801 1548 999 1639 implebitur
1007 1550 1124 1617 anima
1135 1571 1210 1616 mea
1228 1578 1259 1630 a,
1278 1549 1399 1619 stata.
1416 1562 1553 1617 satura-

225 1653 317 1720 bitur
335 1653 467 1743 spoliis,
489 1676 615 1741 greges
638 1654 768 1745 quippe
793 1657 920 1723 multos
943 1660 977 1722 et
1000 1678 1053 1723 res
1076 1656 1240 1746 pretiosas
1267 1678 1383 1723 secum
1407 1656 1553 1723 Hebraei

223 1760 454 1850 asportabant.
468 1788 485 1821 α
497 1761 699 1851 Ecapinabo
709 1760 868 1849 qtadium
878 1784 1008 1845 meum,
1022 1762 1204 1851 interficiet
1219 1784 1274 1828 eos
1288 1785 1412 1829 marsus
1426 1784 1501 1829 mea
1518 1790 1549 1829 n.

223 1866 450 1956 Repugnabat
466 1866 537 1934 iam
559 1866 648 1950 Cui,
669 1870 852 1957 quominus
874 1884 987 1945 vstitu,
1009 1869 1064 1936 oui
1083 1868 1169 1937 alias
1193 1890 1328 1958 semper
1346 1868 1550 1957 significatio

223 1971 423 2039 tribuendae
437 1977 472 2038 et
485 1970 692 2039 adimendae
702 1973 926 2062 possessionis
943 1978 1126 2064 competat,
1146 1972 1203 2041 hic
1221 1977 1256 2040 et
1268 1977 1368 2041 Num.
1392 1974 1551 2057 1t,1nad

222 2076 507 2165 significationem
530 2078 761 2168 interficiendi
778 2102 837 2148 seu
863 2078 1063 2148 destraendi
1081 2080 1352 2169 detorqueatur:
1377 2108 1392 2139 «
1414 2084 1488 2147 Non
1507 2080 1551 2147 ad

223 2184 449 2252 occidendum
464 2184 634 2253 Hebraeos
651 2188 957 2277 persequebantur,
974 2187 1033 2255 sed
1048 2186 1090 2254 ad
1111 2184 1338 2275 redigendum
1353 2186 1460 2253 cosin
1480 2208 1550 2253 ser·

226 2292 386 2371 vitutem;
407 2299 441 2358 et
456 2298 643 2381 propterea
663 2295 858 2380 evaginatio
883 2293 993 2379 gladii
1016 2315 1085 2360 non
1109 2292 1152 2359 ad
1175 2291 1470 2375 interficiendum,
1491 2292 1550 2360 sed

225 2396 269 2463 ad
295 2396 511 2485 spoliandum
529 2398 699 2465 Hebraeos
717 2399 820 2465 rebus
833 2400 996 2466 scribitur
1011 2427 1041 2466 ».
1061 2401 1155 2466 LXX
1164 2409 1322 2488 κυριεύσει.
1341 2404 1437 2465 Verte
1458 2421 1465 2467 :
1487 2398 1550 2466 da·

113 2504 120 2517 '
220 2501 272 2568 bit
284 2524 343 2569 eos
361 2502 397 2568 in
413 2504 678 2592 possessionem,
698 2504 836 2591 rediget
854 2528 913 2571 eos
931 2506 966 2570 in
980 2506 1178 2573 servitutem
1198 2526 1321 2573 manus
1335 2526 1424 2573 meu.
1441 2506 1550 2573 Etiam

219 2612 318 2677 Num.
335 2615 437 2691 tata
448 2611 630 2679 commode
641 2611 788 2679 vertitur
799 2633 807 2680 :
820 2618 854 2677 et
864 2612 1073 2701 possessione
1084 2632 1163 2678 eum
1174 2612 1328 2701 privabo.
1341 2637 1373 2680 v.
1389 2619 1429 2679 to
1443 2638 1458 2673 u
1469 2611 1549 2678 Fla-

222 2714 271 2780 vit
289 2714 430 2806 spiritus
449 2730 538 2802 taus,
556 2730 589 2785 et
604 2718 738 2808 apernit
752 2740 807 2783 eos
824 2740 920 2784 marr
937 2745 966 2785 s.
984 2720 1085 2785 Hebe.
1104 2740 1117 2783 .·
1133 2718 1318 2809 insufflasti
1331 2718 1457 2809 spirita
1477 2731 1546 2786 tuo.

220 2826 346 2889 Ventus
361 2822 563 2913 depingitur
573 2830 613 2891 ut
625 2824 726 2892 ssatus
741 2829 839 2892 alteo
850 2825 1042 2914 procedens
1058 2847 1066 2893 :
1083 2825 1186 2893 unico
1200 2824 1285 2892 tlatu
1298 2830 1386 2893 Deus
1405 2824 1549 2893 audacia

222 2927 285 2996 illa
307 2930 452 2997 consilia
470 2929 575 3013 fallit,
596 2952 709 3021 neque
728 2931 806 3020 plus
825 2930 987 3021 Aegyptii
1006 2931 1141 2999 efficere
1160 2932 1291 3009 valent,
1309 2954 1414 3021 quam
1433 2932 1548 3021 plum-

221 3033 305 3101 bum
317 3034 353 3101 in
363 3058 469 3126 aquas
483 3037 680 3105 demissum.
695 3041 759 3104 lin.
777 3044 910 3120 mouet,
928 3038 970 3104 de
984 3038 1048 3106 hoc
1063 3044 1165 3105 vento
1177 3037 1265 3104 nihil
1278 3037 1402 3105 haberi
1416 3044 1516 3122 11,ἳῖ
1538 3060 1545 3106 :

218 3140 306 3207 nibil
326 3141 485 3226 habetur,
506 3143 567 3210 sed
589 3151 640 3211 sat
658 3144 757 3211 tacite
777 3166 839 3233 per
855 3167 891 3211 se
913 3144 1120 3231 intelligitur
1140 3145 1196 3233 (cf.
1223 3144 1412 3233 1θ,13.19),
1434 3164 1548 3233 neque

214 3248 389 3314 variorum
398 3251 605 3338 scriptorum
616 3250 698 3317 hinc
707 3249 862 3317 nascitur
871 3256 1128 3337 argumentum.
1145 3280 1159 3312 «
1171 3249 1348 3318 Submersi
1357 3260 1436 3317 sunt
1448 3249 1549 3340 quasi

210 3352 395 3441 plumbum
412 3354 451 3421 in
464 3356 563 3445 aquis
581 3356 831 3423 uehementibus
852 3384 882 3423 ».
901 3373 974 3421 'stru
994 3356 1028 3423 id
1049 3356 1200 3439 denotat,
1218 3356 1310 3446 quod
1323 3356 1546 3447 praeclaram

218 3465 267 3527 cst
286 3485 294 3524 :
316 3461 515 3550 praeclarae
535 3461 743 3531 videbantur
761 3463 923 3530 Hebraeis
941 3464 1020 3530 illae
1040 3484 1168 3553 aquae,
1185 3484 1273 3551 quae
1299 3463 1546 3553 Aegyptiorum

222 3568 406 3634 exercitum
422 3572 492 3634 tam
512 3568 625 3635 subito
645 3570 844 3637 universum
863 3576 1116 3659 oppresserant,
1135 3573 1220 3636 Cur?
1233 3570 1316 3648 Quia
1335 3568 1380 3659 (v.
1405 3569 1459 3659 11)
1476 3573 1546 3636 tam

220 3673 397 3761 praeclare
411 3674 674 3743 manifestabant
692 3676 752 3742 Ilei
763 3676 978 3743 sanctitatem
990 3682 1054 3743 otc.

690 3926 796 3986 Stropha
812 3926 945 3973 mutatoria
963 3940 985 3973 v.
1001 3928 1079 3973 11-1t.

258 4102 340 4189 Arp.
356 4140 399 4150 -
419 4102 546 4168 Thema
565 4102 689 4169 cantici
708 4104 874 4170 concinne
890 4103 1100 4170 enuntiatur.
1123 4104 1255 4169 Chorus
1268 4103 1399 4191 primus
1418 4100 1545 4168 labven

220 4228 324 4297 supra
341 4206 441 4289 deos,
457 4208 628 4298 imprimis
646 4209 809 4299 Aegypti,
831 4208 961 4276 extollit
980 4210 1111 4276 ratione
1132 4208 1335 4291 sanctitatis3
1358 4209 1481 4274 chorus
1495 4230 1544 4275 se-

221 4313 355 4380 cundus
369 4313 502 4381 ratione
517 4315 663 4401 gloriose
676 4322 709 4383 ct
723 4321 917 4407 portentose
931 4322 1084 4383 actorum
1100 4321 1217 4383 contra
1231 4314 1403 4399 inimicos;
1421 4313 1546 4381 chorus

222 4442 358 4487 rursum
376 4420 508 4510 primus
532 4422 665 4489 ratione
685 4422 924 4509 benignitatis,
942 4444 1012 4512 qua
1032 4422 1199 4513 populum
1219 4443 1318 4490 suum
1338 4420 1487 4489 traducit
1500 4420 1544 4487 ad

212 4526 342 4609 locum,
361 4548 429 4617 quo
448 4550 543 4595 suam
560 4528 592 4595 ci
606 4528 819 4597 sanctitatem
834 4535 884 4596 est
898 4530 1186 4597 manifestaturus.

257 4655 290 4701 v.
301 4639 340 4701 11
358 4662 374 4696 «
387 4633 598 4715 Qat'ssimilr's
608 4635 662 4702 tui
671 4635 861 4723 infortibas
875 4658 974 4717 1³,seu
986 4634 1099 4702 verius
1116 4634 1243 4718 indiis,
1257 4662 1272 4697 «
1285 4634 1453 4701 Domine?
1465 4632 1545 4714 Quis

212 4740 335 4807 similis
364 4741 416 4806 tui
441 4763 544 4823 »,seu
559 4740 636 4831 qais
649 4740 740 4808 ..sicat
760 4755 810 4829 ta,
832 4770 848 4804 a
874 4740 1080 4831 rnaynificas
1104 4740 1142 4807 in
1165 4740 1370 4807 sanctitate?
1390 4768 1407 4801 a
1422 4740 1545 4829 Aliqua
