3534 5384
698 376 748 419 nx.
772 361 864 433 tale
887 378 948 429 seo.
1436 358 1493 453 lli
1541 404 1544 413 ι

156 514 260 601 suero
272 509 309 576 ia
322 509 502 576 Pharaone
514 522 547 576 et
561 509 598 576 ia
613 509 766 577 cros-Has
781 522 884 600 atque
900 510 937 575 r'rr
953 510 1123 599 equitibus
1141 512 1214 577 eba-
1232 538 1261 577 ».
1281 516 1492 602 Persequen-
1565 542 1584 591 -y
1660 499 1746 614 Ἴ

160 623 217 684 tur
232 616 393 705 Aegyptii
411 616 580 683 Hebraeos
592 637 656 706 per
671 615 800 683 siccum
811 638 923 698 mare,
939 622 1075 685 atcerte
1089 639 1159 684 non
1174 624 1398 708 assequentur
1413 640 1421 685 t
1434 636 1489 685 se*

162 746 222 790 cus
236 722 328 790 enim
343 721 399 788 vix
410 720 663 808 glorificaretur
677 723 790 789 lahve.
807 727 933 790 Tamen
951 722 1068 790 lutura
1081 724 1329 814 Aegyptiorum
1345 731 1488 813 strages

162 850 332 918 aquarum
353 829 390 895 in
412 828 548 896 alveum
571 829 700 896 reditus
723 828 916 896 distinctius
936 829 1089 897 nondum
1114 830 1324 899 enuntiatur.
1350 832 1494 899 Ellcctus
1588 850 1596 923 p·
1618 831 1750 922 ji

164 958 245 1004 vero
258 934 368 1002 divini
382 935 532 1027 portenti
545 937 572 1001 is
580 934 655 1017 erit,
667 940 705 1001 ut
718 958 787 1002 non
800 935 865 1002 soli
873 936 1018 1004 Hebraei
1031 937 1088 1027 (of.
1103 944 1284 1022 6,·t;1o,2;
1300 945 1400 1019 tarn
1412 936 1493 1027 etc.)
1572 942 1575 949 ’
1617 934 1620 941 ’
1730 939 1736 948 “

163 1043 240 1126 sed,
258 1041 351 1131 quod
369 1040 516 1109 maxime
533 1063 668 1131 semper
683 1043 877 1109 intenderat
897 1048 1000 1127 Deus,
1022 1044 1089 1134 ipsi
1104 1046 1264 1135 Aegyptii
1286 1052 1377 1133 (r,5;
1401 1050 1491 1125 ilat.

171 1155 228 1231 183
245 1156 279 1215 et
297 1148 341 1215 cf.
359 1154 456 1230 7‚1't;
472 1153 564 1230 8,10.
581 1154 640 1230 223
658 1154 750 1233 o,1t.
765 1150 821 1237 29)
838 1148 992 1236 agnituri
1004 1150 1089 1233 sint,
1107 1150 1193 1239 quio
1211 1173 1274 1243 eqo
1291 1151 1411 1237 Inlrre,
1427 1152 1497 1217 non

166 1256 267 1323 inane
284 1276 409 1342 gerens
429 1276 569 1335 nomen,
589 1259 673 1321 [teus
692 1260 726 1321 et
739 1256 879 1323 nomine
900 1262 934 1322 et
953 1278 1001 1323 re.
1025 1258 1129 1324 Huius
1146 1258 1194 1324 rei
1209 1256 1398 1325 habebitur
1409 1257 1495 1324 inte·
1575 1318 1577 1321 .
1605 1240 1621 1311 ῑῖ

168 1384 231 1449 gra
243 1366 277 1427 et
290 1362 442 1451 perlecta
458 1360 629 1450 probatio.

210 1474 279 1534 iam
303 1467 419 1535 divine
437 1468 619 1534 ordiuntur
636 1472 805 1558 portenta.
820 1469 1050 1537 Manifestatur
1071 1470 1191 1537 divina
1212 1470 1250 1537 in
1266 1470 1496 1538 columnare·
1587 1484 1589 1491 '
1652 1468 1668 1493 '¹
1706 1435 1731 1464 Η

165 1574 303 1642 condita
319 1575 442 1655 virtus,
459 1574 611 1663 Artpelus
629 1575 702 1642 Dei.
719 1574 783 1641 Ubi
797 1574 935 1643 adverte
950 1575 1018 1643 duo
1032 1577 1188 1643 membra
1202 1576 1404 1667 incipientia
1415 1600 1497 1645 voce

163 1697 231 1749 nou
251 1688 285 1748 et
296 1681 486 1748 desinentia
506 1682 542 1747 in
563 1696 731 1753 catinam,
752 1684 980 1750 assonantiam
999 1683 1055 1750 hic
1075 1684 1167 1749 inter
1186 1672 1279 1773 qabn
1299 1688 1332 1749 et
1347 1672 1428 1773 qbn,
1446 1684 1494 1750 ibi

169 1790 260 1856 inter
273 1802 353 1856 matt
373 1793 407 1855 et
424 1802 532 1861 tutti,
554 1793 684 1856 motum
705 1789 889 1878 utrobique
908 1812 929 1857 a
949 1790 1062 1879 primo
1078 1790 1122 1857 ad
1144 1794 1333 1857 extremum
1357 1812 1495 1877 agmen.

170 1920 202 1963 v.
221 1901 261 1961 to
278 1922 294 1956 r
312 1894 510 1983 rotteesqoe
525 1917 559 1962 se
576 1896 719 1984 capetus
732 1894 810 1979 Dei,
831 1896 894 1986 qui
906 1895 1130 1986 praecedebat
1145 1909 1260 1963 rostro
1274 1897 1396 1977 Israel,
1414 1896 1500 1963 atta

171 2014 248 2094 post
259 2021 335 2086 eos;
349 2016 380 2068 ct
397 2005 487 2087 [cam
501 2024 539 2069 co
556 2002 699 2092 pariter]
712 2002 872 2069 columna
886 2002 1116 2093 nubisprr'oro
1143 2002 1319 2070 dimittens
1333 2016 1412 2093 post
1431 2016 1498 2069 ter-

173 2131 257 2198 pum
272 2134 288 2169 »
302 2132 335 2174 v.
353 2116 394 2175 20
413 2136 429 2169 «
446 2108 553 2190 stetit,
572 2109 659 2175 anter
676 2122 787 2175 castro
803 2113 939 2199 Acqypt
941 2109 1099 2175 iortrmct
1112 2122 1222 2177 cestro
1239 2108 1415 2194 Isr;etoel
1402 2122 1503 2177 terat

167 2218 271 2281 nubes
288 2217 462 2281 tenebrosa
479 2228 512 2282 et
530 2214 732 2282 illuminans
747 2228 896 2295 noctem,
915 2216 964 2282 ita
985 2229 1022 2282 ut
1038 2215 1086 2282 orl
1102 2238 1137 2283 sc
1157 2214 1306 2283 irroicem
1327 2229 1398 2284 toto
1417 2240 1499 2283 noc-

164 2322 207 2388 tis
224 2320 566 2412 [temporclcccedere
580 2320 811 2389 convalerent
828 2350 857 2389 a.
873 2326 976 2410 Ergo,
992 2344 1032 2389 eo
1047 2328 1137 2390 certe
1151 2328 1318 2413 tempore,
1336 2324 1385 2391 ita
1398 2322 1497 2409 larga

169 2435 242 2495 erat
257 2429 320 2495 illa
330 2428 508 2509 'columna,
525 2434 562 2494 ut
576 2450 596 2494 a
611 2432 796 2519 conspectu
812 2428 1053 2495 universorum
1066 2435 1262 2497 castrorum
1272 2429 1503 2498 Hebraeorum

166 2535 350 2625 Aegyptios
363 2534 586 2625 praecluserit
605 2534 766 2625 (Hense).

200 2705 305 2750 Textus
319 2700 433 2748 minime
448 2703 491 2748 est
511 2704 612 2749 certus.
630 2698 752 2748 Adverte
765 2712 800 2748 ex
818 2700 880 2762 ipso
903 2703 1035 2749 contextu
1058 2704 1169 2761 patere,
1187 2700 1290 2751 nubem
1310 2699 1388 2750 illam
1409 2699 1496 2750 luisse

167 2789 312 2851 Aegyptiis
328 2787 517 2847 tenebrosam,
530 2786 580 2837 sed
594 2786 729 2838 Hebraeis
744 2788 928 2837 luminosam:
945 2788 1086 2837 luminosa
1097 2789 1201 2853 quippe
1215 2801 1327 2851 semper
1341 2793 1401 2838 erat
1414 2793 1496 2838 nocte

166 2873 282 2944 (tear),
298 2875 449 2939 debuitque
463 2889 526 2926 esse
539 2878 599 2926 tum
611 2877 786 2938 potissimum
800 2876 950 2937 luminosa,
962 2876 1074 2940 quando
1090 2876 1225 2927 Hebraeis
1239 2889 1289 2939 per
1303 2878 1401 2938 ipsum
1412 2879 1496 2927 maris

165 2966 276 3016 alveum
291 2966 343 3017 tuit
356 2964 550 3017 incedendum.
565 2964 652 3014 Porro
667 2963 763 3014 Gbotd.
779 2966 840 3027 Sar.
858 2967 981 3028 Itemque
995 2966 1094 3028 Syram.
1111 2968 1218 3016 textum
1231 2966 1420 3027 explicavere,
1433 2964 1491 3015 dis·

165 3056 251 3106 tincto
266 3053 436 3104 assumentes
452 3054 554 3105 nubem
578 3054 723 3117 Aegyptiis
738 3052 825 3103 inisse
843 3055 1032 3114 tenebrosam,
1050 3053 1186 3104 Hebraeis
1207 3054 1384 3103 luminosam.
1418 3054 1500 3103 Hebr.

162 3144 249 3195 nabet
262 3124 312 3198 nt
313 3123 351 3198 ba
366 3151 410 3199 na
425 3149 488 3200 ran
499 3146 604 3223 perra
620 3148 722 3226 pru
705 3147 775 3196 vnn.
792 3142 857 3191 rrr
869 3137 995 3205 ereata
984 3160 1000 3205 t]
1015 3138 1108 3201 att:
1072 3122 1172 3198 -ab
1174 3124 1212 3198 bn
1244 3122 1316 3198 beu.
1334 3142 1502 3207 etiamse-

168 3232 266 3284 cacia.
282 3231 411 3282 videntur
424 3232 528 3295 legisse
549 3212 584 3287 5)
599 3236 665 3281 ante
683 3210 776 3287 abb.
794 3230 868 3281 unde
882 3232 1026 3294 probabile
1043 3233 1173 3294 apparet,
1190 3244 1252 3281 eam
1267 3244 1365 3283 vocem
1379 3233 1407 3282 in
1423 3234 1500 3283 textu

170 3322 299 3385 primitus
310 3320 409 3381 lursse
425 3334 485 3371 sive
497 3322 560 3384 post
573 3328 632 3378 na
650 3320 710 3370 sive
725 3321 785 3370 eius
807 3320 879 3370 loco.
902 3318 961 3370 Soli
976 3322 1068 3369 1,.,ΥΥ
1061 3336 1070 3370 1
1072 3324 1283 3383 gnorenttstt,
1300 3322 1379 3371 ouius
1398 3326 1492 3372 tamen

171 3423 237 3474 pars
250 3411 326 3473 prior
340 3412 370 3459 in
382 3409 432 3460 illo
444 3390 505 3464 batt
528 3410 615 3459 latore
629 3408 746 3458 videtur.
763 3410 853 3463 tante
867 3414 960 3488 quinti
984 3411 1116 3472 ignorant
1131 3410 1203 3459 Sam.
1223 3409 1337 3473 Symm.‚·
1352 3410 1398 3459 hic
1413 3412 1498 3459 etiam

172 3501 284 3563 ignorat
298 3499 455 3549 articulum.
467 3498 572 3548 Tamen
586 3510 621 3547 eo
635 3503 744 3548 retento
763 3504 791 3547 et
802 3498 857 3547 alia
871 3510 889 3547 a
904 3498 1003 3548 Hasor.
1026 3498 1151 3549 adhibita
1166 3500 1364 3561 penetratione,
1381 3504 1475 3549 vertes
1495 3512 1501 3545 :

171 3595 195 3637 et
209 3594 268 3637 erct
278 3588 362 3637 nubes
374 3587 550 3637 obtenebrans
560 3593 583 3635 et
593 3586 755 3637 illuminans
771 3593 826 3636 toto
840 3594 914 3636 nocto
927 3584 1040 3651 (Ewutd,
1054 3588 1116 3647 Ka„
1135 3586 1249 3652 bitte),
1267 3587 1342 3651 quod
1355 3586 1413 3637 lere
1428 3588 1501 3638 idom

171 3682 252 3727 sonat
264 3682 347 3739 atquc
360 3675 436 3739 Vulq.

218 3838 249 3880 v.
278 3822 357 3881 21«
384 3817 535 3904 Cumque
557 3813 760 3880 ostendisset
780 3818 914 3904 Moyses
933 3836 1075 3892 mortam
1103 3836 1206 3904 snper·
1229 3836 1339 3899 more,
1362 3814 1500 3882 obstulit

171 3921 262 3988 illud
272 3920 438 3989 Dorrrinrts
452 3949 467 3982 a
486 3958 529 3971 -
544 3910 621 4011 qbttt
634 3920 719 4009 fecit
733 3918 824 3987 ittae
840 3920 1074 4008 diffluet·c;cl.
1092 3927 1147 3989 ΕΖ.
1166 3927 1266 4004 32‚1t
1280 3961 1323 3971 —
1340 3950 1355 3983 «
1373 3923 1499 4010 [fiorrtcl

173 4042 268 4095 rento
294 4028 484 4095 ocderncati
500 4039 532 4094 et
556 4038 673 4093 orente
699 4038 770 4093 toto
792 4041 905 4114 nocte,
922 4040 955 4093 ct
974 4027 1074 4093 ocrtr't
1099 4028 1135 4095 in
1159 4027 1306 4112 siccanr;
1321 4028 1499 4117 decisaque

170 4147 218 4201 cst
230 4158 324 4225 aquo
344 4164 359 4195 a
377 4157 409 4201 v.
427 4141 470 4201 22
491 4161 507 4196 a
528 4146 561 4200 et
576 4132 721 4225 inpressi
739 4146 820 4200 stent
834 4134 906 4223 filr'r'
918 4134 1027 4201 lsrael
1036 4158 1102 4225 per
1115 4134 1269 4201 meditem
1280 4134 1364 4201 sicci
1375 4136 1496 4222 orares,

170 4240 346 4309 eratenim
358 4262 451 4329 oqrcc
465 4240 566 4330 qnasi
575 4263 694 4307 metros
707 4263 729 4307 a
739 4240 880 4307 dextero
894 4263 1011 4307 eoram
1021 4253 1054 4308 ct
1065 4240 1162 4307 lacon
1178 4268 1208 4308 a.
1226 4246 1289 4309 Res
1305 4242 1349 4308 ad
1360 4241 1499 4309 oculum

170 4353 341 4430 narratur,
362 4370 430 4413 non
450 4348 638 4414 secundum
662 4348 830 4414 rationem
849 4347 1082 4415 scientificam.
1106 4351 1232 4415 Causae
1251 4348 1402 4437 portenti
1420 4351 1500 4415 assi-

175 4460 328 4540 gnantur
345 4476 416 4521 non
434 4452 624 4520 necessario
647 4475 780 4537 omnes,
809 4454 868 4520 sed
889 4476 947 4520 eae
973 4476 1056 4544 quas
1075 4453 1220 4521 Hebraei
1240 4454 1499 4544 deprehendere

174 4560 312 4627 valuere
325 4580 333 4627 ε
345 4562 495 4650 primum
506 4559 565 4626 Dei
579 4558 831 4649 omnipotentia
844 4560 961 4647 Hoysis
976 4560 1080 4627 verbo
1092 4566 1125 4627 et
1138 4582 1241 4627 manu
1253 4560 1497 4643 demonstrata,

173 4664 297 4733 deinde
307 4672 439 4733 ventus.
458 4664 552 4733 Unde
568 4665 748 4733 concludes
758 4665 801 4733 ad
813 4667 879 4732 hoc
891 4689 1026 4755 quoque
1038 4672 1252 4757 portentum,
1267 4666 1316 4733 uti
1330 4666 1502 4757 adpriora
1619 4668 1623 4708 Ψ

173 4773 215 4839 in
223 4778 379 4863 aegypto
392 4779 597 4863 perpetrata,
611 4772 743 4862 aliquid
758 4774 937 4839 contulisse
952 4794 1071 4839 causas
1082 4773 1271 4857 naturales,
1290 4771 1377 4839 illud
1398 4772 1500 4840 luisse
