3534 5384
1394 408 1491 451 Ex.
1539 392 1682 463 223
1729 407 1852 459 soo.
2895 400 2970 456 43

966 605 1068 653 111.
1105 603 1552 652 PRAEAMBULI
1581 603 1933 652 CLAUSULA
1967 604 2058 652 Ex.
2094 605 2300 664 2,23-25.

382 770 446 813 v.
487 752 569 812 23
617 775 647 807 «
682 749 844 812 Post
874 749 1167 814 multum
1206 769 1359 813 vero
1391 745 1713 836 temporis
1750 761 2060 814 mortuus
2104 762 2203 814 est
2246 770 2368 813 reoe
2406 749 2711 839 Aeqyptz'
2750 776 2812 831 ›>‚
2853 750 2971 816 ille

294 875 489 936 sane,
531 876 670 942 quo
713 857 1048 939 regnante
1095 855 1317 920 fuerat
1356 859 1603 942 Moyses
1640 854 1987 944 expositus
2020 861 2085 923 et
2133 854 2485 922 educatus,
2532 854 2725 934 Quod
2766 857 2906 923 Seti
2945 861 2966 922 Ι

295 982 434 1027 non
474 966 644 1027 esset
674 957 760 1026 de
791 960 987 1046 regia
1019 961 1232 1049 stirpe
1251 1014 1266 1043 ,
1307 960 1452 1028 eius
1484 960 1664 1028 filius
1701 964 2056 1029 Ramesses
2087 967 2142 1029 ΙΙ
2169 961 2256 1028 ab
2288 963 2439 1051 ipsa
2472 962 2827 1029 nativitate
2864 984 2972 1029 re-

295 1066 409 1151 gio
457 1066 739 1132 nomine
783 1071 1061 1133 ornatus
1103 1071 1224 1133 est.
1270 1071 1524 1134 Mortuo
1568 1073 1760 1156 patre
1807 1067 2188 1134 octodecim
2236 1089 2455 1134 annos
2500 1073 2700 1134 natus
2744 1067 2970 1158 coepit

297 1173 436 1263 ipse
499 1195 793 1259 regnare
839 1195 970 1262 per
1002 1196 1125 1262 se,
1164 1172 1617 1262 regnavitque
1676 1194 1895 1240 annos
1944 1174 2301 1260 sexaginta
2358 1195 2471 1241 sex
2528 1174 2616 1241 ad
2672 1179 2967 1241 aetatem

296 1279 642 1364 octoginta
681 1285 980 1368 quatuor
1027 1301 1371 1346 annorum
1415 1301 1652 1368 usque.
1688 1284 1871 1347 Bene
1924 1281 2140 1367 igitur
2183 1286 2468 1369 potuere
2517 1303 2594 1346 eo
2632 1285 2966 1367 regnante

296 1407 375 1452 ea
412 1387 648 1451 omnia
691 1384 871 1467 fieri,
909 1408 1086 1474 quae
1126 1385 1240 1452 hic
1286 1385 1370 1452 de
1416 1392 1631 1472 Moyse
1664 1393 2058 1453 narrantur.
2095 1386 2252 1453 Eius
2282 1395 2513 1454 autem
2542 1408 2729 1453 mors
2764 1388 2967 1474 Moysi

297 1491 630 1558 redeundi
672 1493 934 1559 occasio
973 1491 1134 1571 fuit,
1174 1492 1362 1582 quod
1407 1492 1546 1559 iam
1589 1514 1809 1583 poena
1852 1498 2164 1582 patratae
2212 1493 2442 1561 caedis
2479 1515 2617 1560 non
2671 1500 2842 1561 esset
2882 1493 2968 1559 ti-

295 1597 549 1664 menda
583 1621 598 1666 :
642 1596 1011 1665 accedebat
1041 1619 1200 1665 mox
1227 1597 1543 1665 divinum
1578 1597 2009 1666 mandatum.
2065 1627 2097 1661 «
2134 1601 2226 1665 Et
2270 1599 2790 1688 iri-qemiscentex
2828 1599 2970 1688 filie?

294 1704 511 1771 lsrael
547 1716 834 1794 propter
875 1726 1083 1795 opera
1126 1705 1486 1794 vociferati
1531 1718 1721 1790 sunt,
1786 1705 2231 1795 ascenditque
2280 1707 2539 1773 clamor
2586 1728 2822 1773 eorum
2876 1706 2971 1772 ad

297 1812 512 1877 Deum
536 1813 621 1876 ab
656 1809 971 1901 operibus
1004 1840 1066 1878 ι.
1103 1815 1577 1903 speraverant,
1606 1833 1730 1878 sua
1762 1833 1973 1878 onera
2000 1812 2451 1879 alleviatum
2430 1813 2569 1880 iri:
2610 1812 2726 1878 sed
2753 1834 2969 1878 novus

297 1940 412 1984 rex
435 1917 878 2007 Merenpthah
907 1917 1344 2005 gravioribus
1391 1919 1600 1984 etiam
1641 1917 1969 1985 oneribus
2011 1917 2169 1985 illos
2212 1896 2654 2008 opprimebat
2700 1918 2903 2006 (Tost.
2916 1919 2962 2008 ).

297 2030 476 2092 vj&
511 2052 540 2085 «
575 2025 664 2089 Et
698 2023 966 2090 azcdivzc
988 2028 1216 2091 »Deus
1250 2050 1282 2085 «
1305 2023 1641 2112 qemitum
1673 2047 1908 2091 eorum
1944 2047 2015 2107 »3
2051 2047 2234 2091 nunc
2262 2023 2565 2108 tandem,
2600 2023 2722 2090 ubi
2750 2025 2969 2092 tribu-

296 2129 464 2197 latio
485 2129 1007 2221 praedefinitam
1031 2154 1073 2198 a
1097 2152 1166 2196 se
1189 2151 1580 2197 mensuram
1610 2129 2038 2220 impleverat,
2072 2130 2521 2198 exauditionis
2540 2131 2741 2217 signa
2769 2129 2968 2197 edere

297 2237 555 2325 coepit3
595 2263 626 2296 «
661 2259 742 2302 ac
774 2235 1166 2303 recordatus
1205 2249 1303 2303 est
1332 2264 1364 2297 »
1398 2240 1580 2303 Deus
1607 2264 1639 2298 «
1669 2235 2003 2326 foederis,
2042 2236 2520 2328 quodpepiqit
2558 2259 2715 2303 cum
2754 2239 2969 2303 Abra-

295 2342 490 2426 lzam,
522 2346 716 2409 Isaac
742 2355 808 2409 ct
833 2342 1032 2409 Iacob
1063 2370 1093 2402 ι)
1118 2363 1133 2423 ;
1159 2367 1224 2410 v.
1257 2349 1342 2410 25
1379 2356 1501 2409 «et
1539 2343 2200 2433 respeoeit'Domimcs
2230 2372 2261 2403 n
2292 2382 2381 2394 —
2400 2343 2650 2433 reliqui
2673 2346 2857 2410 Deus
2881 2382 2969 2393 —

300 2476 331 2508 «
379 2448 566 2538 filios
607 2449 824 2516 Israel
868 2462 933 2516 et
983 2449 1304 2539 coqnovic
1368 2452 1529 2537 [eos]
1580 2478 1612 2513 »
1657 2454 1862 2517 Deus,
1905 2450 2076 2528 Quid
2113 2450 2481 2538 cognovit?
2510 2448 2582 2517 Id
2632 2471 2829 2530 sane,
2882 2449 2967 2516 de

298 2577 436 2644 quo
454 2556 527 2621 in
550 2555 1123 2645 praecedentibus
1152 2578 1375 2623 sermo
1406 2562 1572 2636 erat,
1610 2556 1938 2646 quodque
1967 2557 2123 2623 ideo
2155 2558 2372 2646 repeti
2397 2578 2542 2622 non
2577 2557 2960 2646 oportebat,

299 2661 739 2729 afflictionem
786 2663 1029 2752 populi
1075 2663 1203 2728 sui.
1250 2669 1548 2730 Moratur
1595 2665 2018 2753 quandoque
2066 2669 2269 2743 DeuS,
2304 2662 2530 2753 specie
2582 2668 2779 2729 tenus
2829 2684 2965 2731 non

299 2766 522 2848 audit,
562 2790 700 2834 non
749 2768 1170 2849 recordatur,
1214 2791 1353 2835 non
1393 2768 1703 2858 respicit;
1749 2767 1894 2848 sed,
1938 2768 2061 2834 ubi
2100 2768 2380 2835 tandem
2427 2768 2658 2835 valido
2701 2768 2968 2858 suppli-

299 2875 602 2941 cantium
626 2874 923 2941 clamore
941 2926 957 2956 ‚
983 2880 1059 2941 ut
1083 2873 1434 2964 respiciat,
1470 2874 1732 2942 moveri
1755 2897 1826 2941 se
1856 2875 2200 2964 permisit,
2227 2875 2412 2940 illico
2439 2876 2646 2941 etiam
2690 2896 2967 2940 causam

300 2981 674 3068 coquo-scit,
719 2982 1102 3062 examinat,
1140 2981 1422 3048 iudicat.
1459 2988 1671 3060 Quem
1703 3003 1868 3048 vero
1905 3004 1988 3048 ea
2028 2979 2375 3047 iudicialis
2419 2979 2727 3066 cognitio
2769 2979 2971 3046 effec-

299 3092 446 3153 tum
479 3086 749 3167 tulerit,
793 3093 936 3154 tota
973 3108 1265 3176 sequens
1307 3086 1552 3178 pandit
1594 3087 1813 3153 oratio
1853 3086 2189 3177 incipiens
2230 3109 2273 3154 a
2306 3086 2658 3153 vocatione
2702 3087 2961 3174 Moysis.

302 3197 415 3259 Est
437 3193 650 3279 igitur
672 3193 870 3261 verbi
897 3193 1082 3260 illius
1104 3208 1234 3262 Tm
1256 3193 1773 3283 pulcherrimus
1801 3215 2033 3260 sensus
2052 3245 2067 3276 ‚
2105 3215 2309 3283 quem
2339 3192 2668 3279 ignorant
2701 3192 2972 3281 penitus

300 3299 716 3366 recentiores
746 3305 1119 3367 centonum
1153 3307 1463 3367 suturam
1497 3299 1924 3366 subodorati.
1958 3304 2131 3366 Deus
2160 3299 2257 3365 ita
2283 3298 2530 3389 populi
2563 3297 2665 3365 sui
2696 3320 2971 3365 causam

301 3426 715 3492 cognoscens
758 3410 824 3472 et
866 3405 1178 3473 iudicans
1222 3405 1658 3496 coquas-citur
1707 3405 1917 3473 etiam
1960 3405 2106 3495 ipse
2145 3406 2401 3495 (LXX),
2452 3409 2594 3472 tam
2634 3427 2673 3470 a
2716 3404 2972 3495 populo

303 3533 424 3578 suo
464 3533 671 3601 quam
714 3512 803 3579 ab
842 3512 1196 3603 Aegyptiis
1230 3535 1245 3582 ε
1290 3519 1522 3579 tamen
1553 3512 1667 3578 hic
1701 3534 1843 3578 non
1871 3517 1972 3578 est
1999 3510 2442 3578 immediatus
2487 3511 2669 3577 vocis
2713 3532 2967 3577 sensus.

303 3617 594 3684 Adverte
625 3639 875 3685 nomen
907 3609 1108 3684 :umba
1142 3619 1509 3708 quinquies
1539 3618 1939 3709 repetitum,
1976 3623 2347 3707 antequam
2382 3617 2654 3684 narrari
2683 3617 2973 3706 incipiat

304 3725 602 3790 nominis
637 3725 1018 3792 secretioris
1055 3725 1407 3793 revelatio,

1036 3916 1112 3967 B.
1153 3914 1412 3979 Moysis
1451 3915 1719 3968 vocatio
1762 3916 1887 3966 Ex.
1931 3912 2262 3980 3,1-4,18.

391 4056 525 4119 Cur
552 4052 927 4143 pericopen
969 4075 1126 4120 cum
1180 4057 1370 4122 Sam.
1405 4074 1621 4143 usque
1662 4054 1751 4121 ad
1790 4076 1854 4120 v.
1912 4059 1994 4119 18
2037 4052 2406 4134 inclusive,
2446 4074 2585 4117 non
2625 4073 2785 4117 vero
2822 4072 2976 4116 cum

304 4162 556 4226 Mas-or.
591 4159 813 4226 solum
844 4182 1058 4250 usque
1095 4184 1159 4228 V.
1202 4168 1284 4228 17
1320 4160 1814 4249 producamuS,
1851 4159 2047 4226 initio
2084 4157 2435 4248 sequentis
2470 4156 2836 4247 pericopae
2863 4179 2978 4223 ex-

300 4265 741 4353 plicabimus,
792 4270 1071 4334 Nostrae
1130 4266 1494 4356 pericopae
1543 4267 1957 4333 Masorethae
2005 4265 2229 4332 nullas
2274 4263 2615 4331 adhibent
2663 4262 2976 4330 subdivi-

301 4371 554 4451 siones3
592 4376 769 4439 Sam.
808 4396 844 4439 e
878 4378 1118 4440 contra
1161 4374 1282 4440 has
1331 4395 1346 4440 :
1387 4378 1650 4455 3‚1-13.
1691 4378 1936 4441 14-182
1971 4371 2209 4461 (verba
2241 4397 2274 4431 «
2323 4377 2388 4437 et
2418 4370 2706 4436 audient
2743 4391 2976 4435 vocem

303 4483 491 4545 tuam
544 4506 575 4540 »
618 4479 959 4568 sapienter
1000 4478 1089 4546 ad
1135 4480 1372 4569 priora
1409 4479 1752 4567 trahens);
1799 4481 2174 4562 3‚18¹²-t»‚1;
2228 4482 2441 4558 the-5.
2489 4482 2678 4544 6-10.
2740 4482 2970 4543 11-18.

303 4590 510 4667 Sam.‚
548 4585 649 4651 uti
695 4585 770 4651 in
813 4586 1254 4675 sequentihus
1299 4585 1586 4676 passim,
1620 4608 1835 4653 novas
1877 4583 2355 4675 paragraphos
2394 4606 2434 4649 a
2480 4583 2677 4649 novis
2720 4581 2975 4648 divinis

305 4691 594 4780 eloquiis
610 4691 898 4773 orditur,
936 4715 1112 4781 quae
1144 4692 1489 4783 incipiunt
1518 4693 1860 4760 vocibus«
1892 4695 2183 4759 Locutus
2213 4694 2313 4757 est
2342 4690 2668 4755 Dominus
2690 4716 2749 4753 ».
2786 4693 2970 4766 Quae

305 4796 657 4865 dividendi
689 4798 865 4865 ratio
894 4800 1274 4885 generatim
1310 4804 1411 4865 est
1441 4805 1636 4887 apta,
1669 4799 1831 4887 quia
1867 4803 2041 4864 Deus
2068 4818 2211 4863 non
2243 4799 2526 4880 rogatus
2556 4816 2680 4861 sua
2705 4793 2976 4881 eloquia
