3534 5384
241 344 301 402 382
647 353 788 398 novenuu
809 353 968 398 stcaoaun
991 353 1174 398 marmorio.

241 493 326 559 solet
340 490 447 579 adeps·
459 488 593 570 arietis,
610 487 671 578 qui
691 487 964 576 immolaturpro
981 487 1154 577 pacificis,
1172 486 1335 553 cremabit
1349 509 1450 576 super
1467 486 1576 554 ultore

244 599 279 665 in
296 597 473 663 irrcertsum
493 593 635 661 Doutini
655 621 686 661 n.
705 594 772 660 Sed
786 593 890 661 Hebr.
909 614 921 658 .·
934 617 1037 684 super
1053 594 1299 660 combustiones
1318 593 1469 674 Domini,
1482 593 1575 683 quod

243 710 334 771 recte
350 705 440 768 LXX
455 699 576 770 ciali.
594 702 674 791 Syr.
692 701 962 789 interpretantur
976 699 1019 766 de
1034 699 1241 766 holocaustis
1257 699 1378 768 iamin
1393 700 1576 767 altaricol-

242 811 374 877 locatia
395 838 409 869 a
427 811 644 896 Roqobttque
656 829 723 896 pro
744 823 782 873 eo
806 836 821 868 »
842 805 999 872 sacerdos
1025 834 1040 868 «
1059 810 1116 894 [ei]
1135 830 1202 896 pro
1220 807 1461 897 proculcatus,
1476 817 1509 872 el
1523 805 1576 872 tii-

244 929 443 984 inilicitum
462 944 492 982 n.

537 1086 560 1146 β.
579 1083 631 1130 Lex
645 1083 676 1129 de
686 1083 806 1130 sacrificio
816 1097 861 1142 pro
873 1088 977 1140 peccato
986 1083 1107 1144 posterior
1123 1082 1181 1131 Les.
1200 1085 1286 1144 5‚1·13.

288 1267 372 1352 Arq.
394 1261 532 1328 -Tria
549 1260 753 1350 prodosisv.
775 1266 833 1329 tt
849 1266 1030 1327 enumerat
1049 1266 1204 1351 peecata,
1220 1283 1284 1351 pro
1303 1261 1429 1350 quibus
1448 1260 1578 1350 apode-

245 1372 289 1438 sis
304 1393 336 1436 v.
360 1376 379 1435 5
404 1391 478 1458 sqq.
502 1369 653 1457 primum
675 1366 797 1434 indicit
819 1367 1066 1455 rorisesst'onrm
1084 1367 1252 1434 sacerdoti
1270 1366 1480 1445 faciendam,
1499 1366 1578 1433 dein

247 1499 327 1545 vero
341 1474 571 1566 expiationem
586 1473 743 1541 infimam
762 1496 779 1539 o
795 1496 870 1563 cap.
890 1481 909 1542 t
925 1472 1115 1563 descriptis,
1133 1495 1277 1564 eamque
1293 1495 1355 1564 pro
1371 1473 1580 1564 pauperibus

250 1582 489 1669 mitigandam.

285 1730 386 1792 Agitur
404 1728 439 1780 de
457 1728 573 1792 percotis
593 1726 692 1776 eodem
713 1737 799 1776 sensu
818 1727 903 1788 atquo
922 1738 984 1789 cap.
1000 1725 1013 1774 i
1034 1726 1192 1776 intellectis.
1208 1726 1280 1776 Nam
1295 1733 1388 1780 antiit
1408 1733 1436 1780 Ὁ
1456 1731 1519 1784 ua:
1536 1726 1577 1784 5,l

249 1819 365 1869 resumit
379 1817 498 1867 eandem
514 1814 559 1873 43
576 1816 800 1877 expressionem
816 1813 861 1873 b‚6
876 1814 990 1864 easdem
1005 1816 1131 1864 victimas
1148 1819 1233 1877 atque
1249 1813 1321 1874 tna.
1340 1814 1372 1864 at
1389 1814 1486 1874 bahet;
1503 1815 1581 1864 utro-

251 1909 334 1971 bique
349 1908 442 1969 agitur
456 1904 491 1954 de
505 1903 696 1954 oblationibus
710 1915 762 1966 pro
775 1907 900 1966 peccato.
919 1903 1061 1953 Obiieiunt
1075 1903 1280 1953 substantivum
1295 1909 1370 1958 niun
1386 1903 1430 1963 5,i
1443 1915 1498 1966 sq.;
1515 1905 1581 1954 item

250 1998 396 2060 peccatum
411 1994 456 2054 5,2
471 1993 642 2056 descriptum
656 2004 714 2042 non
727 2003 791 2042 esse
806 1991 840 2042 de
855 2004 973 2042 numero
988 2003 1098 2053 eorum,
1113 2003 1186 2054 quae
1200 2003 1235 2042 ex
1249 1992 1408 2054 ignorantia
1425 1989 1488 2058 (⁴2²)
1504 2004 1581 2043 com-

250 2085 395 2135 mittantur
410 2097 417 2130 :
432 2083 470 2132 de
481 2082 584 2144 quibua
602 2080 807 2130 obiectionibus
824 2079 950 2130 dicemus
972 2079 1053 2130 inira.
1069 2079 1137 2143 Cap.
1156 2079 1168 2129 i
1189 2080 1291 2143 agebat
1311 2080 1345 2130 ilo
1367 2078 1510 2130 sacrificiis
1531 2093 1582 2143 pro

250 2177 364 2238 peceato
379 2172 497 2221 diversis
511 2182 563 2232 pre
578 2169 740 2219 diversitate
752 2181 936 2232 personarum
951 2168 1172 2220 offendentium:
1188 2169 1279 2228 5,i-13
1295 2169 1354 2232 agit
1365 2169 1399 2218 ‹le
1414 2169 1501 2218 tritus
1516 2182 1583 2233 pee-

250 2263 334 2320 catis,
350 2260 386 2311 ad
405 2271 525 2322 quorum
543 2257 740 2308 remissionem
757 2254 895 2323 (legalem)
914 2257 1096 2308 obtinendam
1114 2259 1247 2308 statuitur
1265 2257 1389 2309 conditio
1403 2270 1536 2319 onerosa,
1553 2261 1583 2307 at

249 2350 334 2400 simul
348 2347 520 2412 pauperibus
533 2346 663 2408 specialis
681 2345 857 2408 indulgentia
871 2345 1043 2396 conceditur.
1061 2345 1139 2404 Quae
1154 2346 1210 2396 <luo
1222 2345 1301 2396 nullo
1318 2347 1379 2396 iure
1392 2349 1458 2410 quis
1469 2346 1505 2396 ari
1519 2349 1584 2398 nni-

249 2449 333 2486 versa
347 2449 408 2498 cap.
425 2434 439 2484 t
456 2437 572 2499 peccata
589 2429 756 2484 extenderit.
774 2433 904 2483 conditio
924 2446 991 2483 vero
1011 2433 1060 2484 illa
1079 2447 1199 2485 onerosa
1213 2439 1260 2484 ,est
1278 2434 1422 2498 consessio,
1437 2448 1520 2498 quam
1538 2437 1585 2493 5‚5

250 2537 348 2576 omnes
360 2526 472 2588 practer
484 2523 567 2586 Vulg.
586 2524 677 2572 textus
691 2522 860 2584 exprimunt.
879 2521 936 2572 Cur
950 2525 1043 2571 aulem
1056 2522 1149 2585 quoad
1166 2523 1236 2573 haec
1252 2525 1305 2572 tria
1320 2537 1387 2586 prae
1403 2525 1503 2574 ceteris
1517 2537 1583 2587 pec-

251 2615 314 2664 cata
332 2613 397 2662 talis
416 2610 539 2661 conditio
558 2618 586 2664 et
606 2609 781 2674 indulgentia
800 2613 949 2670 statuatur,
971 2611 1042 2660 nibil
1066 2612 1136 2660 certi
1158 2611 1250 2662 dicere
1274 2624 1434 2676 possumus.
1455 2611 1585 2662 Fortasse

251 2704 322 2754 baec
339 2703 384 2751 lex
404 2699 499 2761 Moyse
521 2704 581 2750 erat
600 2701 751 2762 antiquior,
767 2711 850 2762 quam
870 2701 930 2763 ipse
949 2700 1135 2750 revocandam
1154 2713 1211 2749 non
1231 2702 1355 2761 censuit;
1369 2707 1418 2752 aut
1437 2701 1584 2752 hominum

251 2792 448 2856 pauperiorum
467 2793 527 2839 tum
546 2789 632 2838 animi
651 2790 680 2837 in
697 2800 731 2838 ea
750 2791 865 2852 peccata
883 2791 965 2838 erant
983 2790 1129 2851 proniora,
1146 2789 1220 2838 unde
1234 2790 1318 2840 simul
1334 2794 1362 2839 et
1376 2791 1500 2840 severior
1514 2803 1584 2840 cen-

252 2879 374 2930 fessione
389 2877 554 2940 exigebatur
568 2878 751 2940 poenitentia,
768 2879 795 2926 et
809 2877 909 2927 exilior
923 2877 1118 2941 requirebatur
1131 2877 1252 2926 victima.

289 2967 419 3019 Ceterum
435 2966 529 3026 5‚t·13
542 2965 616 3016 idem
630 2966 758 3024 adverte,
772 2965 848 3028 quod
861 2965 912 3014 Ex.
931 2965 961 3016 tt
975 2965 1167 3015 monebamus.
1182 2965 1282 3016 Textul
1295 2967 1415 3016 decursu
1428 2972 1585 3030 temporum

253 3057 361 3107 adiecta
384 3069 446 3105 esse
469 3054 598 3105 videntur
621 3055 783 3113 casuistica,
797 3058 828 3104 ut
848 3056 887 3103 ita
909 3055 1013 3114 dicam,
1035 3053 1234 3104 additamenta.
1250 3067 1277 3103 v.
1303 3055 1312 3103 l
1338 3058 1425 3109 testes
1448 3056 1583 3119 respicit:

253 3145 312 3204 sed,
326 3147 356 3194 ul
371 3157 454 3193 omne
468 3144 664 3208 praecludatur
678 3142 826 3205 effugium,
844 3146 930 3193 testes
943 3144 1104 3194 statuuntur
1119 3143 1238 3206 intelligi
1254 3157 1311 3194 non
1326 3145 1480 3194 immediati
1493 3143 1586 3194 solum

254 3234 406 3283 sedetiam
427 3233 550 3282 mediati.
563 3245 591 3280 v.
614 3231 690 3294 isq.
705 3231 852 3293 proscribit
872 3232 1138 3282 contaminationem
1159 3244 1209 3296 per
1230 3236 1390 3284 contactum
1415 3245 1508 3282 rerum
1532 3233 1587 3282 im-

255 3321 421 3372 mundarum
438 3334 445 3369 z
461 3333 572 3383 verum,
586 3332 642 3382 que
656 3320 746 3369 laxior
765 3321 856 3369 oannis
874 3320 1039 3370 excludatur
1058 3322 1267 3383 interpretatio,
1284 3333 1431 3372 monemur
1449 3323 1586 3371 contami-

255 3410 400 3460 nationem
420 3408 515 3458 induci
533 3420 616 3471 posse
636 3410 767 3457 contactu
788 3408 933 3458 cadaveris
953 3414 1010 3459 tam
1030 3407 1106 3458 ierne
1124 3423 1209 3472 quam
1229 3411 1338 3472 peeoris
1356 3413 1404 3459 aut
1423 3411 1545 3472 reptilis,
1559 3412 1588 3460 et

255 3498 378 3548 cuiusuis
401 3497 595 3546 immunditiae
620 3497 755 3556 bominis,
776 3511 849 3560 quae
870 3510 925 3546 vox
951 3510 1007 3547 non
1031 3499 1122 3548 solum
1146 3497 1266 3548 cadaver
1289 3499 1425 3559 hominis,
1447 3498 1496 3548 sed
1520 3501 1587 3548 item

255 3585 361 3638 fluxum
380 3587 527 3648 sanguinis
540 3589 569 3635 et
582 3585 685 3635 similia
699 3586 903 3647 complectitur.
918 3585 997 3636 Idem
1016 3588 1045 3636 in
1061 3599 1089 3634 v.
1107 3586 1122 3636 l
1138 3588 1268 3648 apparot,
1286 3588 1421 3650 quivena
1438 3586 1588 3651 proscribit

255 3677 432 3726 iuramenta:
451 3673 497 3724 ubi
511 3685 667 3735 monemur,
682 3673 817 3736 proscribi
836 3675 922 3724 etiam
941 3675 1099 3724 iuramenta
1117 3687 1191 3725 vana
1209 3675 1243 3725 de
1263 3687 1294 3726 re
1315 3676 1384 3726 bono
1403 3675 1544 3737 iacienda,
1560 3683 1589 3726 et

255 3765 412 3828 generatim
431 3763 461 3811 de
484 3761 619 3822 erunibus,
637 3764 668 3810 iu
687 3762 784 3824 qitibus
804 3776 872 3812 conc
893 3761 966 3826 toqui
985 3770 1070 3828 potest
1091 3765 1166 3814 homo
1186 3777 1243 3813 oum
1262 3765 1423 3814 iuratnento.
1440 3763 1488 3815 Sic
1506 3777 1589 3815 omne

256 3854 371 3904 tandem
385 3851 520 3914 elluglum
534 3851 733 3914 praecluditur.
780 3857 787 3868 ·

305 4002 391 4088 Cep.
415 4002 442 4065 i'
453 4022 487 4066 v.
507 4005 523 4066 1
544 4027 560 4060 u
576 4000 617 4066 Si
623 3998 819 4087 procreverit
830 3999 950 4064 uiritim
968 4027 983 4060 n
996 4051 1003 4079 ,
1016 4039 1060 4048 -
1075 4007 1108 4066 et
1121 4000 1359 4089 sequentibuS,
1377 4002 1420 4068 dc
1435 4023 1504 4090 quo
1519 4002 1590 4068 iam

259 4114 399 4194 peceato
418 4112 556 4191 agatur,
579 4106 759 4194 exponitur
777 4143 822 4154 -
850 4135 865 4166 α
894 4117 926 4172 et
952 4105 1101 4172 auttt'rru
1125 4129 1236 4173 eorem
1263 4106 1410 4174 timoniis
1431 4108 1591 4197 testisque

256 4211 368 4300 scierit
376 4265 386 4297 ,
406 4211 501 4300 qtted
514 4223 577 4278 uiri
592 4212 664 4299 iper
678 4211 762 4277 uidit
776 4224 837 4277 ortt
848 4212 1004 4278 conscius
1019 4225 1067 4279 est
1088 4242 1125 4293 »,
1143 4253 1186 4262 -
1201 4225 1262 4279 uui
1277 4213 1345 4280 alia
1364 4215 1420 4280 via
1439 4213 1562 4281 didicit
1578 4235 1591 4279 .·

260 4319 283 4385 i.
305 4340 335 4384 e.
353 4317 381 4382 si
396 4317 488 4385 testis
501 4317 687 4384 fueritsive
704 4318 927 4385 immediatus
949 4322 1019 4386 sive
1035 4319 1203 4386 mediatus
1222 4359 1266 4368 —
1287 4347 1303 4380 u
1330 4321 1399 4386 nisi
1419 4321 1592 4388 indicare-

261 4425 325 4506 rt‘t‚
339 4424 493 4513 portabit
515 4423 735 4513 iiiiqiu'tutrm
757 4447 853 4490 strum
875 4455 905 4492 a.
930 4425 1068 4492 Collatia
1088 4427 1310 4516 sequentibus
1329 4427 1483 4493 versibus
1497 4433 1593 4516 patet

262 4533 353 4598 idem
369 4553 439 4597 esse
462 4531 497 4598 h.
524 4531 549 4596 l.
575 4531 793 4622 iniquitatem
809 4544 965 4621 portare,
988 4539 1091 4623 atque
1117 4545 1250 4600 truttam
1271 4533 1482 4619 contrudere,
1500 4549 1589 4598 otta.

262 4638 436 4727 elpodosin
450 4640 543 4705 LXX
559 4637 656 4728 Γαίῃ.
675 4639 774 4704 anisi
789 4639 982 4724 ordiuntur,
1000 4639 1058 4706 alii
1074 4661 1289 4706 communem
1305 4663 1369 4730 pro
1384 4663 1415 4706 v,
1436 4646 1492 4706 tt
1507 4662 1592 4730 apo·

263 4747 358 4812 dosin
378 4769 396 4812 c
418 4767 449 4812 v.
485 4753 503 4811 5
531 4751 691 4835 repetunt
711 4745 815 4834 (Cui.)
830 4800 837 4827 ,
855 4747 949 4835 quod
972 4746 1097 4813 intuitu
1125 4747 1343 4836 sequentium
1368 4769 1527 4814 versuum
1542 4753 1593 4812 est
