3534 5384
695 406 745 451 nx.
769 388 862 460 3t‚l5
886 406 949 458 soo.
1430 393 1489 453 309

158 541 221 631 qui
239 540 364 628 feeerit
382 542 420 607 in
437 563 475 606 eo
492 561 593 630 optes,
611 539 737 628 peribit
751 538 870 606 animo
886 537 979 605 illios
993 538 1160 607 demedio
1177 542 1299 631 populi
1314 541 1370 607 sui
1386 570 1415 611 n.
1433 546 1489 607 ln-

156 649 288 717 culcata
314 646 542 731 obligatione,
562 646 636 736 ipsa
662 646 715 712 lex
735 666 871 713 rursum
891 646 1088 714 enuntiatur
1104 669 1136 713 v.
1159 654 1225 715 15:
1250 674 1266 710 n
1285 648 1354 715 Seu
1373 648 1489 715 diebus

153 753 294 844 societis
312 776 395 843 opas
412 776 425 819 .·
449 753 487 819 in
507 752 563 818 die
580 752 723 843 septimo
742 751 921 819 sabbatum
933 765 1006 834 est,
1027 753 1162 841 requies
1177 766 1297 821 sancto
1309 754 1455 822 Domino
1477 777 1489 821 .·

156 860 284 944 omnis,
306 860 367 951 qui
384 858 509 949 feeerit
529 882 613 950 opus
639 858 677 925 in
697 860 763 926 liae
781 858 852 940 die,
874 860 1039 927 morietur
1065 888 1096 929 ».
1119 883 1151 927 v.
1182 866 1223 927 16
1245 888 1261 921 «
1286 860 1489 929 Custodiam
1597 926 1600 933 .

155 966 225 1056 filii
241 966 350 1034 Israel
362 965 558 1050 sabbatum,
572 978 604 1033 et
619 966 787 1033 celebrent
797 965 890 1032 iliud
903 965 939 1033 in
950 965 1226 1056 persecutionibus
1240 968 1310 1035 suis
1326 990 1338 1033 .·
1346 980 1489 1057 pactum

156 1086 206 1141 est
221 1074 465 1164 senmitemum
485 1100 501 1132 »
520 1096 553 1139 v.
577 1081 619 1140 17
632 1101 647 1133 n
666 1072 823 1139 interme
842 1084 875 1141 et
885 1072 979 1163 filios
997 1073 1121 1155 Israel,
1144 1074 1352 1165 sipnnmque
1368 1096 1490 1165 perpe·
1578 1076 1580 1081 '

157 1192 255 1247 tutem
269 1207 285 1243 n
303 1201 310 1249 :
328 1220 372 1229 -
387 1202 427 1247 ac
440 1178 781 1269 subiungiturprima
794 1179 930 1247 sabbati
944 1180 1147 1247 instituendi
1162 1181 1247 1249 ratio
1265 1201 1272 1249 :
1293 1208 1309 1242 «
1322 1202 1382 1247 sesa
1397 1180 1488 1247 enim

157 1286 275 1354 diebos
286 1286 371 1376 [ecit
393 1285 560 1353 Dominus
578 1285 710 1353 coetum
729 1298 761 1353 et
781 1298 907 1374 terram
917 1336 928 1369 ,
950 1300 985 1353 et
1003 1286 1041 1353 in
1059 1286 1202 1377 septimo
1220 1286 1275 1354 die
1297 1286 1351 1374 [ab
1376 1290 1490 1383 opere]

157 1392 297 1460 cessauit
316 1420 333 1455 »
356 1405 388 1460 et
405 1392 596 1483 respiravit.
613 1391 826 1460 solemniora
844 1394 930 1460 hacc
947 1400 1038 1477 sunt,
1062 1415 1166 1483 quam
1181 1399 1219 1462 ut
1238 1394 1327 1461 solos
1341 1393 1490 1461 artifices

158 1501 344 1586 attingant.

199 1628 232 1673 v.
251 1612 321 1673 18«
338 1605 509 1696 Deditqne
518 1604 684 1673 Dominus
697 1604 826 1695 Moysi,
842 1605 1019 1695 completis
1031 1604 1267 1673 lerciuscemodi
1281 1606 1490 1673 sermonibus

156 1714 195 1779 in
218 1724 332 1779 monte
360 1712 477 1797 Sinni,
508 1712 594 1779 dnos
622 1710 758 1778 tubulos
786 1711 979 1779 testimonii
1002 1710 1174 1802 lapideos,
1204 1712 1349 1801 scriptos
1378 1712 1487 1801 diqito

154 1819 218 1885 Dei
233 1846 263 1886 ».
285 1846 301 1881 a
317 1822 401 1887 Cum
413 1823 484 1886 tam
503 1817 614 1885 multa
631 1818 765 1886 locutus
774 1819 817 1885 sit
828 1824 933 1899 Beue,
952 1817 1042 1887 duae
1058 1823 1191 1886 tantum
1208 1818 1346 1885 tabulae
1361 1817 1489 1885 dantur

154 1924 256 2013 Moysi
270 1925 427 2016 lapideae
451 1948 459 1993 ε
481 1923 646 1993 nimirum
670 1924 789 1991 omnia
809 1931 938 2005 cetera,
957 1947 1045 2014 quae
1064 1924 1234 2015 praecipit
1247 1928 1349 2007 Deus,
1367 1946 1406 1991 ex
1420 1923 1488 1989 illis

154 2030 271 2098 decem
284 2030 487 2122 praeceptis,
503 2053 591 2121 quae
608 2030 745 2099 duabus
755 2030 884 2098 tabulis
900 2032 1092 2121 conscripta
1107 2034 1198 2113 sunt,
1215 2029 1366 2122 pendere
1384 2030 1487 2097 intel-

153 2137 328 2223 liguntur;
346 2136 521 2227 quomodo
539 2137 625 2205 haec
637 2137 713 2227 ipsa
725 2159 844 2205 rursus
857 2137 978 2207 decem
996 2143 1181 2228 praecepta
1200 2158 1239 2205 ex
1254 2136 1388 2204 duobus
1402 2136 1483 2214 illis,

152 2242 340 2311 dilectione
354 2266 400 2313 sc.
422 2244 481 2311 Dei
497 2249 531 2311 et
544 2241 692 2335 proximi
702 2243 763 2325 ,in
779 2244 905 2333 quibus
925 2249 999 2311 tota
1012 2245 1066 2313 lex
1080 2244 1208 2334 pendet
1221 2248 1255 2311 et
1266 2244 1453 2333 prophetae
1469 2270 1484 2305 »

157 2349 290 2440 (Auo-l·
709 2453 712 2466 Ι

358 2496 396 2546 Β.
418 2494 537 2558 Populi
556 2495 756 2559 superstitio
775 2497 809 2547 et
829 2496 1060 2549 reconclllatto
1080 2496 1142 2549 Ex.
1164 2496 1280 2548 32-34.

262 2622 291 2683 1.
309 2614 411 2683 laice
427 2616 611 2683 simulacro
632 2615 735 2682 vituli
750 2616 850 2684 aurei
868 2629 1139 2708 repraesentatus
1153 2623 1211 2685 Ex.
1234 2622 1363 2701 sn,1-8.

193 2779 276 2866 Arq.
293 2814 339 2828 -
349 2776 501 2867 Populus
515 2776 698 2844 diuturnae
718 2798 837 2844 morae
848 2782 1022 2867 pertaesus
1037 2782 1070 2845 11
1085 2780 1122 2843 in
1135 2775 1340 2845 seditionem
1355 2776 1480 2865 abrep-

150 2889 220 2965 tus,
244 2882 289 2949 ab
310 2888 445 2949 narone
467 2881 601 2950 divinas
627 2882 694 2949 sibi
716 2882 889 2970 imagines
913 2882 1065 2969 confingi
1087 2884 1255 2973 postulat,
1289 2883 1325 2949 in
1356 2881 1482 2972 quibus

150 3008 245 3054 suam
270 2994 415 3077 reponat
434 2988 609 3057 fiduciam.
628 2994 740 3056 Aaron
765 2989 894 3056 contlat
909 3010 1016 3056 unum
1031 2987 1179 3056 vitulum
1197 3010 1361 3071 aureum,
1377 2988 1482 3055 simu-

148 3094 281 3160 lacrum
303 3094 423 3176 lahve,
446 3101 479 3161 et
493 3094 615 3162 indicit
635 3095 887 3163 solemnitatem
910 3095 1029 3180 lehre,
1046 3118 1135 3187 quae
1154 3096 1312 3186 sequenti
1331 3093 1386 3161 die
1401 3115 1480 3162 cum

148 3220 283 3266 summo
298 3199 450 3289 tripudio
472 3200 643 3269 celebrata
662 3207 723 3268 est.
749 3202 890 3269 Interim
909 3202 1012 3269 lahve
1030 3207 1163 3289 lloysen
1178 3200 1222 3269 ad
1240 3200 1407 3291 populum
1426 3222 1482 3267 re·

148 3307 285 3373 mittens
302 3328 342 3373 eo
355 3306 430 3396 ipso
449 3306 604 3374 animum
619 3307 735 3395 prodit
750 3307 795 3374 ad
813 3307 1064 3395 ignoscendum
1078 3329 1239 3399 pronum.

196 3415 279 3503 Gap.
299 3414 437 3481 XXXII.
460 3413 652 3481 Conferenti
672 3420 774 3495 nala
788 3419 822 3482 et
842 3419 938 3482 Dent.
957 3420 1034 3497 9,11
1051 3419 1161 3505 patet,
1177 3414 1318 3505 expletis
1332 3416 1480 3505 quadra-

147 3519 245 3606 ginta
269 3518 390 3586 diebus
412 3518 537 3587 lahven
558 3520 726 3587 dimisisse
749 3526 886 3608 Moysen
909 3520 951 3588 de
966 3526 1084 3588 monte
1096 3520 1218 3589 festine
1233 3522 1276 3589 ob
1291 3521 1413 3613 populi
1427 3545 1479 3589 su-

147 3624 406 3714 perstitionem:
429 3646 514 3713 ergo
534 3647 607 3692 non
625 3625 686 3693 diu
710 3632 787 3694 ante
810 3626 963 3717 expletos
988 3627 1220 3718 quadraginta
1241 3628 1313 3695 dies
1329 3628 1479 3718 populus

147 3730 281 3799 defecit.
312 3731 486 3799 Eiusmodi
513 3731 746 3800 defectionum
769 3733 880 3801 solent
908 3756 981 3801 esse
1005 3734 1119 3823 capita
1144 3734 1315 3824 quaedam
1337 3755 1345 3802 :
1367 3736 1479 3824 capita

146 3837 347 3905 coniicimus
362 3838 466 3906 luisse
479 3839 613 3927 antiqui
628 3838 757 3906 ordinis
775 3840 967 3906 sacerdotes
983 3840 1170 3908 secundum
1185 3862 1243 3924 ea,
1262 3862 1351 3932 quae
1374 3842 1409 3907 in
1423 3846 1480 3907 ln-

145 3942 233 4011 trod.
259 3945 546 4034 proponebamns.
568 3944 748 4013 tlovebant
769 3945 848 4013 illos
865 3946 1074 4014 inveteratae
1093 3946 1130 4014 in
1154 3950 1286 4035 tloysen
1311 3945 1474 4014 invidiae.

144 4049 274 4117 Acerbe
299 4072 333 4119 se
358 4050 510 4119 tulerant
536 4056 635 4131 1931
659 4053 695 4117 in
717 4051 885 4119 laicorum
905 4054 1060 4120 ordinem
1076 4053 1263 4139 relegatos,
1281 4060 1382 4127 20,18
1402 4074 1476 4143 sqq.

145 4157 337 4242 ignoratos,
356 4162 496 4242 2t‚6.10
514 4180 534 4225 1
554 4157 723 4225 sacrificio
743 4158 919 4226 offerendo
938 4158 1124 4249 divinoque
1154 4166 1290 4250 aspectu
1315 4157 1477 4228 exclusos,

145 4267 212 4329 Cur
221 4285 302 4331 vero
316 4264 420 4331 misso
434 4267 567 4331 sarone
584 4286 656 4332 non
668 4263 735 4356 ipsi
749 4266 942 4333 contlarunt
954 4266 1019 4333 ista
1033 4266 1236 4335 simulacra?
1251 4270 1355 4333 Erant
1366 4272 1480 4356 partes

144 4369 251 4451 duae,
265 4370 456 4437 sacerdotes
472 4369 583 4438 tribus
595 4376 742 4439 Manasse
760 4376 794 4439 et
807 4372 930 4440 levitae
950 4371 1160 4441 contribules
1179 4374 1320 4441 Aaronis
1340 4380 1375 4439 et
1388 4378 1479 4461 Moy-

144 4477 209 4557 sis,
229 4476 395 4543 factiones
420 4475 509 4544 duae
524 4476 656 4545 viribus
673 4479 814 4546 fortasse
832 4479 925 4545 inter
939 4502 976 4546 se
993 4500 1063 4547 non
1083 4477 1132 4547 ita
1148 4480 1312 4570 impares,
1331 4480 1480 4569 plurima

143 4581 266 4672 populi
287 4581 507 4650 multitudine
531 4584 661 4651 incerta
679 4583 770 4652 inter
791 4584 867 4651 illas
885 4585 1084 4654 fluctuante.
1101 4586 1268 4653 Nolehant
1287 4587 1391 4653 armis
1406 4606 1477 4651 rem

144 4686 306 4755 dirimere
320 4688 529 4773 sacerdotes,
546 4712 589 4757 ne
605 4692 694 4757 forte
707 4714 728 4758 1
741 4691 886 4780 plebeiis
904 4692 1017 4759 levitis
1036 4692 1162 4759 iunctis
1180 4692 1476 4782 opprimerentur;

145 4794 358 4862 clamoribus
372 4795 487 4885 potius
501 4818 541 4863 ac
555 4796 658 4863 minis
672 4796 865 4865 desiderata
878 4798 1069 4888 exprimere
1081 4797 1277 4866 studebant.
1291 4822 1323 4867 v.
1343 4806 1359 4865 1
1380 4824 1396 4858 «
1422 4795 1479 4863 Vi·

1725 4740 1729 4747 ι

1690 4738 1762 4881 Ι
