3534 5384
266 361 326 419 tlt
751 377 789 418 ux
810 376 944 420 nuerrro
967 375 999 418 ru
1021 375 1111 418 srnm.

265 514 420 576 preparetis
435 527 501 577 opas
521 520 595 561 taum
615 513 645 561 de
671 527 750 576 apro,
776 527 833 563 non
853 513 974 562 cerealia
997 513 1105 573 solum,
1127 523 1199 576 quae
1224 511 1334 562 inerant
1351 514 1427 571 sata,
1446 509 1596 562 sedetiam

267 602 397 652 arborum
411 601 526 652 tructus,

302 691 367 741 Tria
380 692 450 742 haec
461 690 534 740 festa
548 693 671 740 niaxima
684 689 807 740 breviter
819 691 847 739 b.
864 689 883 739 l.
901 692 929 740 et
942 695 1085 753 tamquam
1100 702 1145 740 res
1162 691 1230 738 note
1244 690 1434 739 recensentur.
1454 688 1596 739 Solemni-

266 782 309 829 tas
323 791 483 842 azymorum
497 792 558 843 cap.
579 779 610 828 12
628 779 755 842 pluribus
771 791 870 842 reapse
886 779 1087 842 explicabatur.
1105 778 1184 828 Aliae
1199 777 1272 828 cirtae
1285 779 1479 828 solemnitates
1497 777 1595 842 appel-

269 870 363 919 lantur
377 869 405 918 b.
430 869 449 918 i.
471 881 528 918 non
550 869 600 927 iis,
625 868 727 932 quibus
750 880 832 918 secus
850 867 1044 931 designantur,
1068 867 1228 918 nominibus
1248 869 1336 917 sacris
1359 866 1463 931 (nm
1481 873 1532 928 nrt,
1558 873 1595 923 ,tn

265 953 389 1024 nuperi),
405 957 455 1006 sed
468 957 644 1016 nominibus,
662 955 703 1007 uli
728 957 846 1018 videtur,
863 955 1071 1020 antiquioribus
1086 953 1188 1039 t'tlltpt't
1204 962 1252 1015 itt,
1277 963 1377 1038 *lividi
1395 957 1453 1022 itt).
1470 953 1541 1005 Grau
1553 958 1596 1007 tot

266 1047 339 1096 aliae
347 1051 446 1108 gentes
457 1046 613 1108 antiquitus
623 1047 771 1095 occasione
784 1047 883 1096 messis
896 1045 969 1095 festa
978 1049 1145 1110 peragerent
1155 1049 1184 1094 et
1194 1046 1281 1094 sacris
1293 1044 1393 1094 ritibus
1401 1043 1594 1106 iungerentur,

265 1138 324 1185 veri
339 1135 511 1184 simillimum
526 1139 569 1184 est
584 1133 729 1184 Hebraeos
751 1147 864 1197 quoque
878 1137 945 1184 anto
962 1134 1079 1197 Moysen
1093 1133 1230 1184 eiusmodi
1244 1133 1316 1184 lesta
1328 1133 1507 1192 observasse3
1524 1147 1595 1196 quo-

263 1237 324 1272 rum
338 1225 460 1286 vestigia
474 1222 560 1273 habes
574 1223 646 1273 Gen.
664 1221 755 1282 auli,
773 1223 801 1271 et
818 1223 904 1272 ctiam
919 1222 998 1281 38,st
1015 1237 1076 1288 sqq.
1094 1221 1202 1273 Licebit
1221 1235 1292 1284 ergo
1312 1221 1471 1282 adstruere,
1488 1222 1551 1272 ideo
1565 1223 1593 1271 h.

265 1312 282 1360 l.
300 1313 348 1362 illa
360 1312 416 1362 duo
436 1312 508 1361 lesta
526 1311 617 1362 obiter
631 1314 755 1372 tanturn,
771 1313 945 1374 temporibus
965 1312 1120 1376 ritibusque
1140 1313 1299 1374 suppressis
1319 1311 1434 1374 attingi,
1450 1312 1516 1376 quia
1541 1311 1595 1360 iarn

264 1401 338 1464 apud
353 1401 498 1451 liebracos
509 1400 741 1459 observabantur,
759 1413 883 1462 suosque
898 1383 1039 1451 habebant
1052 1402 1122 1450 ritus
1137 1402 1165 1449 et
1179 1405 1315 1462 tempora.

450 1624 474 1662 c.
491 1613 611 1664 Novella
624 1612 660 1664 de
675 1612 814 1664 termento
829 1613 974 1663 sacrificiis
993 1626 1049 1663 non
1063 1611 1221 1664 adhibendo
1237 1611 1287 1662 Ex.
1303 1612 1407 1673 13,18·.

307 1781 390 1866 Arq.
409 1817 453 1826 —
472 1782 559 1844 llaec
580 1785 614 1844 et
638 1799 782 1866 sequens
803 1778 857 1844 lex
876 1777 962 1844 duos
981 1777 1019 1844 in
1042 1777 1217 1845 sacrifieiis
1243 1777 1425 1844 offerendis
1445 1777 1596 1845 delectus

264 1884 498 1973 proscribunt,
526 1884 651 1973 quibus
675 1885 835 1951 victimae
860 1883 1096 1951 reddebantur
1119 1883 1320 1950 immundae
1347 1889 1481 1972 lleoque
1505 1883 1595 1950 indi-

263 2013 364 2079 gnae.
384 1991 511 2058 suffixa
529 1989 682 2081 produnt
703 1991 764 2056 hos
782 2013 898 2057 versus
913 2012 981 2057 non
997 2013 1066 2059 esse
1085 1989 1191 2057 exodo
1210 1990 1432 2080 antiquiores.

307 2121 339 2164 v.
360 2103 399 2164 18
419 2126 434 2158 «
457 2100 535 2164 Νοιι
551 2096 744 2163 immolabis
759 2118 862 2185 super
874 2098 1047 2186 serviente
1057 2096 1436 2187 sanquinemvictimue
1450 2119 1544 2166 aneae
1562 2126 1592 2164 ».

263 2207 355 2271 LXX
367 2203 466 2270 initio
482 2225 598 2270 versus
613 2204 728 2291 aliqua
742 2205 902 2294 supplent
918 2225 935 2270 e
951 2209 1064 2283 tani.
1088 2192 1125 2272 ht
1140 2203 1231 2270 idern
1247 2202 1457 2293 quandoque
1472 2227 1595 2272 sonare

265 2315 367 2400 atque
386 2333 478 2392 crint,
498 2309 589 2376 disce
611 2333 629 2374 e
653 2315 729 2392 12,8
749 2332 822 2398 sq.,
846 2317 911 2376 etc.
933 2312 1040 2377 Porro
1056 2309 1144 2378 illud
1167 2334 1244 2376 citra
1258 2309 1428 2398 scrutante
1449 2312 1597 2401 explicat

268 2420 320 2483 Ps.
337 2419 410 2482 lon.
431 2437 444 2479 .·
461 2443 477 2476 «
494 2416 576 2482 dum
595 2421 750 2504 superest
764 2416 971 2483 fermentum
987 2417 1024 2482 in
1039 2416 1143 2483 domo
1166 2443 1182 2478 »
1201 2416 1258 2504 (cf.
1278 2417 1387 2506 iai),
1408 2423 1442 2485 et
1457 2417 1597 2507 exponit

264 2523 307 2588 de
322 2521 534 2588 immolando
549 2542 639 2608 agno
651 2521 817 2611 paschali.
837 2523 990 2588 Gratuita
1006 2522 1183 2603 restrictio
1206 2545 1285 2590 cum
1300 2529 1377 2591 Lev.
1398 2529 1495 2606 2,11;
1514 2530 1594 2607 *hl-2

264 2650 315 2718 sq.
338 2628 533 2711 doceamur,
557 2649 681 2717 panem
703 2629 967 2709 fermentatum,
989 2627 1070 2695 lieet
1089 2629 1217 2696 hostias
1233 2629 1393 2720 pacificas
1415 2629 1596 2698 comitare-

262 2739 330 2819 tur,
348 2740 384 2801 in
400 2735 495 2801 nullo
512 2733 678 2801 sacrificio
693 2756 771 2801 curn
784 2733 924 2801 victima
937 2757 1006 2801 esse
1022 2735 1249 2802 combustum.

470 2970 496 3020 d.
514 2970 635 3021 Novella
649 2969 684 3019 ‹le
697 2968 846 3020 sacrificiis
859 2971 922 3032 ipso
935 2969 981 3019 die
996 2971 1196 3021 consumendis
1211 2971 1263 3020 Ex.
1281 2968 1386 3031 23,le

310 3191 325 3222 <‹
346 3165 416 3228 Nee
438 3159 625 3227 remanebit
648 3159 753 3250 arlelas
774 3161 1002 3228 solemnitatis
1022 3184 1118 3229 aneae
1141 3186 1203 3253 usq
1212 3185 1254 3229 ue
1268 3185 1369 3229 tritine
1387 3191 1416 3230 a.
1435 3163 1596 3254 adscrip-

262 3290 335 3334 sere
354 3271 453 3357 Tarq.
473 3289 573 3334 voces
595 3280 692 3332 ertio
708 3267 834 3351 aliare,
851 3290 934 3335 sanc
951 3268 1047 3357 quod
1060 3270 1334 3352 recordarentur,
1357 3269 1488 3337 nullam
1510 3270 1596 3357 agni

262 3373 434 3464 paschalis
447 3381 581 3462 partem
598 3373 700 3439 altari
720 3373 822 3440 tuisse
841 3374 1105 3465 imponendam,
1127 3381 1162 3442 et
1182 3383 1297 3443 tamen
1316 3376 1431 3464 legem
1446 3377 1535 3446 hanc
1550 3377 1594 3444 de

261 3501 351 3566 agno
364 3479 516 3569 paschali
532 3481 638 3546 latam
658 3501 727 3546 esse
740 3485 915 3570 putarent.
938 3481 1082 3549 Evidens
1097 3487 1161 3564 est,
1185 3471 1245 3548 :in
1262 3483 1296 3550 h.
1316 3483 1339 3548 i.
1360 3485 1505 3550 eandem
1520 3505 1593 3551 rem

260 3585 456 3672 siguificare
474 3589 576 3674 atque
590 3601 647 3650 nur
662 3592 782 3668 atas,
802 3586 871 3653 imo
887 3586 999 3676 potuit
1020 3609 1060 3654 ex
1072 3588 1136 3655 hac
1156 3610 1240 3659 voce
1259 3590 1480 3678 corruptione
1495 3590 1591 3671 oriri,

261 3713 338 3758 cum
357 3692 446 3757 duae
465 3713 566 3758 voces
585 3691 685 3759 unica
705 3691 868 3760 differant
887 3694 998 3760 litera.
1016 3699 1105 3781 Ergo
1128 3693 1233 3785 adeps
1254 3694 1481 3764 solemnitatis
1500 3695 1595 3762 idem

260 3804 309 3865 est
322 3803 425 3888 alque
439 3797 577 3864 uictima
590 3797 840 3882 soleinnitutis,
852 3806 993 3889 eratque
1010 3800 1180 3891 expressio
1194 3807 1291 3890 apta,
1310 3802 1380 3870 sive
1395 3803 1437 3870 de
1453 3803 1594 3870 victima

260 3905 449 3971 holocausti
474 3910 646 3992 ageretur,
672 3907 769 3972 euius
788 3928 868 3996 pars
891 3906 1105 3974 nobilissima
1125 3908 1352 3997 reputabatur
1367 3910 1497 4001 adeps,
1523 3911 1593 3978 sive

260 4012 303 4078 de
321 4011 460 4078 victima
477 4011 573 4077 cuius
587 4018 702 4100 partes
718 4013 960 4079 tantummodo
974 4013 1174 4104 pinguiores
1197 4013 1297 4081 altari
1311 4015 1590 4107 imponebantur.

261 4117 402 4184 iubetur
420 4123 536 4184 autem
552 4117 691 4185 victima
715 4121 871 4186 consumi
891 4121 901 4186 i
906 4142 967 4208 pso
982 4120 1140 4187 sacrificii
1155 4119 1210 4187 die
1231 4144 1238 4190 :
1263 4128 1335 4188 eret
1357 4124 1487 4214 quippe
1504 4124 1594 4213 peri-

260 4224 391 4307 culum,
406 4246 450 4290 ne
465 4245 559 4290 secus
573 4234 853 4315 corrumperetur
864 4229 897 4292 et
916 4227 1012 4293 lieret
1032 4225 1223 4295 immunda.

294 4419 400 4472 Eadem
412 4423 596 4484 verbotenus,
611 4437 683 4488 quae
698 4437 724 4474 v.
747 4425 777 4475 i8
792 4437 847 4489 sq,
874 4431 1025 4489 praecepta
1039 4427 1178 4477 habentur
1206 4426 1286 4488 aias
1308 4441 1362 4492 sq,
1379 4429 1433 4480 nisi
1450 4429 1525 4493 quod
1542 4442 1594 4494 pro

259 4515 308 4567 tll'l
325 4491 384 4566 :hii
396 4511 506 4574 legatur
520 4518 607 4570 noan
622 4521 660 4571 lli
678 4519 745 4573 mi,
763 4527 819 4578 <quo
833 4514 1040 4577 prohibitiones
1055 4515 1136 4576 23,18
1156 4515 1191 4566 ad
1206 4516 1296 4566 solnm
1308 4517 1408 4582 pascha
1420 4517 1592 4572 reieruntur.

260 4599 332 4649 Hinc
346 4612 481 4651 censuere
500 4601 603 4666 aliqui,
625 4604 710 4653 etiam
734 4601 1002 4664 esturmenta
1023 4602 1060 4655 ad
1081 4605 1173 4654 solum
1190 4606 1296 4668 pasche
1309 4605 1417 4658 referri.
1439 4609 1520 4672 Tarq.
1541 4621 1594 4672 pro

262 4688 467 4738 stetinioemeue
484 4690 569 4741 etlam
583 4705 610 4740 v.
631 4692 661 4741 18
677 4691 803 4742 scribunt
820 4692 961 4755 paschatis
977 4694 1041 4753 mei,
1055 4697 1082 4744 et
1108 4694 1192 4744 calm.
1209 4696 1348 4758 primitias
1367 4710 1395 4746 v.
1414 4697 1445 4748 19
1461 4696 1595 4760 intelligit

261 4789 323 4840 eas,
341 4791 413 4844 quac
427 4778 472 4844 die
486 4779 795 4844 paschatisofferendae
810 4784 905 4842 erant,
922 4785 950 4832 et
962 4782 1074 4832 hoedum
1097 4783 1189 4846 ipsum
1203 4795 1308 4848 agnum
1323 4799 1373 4837 seu
1387 4785 1508 4838 hoedum
1524 4797 1594 4851 pas-
