3534 5384
726 445 777 489 ex.
803 429 891 500 1111
918 444 984 497 sou.
1468 403 1527 493 tea
1595 496 1601 513 ,Ν
1625 508 1638 513 ,Ἴ
1663 410 1752 531 ’ζζ

189 579 274 645 titur
285 600 318 644 v.
336 582 376 643 nt
396 576 596 644 mandatum
609 576 814 645 immolandi
829 577 954 660 Phese‚
970 598 1057 666 quae
1077 599 1139 644 vox
1159 598 1231 643 rem
1246 578 1439 669 exprimens
1454 580 1526 647 lec·-
1578 576 1580 579 ’

189 686 255 752 tori
276 689 395 751 notam
415 683 599 751 articulum
619 684 725 751 habet
751 683 916 773 (Dillm.);
943 682 1085 751 victima
1108 688 1223 751 aulem
1250 684 1452 773 exprimitur
1476 674 1528 753 inss
1629 669 1749 752 l

188 790 416 858 determinate
429 812 510 857 voce
525 812 595 891 yur.
611 793 728 881 Neque
750 791 831 859 licet
845 812 925 859 cum
947 790 1058 858 Calin.
1086 790 1214 857 inferre
1238 789 1330 859 dicta
1348 790 1433 860 haec
1456 814 1526 883 esse

189 899 280 964 circe
306 896 400 963 diem
425 896 550 963 mensis
580 902 673 979 ssim,
705 898 903 987 clemquia,
926 895 987 963 ubi
1013 918 1067 963 res
1096 895 1301 985 compendio
1329 904 1525 981 narrentur,

189 1004 355 1092 temporis
363 1002 606 1070 determinatio
620 1004 731 1072 omitti
744 1008 872 1094 potest,
886 1008 960 1069 tum
974 1002 1057 1091 quie
1073 1024 1113 1070 ee
1128 1002 1370 1070 determinatio
1386 1004 1526 1073 tortasse

189 1111 271 1177 latet
286 1111 323 1176 in
337 1131 420 1175 voce
444 1109 589 1177 obscura
605 1126 694 1176 11111
715 1134 746 1178 v.
770 1117 825 1177 21.
843 1114 976 1177 Novum
991 1108 1133 1177 affertur
1152 1108 1241 1175 illud
1261 1109 1305 1177 de
1326 1110 1526 1179 adhibendo

190 1215 348 1284 fasciculo
366 1217 517 1305 hyssopi.
542 1221 608 1283 Aut
624 1216 662 1283 id
685 1240 707 1283 e
728 1222 795 1284 lleo
817 1216 950 1283 dictum
966 1220 1000 1282 et
1020 1238 1053 1282 v.
1080 1218 1281 1283 'lomissum
1298 1220 1421 1304 Moyses
1444 1216 1480 1285 h.
1497 1219 1525 1287 l.
1594 1200 1596 1207 ‚
1639 1204 1653 1237 ⁷
1672 1194 1760 1312 iij*

190 1321 378 1412 supplevit,
400 1327 460 1390 &Ul
483 1344 624 1389 suarum
637 1324 790 1412 partium
809 1343 881 1421 esse
905 1321 1002 1389 duxit
1024 1343 1161 1405 curare,
1184 1326 1222 1387 ut
1242 1322 1302 1389 [lei
1325 1323 1454 1391 iussum
1471 1324 1528 1393 de·
1557 1314 1578 1415 ’Ἴ

191 1436 308 1497 center
319 1428 535 1519 impleretur,
552 1428 701 1518 ideoque
719 1422 862 1519 propria
874 1428 1079 1496 auctoritate
1093 1426 1295 1495 fasciculum
1310 1428 1410 1497 illum
1425 1428 1528 1499 111111-
1654 1422 1754 1527 ·

191 1534 342 1603 bendum
361 1534 497 1602 indixit.
519 1539 603 1602 ltem
614 1535 719 1604 Deir.
739 1543 779 1602 13
795 1535 1004 1625 promissum
1019 1556 1099 1601 vere
1114 1534 1360 1625 interpretetus
1375 1542 1527 1605 111111
1618 1588 1619 1591 ,

192 1640 462 1731 prohibitionem
490 1641 593 1708 domo
621 1664 662 1710 ea
693 1646 793 1709 nocte
826 1639 1024 1709 excedendi.
1061 1640 1214 1730 Sumpsit
1246 1640 1372 1708 deinde
1407 1664 1526 1711 ansam

192 1749 307 1815 denuo
331 1747 528 1815 inculcandi
553 1770 631 1815 cum
656 1748 738 1815 illiti
765 1747 945 1834 sanguinis
973 1748 1112 1814 effectus
1133 1747 1272 1837 (1113),
1292 1753 1365 1815 tum
1390 1749 1526 1837 obliga·

191 1854 294 1922 tionis
307 1855 384 1921 lesti
403 1861 569 1944 perpetuo
583 1854 783 1922 celebrandi
804 1854 850 1944 (v.
869 1854 945 1943 21);
963 1860 997 1921 11
1009 1852 1090 1920 huic
1103 1852 1202 1921 elteri
1218 1856 1347 1921 monito
1363 1854 1526 1925 adnexuit

190 1984 222 2028 v.
245 1967 349 2028 att-at
364 1982 494 2028 novum
513 1959 613 2049 quid,
634 1961 697 2029 ubi
712 1960 897 2049 quotannis
912 1961 1057 2027 interra
1076 1966 1193 2028 sancte
1210 1961 1333 2027 testum
1351 1961 1418 2029 hoc
1437 1963 1527 2029 cele-

190 2066 324 2135 braturi
340 2072 467 2151 essent,
483 2071 620 2155 praeter
633 2066 739 2134 ritum
755 2067 836 2154 agni
858 2072 893 2134 et
910 2088 1108 2155 azymorum
1129 2066 1256 2133 debere
1276 2072 1436 2157 parentes
1450 2068 1529 2136 filiis

191 2174 359 2263 explicere
375 2173 492 2241 divina
508 2172 692 2254 beneficia,
709 2195 731 2240 a
750 2172 877 2262 quibus
892 2172 979 2239 illud
998 2173 1122 2241 festum
1144 2178 1258 2241 ortum
1280 2173 1426 2241 duxerit.
1445 2179 1528 2242 Cum

191 2280 341 2370 idipsum
356 2284 481 2367 Moyses
498 2284 637 2363 13,3-16
655 2279 812 2369 pluribus
830 2278 977 2371 explicet
999 2279 1191 2369 etquidem
1212 2280 1384 2363 oratione,
1412 2282 1462 2348 uti
1477 2281 1528 2348 vi·

191 2387 305 2469 detur,
323 2409 400 2469 sua,
413 2407 484 2453 non
500 2386 602 2454 lahve
617 2385 758 2454 nomine
770 2386 815 2453 ed
829 2386 999 2476 populum
1015 2386 1122 2467 faeta,
1141 2386 1281 2453 delendi
1294 2392 1408 2477 potest
1423 2387 1528 2469 etiem

191 2493 226 2561 11.
244 2493 267 2558 1.
284 2497 416 2580 Moysen
435 2493 638 2560 mandatum
658 2493 724 2560 hoo
747 2491 910 2560 adiecisse
927 2492 1076 2582 propria
1095 2492 1311 2561 auctoritate.
1331 2493 1528 2562 Cuiusmodi

193 2597 346 2666 mandati
362 2601 503 2689 propria
521 2599 722 2666 auctoritate
741 2597 867 2666 edendi
886 2597 953 2689 ipsi
970 2603 1044 2665 erut
1056 2599 1238 2667 indubium
1257 2600 1321 2667 ius.
1375 2660 1378 2665 .

235 2728 269 2771 v.
282 2711 323 2771 21
344 2732 361 2765 a
379 2704 517 2771 Vocauit
531 2716 649 2771 autem
663 2707 797 2795 Moyses
811 2727 925 2773 omnes
939 2706 1365 2795 senioresfiliorumlsrael
1376 2734 1405 2775 »,
1420 2712 1529 2785 Quae·

192 2814 237 2878 rit
257 2814 366 2896 Post,
384 2833 430 2878 an
448 2834 506 2879 eos
520 2810 717 2878 convenerit
728 2812 765 2878 in
777 2818 869 2879 terra
884 2816 1007 2879 Gessen
1017 2834 1062 2878 an
1077 2812 1111 2879 in
1128 2812 1215 2880 urbe
1230 2814 1327 2900 regia
1343 2819 1528 2879 :neutrum

190 2923 301 2985 textus
311 2918 477 3000 affirmet,
490 2917 550 2985 sed
566 2917 623 2985 isti
639 2917 708 2986 duo
723 2918 790 2985 loci
806 2918 959 2986 debuere
973 2918 1128 3009 proxime
1143 2918 1262 2986 abesse
1275 2920 1366 2986 inter
1382 2940 1429 2985 se.
1452 2947 1467 2979 a
1484 2921 1531 2986 Et

193 3022 283 3090 (11111
298 3022 346 3091 acl
360 3047 415 3091 eos
440 3046 453 3090 .·
471 3027 521 3091 Ite
546 3024 704 3091 tollentes
726 3024 862 3091 animal
869 3047 936 3115 per
956 3023 1118 3111 familias
1140 3036 1284 3108 uestras,
1303 3037 1334 3092 ct
1354 3024 1530 3092 immolate

194 3129 302 3197 Pleasc
318 3160 348 3198 ».
366 3129 469 3197 Hebr.
490 3129 611 3197 Clralrl.
630 3152 643 3195 .·
659 3130 786 3198 traltite
801 3144 835 3197 et
847 3132 987 3217 sumite,
1008 3132 1067 3198 ubi
1088 3132 1183 3198 Sum.
1203 3130 1362 3222 copulem
1378 3134 1527 3219 ignorat.

194 3236 282 3303 Illud
305 3237 431 3303 traltite
449 3241 529 3305 LXX
553 3236 656 3304 vertit
677 3240 865 3322 ἁπηλθὸντες
891 3242 1017 3322 tollere,
1036 3238 1116 3327 Syr.
1135 3260 1213 3304 crim
1229 3238 1456 3327 festinatione
1477 3260 1530 3305 su·

192 3343 286 3409 mite.
308 3348 430 3411 Sensus
445 3350 495 3410 est
511 3344 592 3410 satis
611 3344 743 3426 clarus,
766 3343 847 3411 licet
860 3344 951 3411 vocis
970 3344 1109 3433 plenam
1125 3344 1295 3412 rationem
1310 3342 1406 3411 haud
1420 3345 1528 3434 possi-

193 3470 270 3516 mus
288 3449 445 3519 reddere.
463 3472 496 3516 v.
518 3456 560 3516 21
581 3450 898 3539 «Fasciculumque
915 3449 1055 3539 hyssopi
1072 3479 1088 3511 a
1105 3452 1330 3541 -hyssopus
1346 3450 1531 3518 officinalis

194 3554 322 3644 (Linn.)
342 3594 387 3607 -
408 3584 424 3617 «
455 3556 579 3647 tinpite
599 3556 637 3622 lu
656 3555 844 3645 sanquine,
863 3556 925 3646 qui
939 3567 987 3623 est
1012 3556 1049 3622 in
1069 3556 1190 3623 limine
1218 3585 1252 3641 a,
1274 3579 1398 3624 -seu
1417 3558 1530 3623 verius

196 3661 231 3727 in
238 3661 337 3752 pelvi
353 3663 486 3751 (lurp,
502 3669 600 3750 Spr.;
614 3669 649 3729 et
670 3664 715 3731 cl.
731 3664 834 3730 Zach.
859 3664 951 3751 122)
967 3700 1011 3713 -
1030 3689 1047 3724 a
1067 3674 1098 3729 et
1112 3663 1286 3754 asperpite
1302 3686 1530 3753 1111111111·-

195 3767 356 3835 liminare
371 3781 404 3834 et
419 3781 751 3860 utramquepartem
771 3797 802 3837 1.
824 3784 875 3837 aar
896 3768 1039 3836 liniendi
1056 3769 1169 3858 potius
1192 3792 1297 3859 quem
1323 3767 1532 3860 respergendi

193 3896 330 3941 sensum
350 3874 455 3943 habet
476 3874 597 3965 (Gai).
618 3881 701 3943 Cum
719 3876 886 3964 hyssopus
906 3875 1045 3943 frondes
1062 3876 1189 3943 habeat
1216 3883 1334 3944 tenues
1357 3881 1390 3942 et
1409 3898 1531 3964 scopae

192 3979 348 4047 imario
364 4002 472 4047 unum
487 3980 662 4064 collectas,
686 3981 839 4049 dubitari
853 3986 982 4070 potest,
1001 4002 1045 4048 an
1067 3997 1148 4048 utar
1163 3980 1337 4068 significet
1352 3982 1456 4049 talem
1476 4003 1532 4048 ra-

194 4107 289 4152 mum
307 4107 352 4153 an
367 4086 484 4175 plures
497 4108 611 4154 ramos
630 4088 666 4154 in
678 4108 788 4155 unum
803 4087 995 4173 colligatos.
1020 4114 1036 4149 a
1058 4087 1250 4178 Nullusque
1268 4101 1417 4155 uestrum
1437 4110 1533 4177 epre-

192 4191 312 4259 rliatur
328 4192 455 4261 ostium
470 4192 592 4261 demtis
610 4215 694 4259 suae
713 4214 820 4283 usqeae
841 4214 943 4260 1111111
962 4220 993 4260 a.
1011 4193 1191 4261 Rationem
1215 4194 1362 4285 explicat
1386 4218 1419 4260 v,
1443 4201 1534 4261 1311

195 4304 317 4365 notant
339 4301 425 4368 Tost.
443 4299 588 4389 aliique,
605 4321 669 4389 pro
693 4300 758 4366 hoc
781 4320 848 4366 uno
869 4300 1033 4389 paschate
1054 4299 1167 4367 solum
1183 4301 1272 4367 hanc
1295 4302 1410 4387 legem
1430 4302 1532 4367 latam

195 4426 266 4471 csse
283 4428 291 4472 :
311 4405 461 4472 Christus
479 4406 553 4472 loco
572 4427 700 4472 coenae
715 4406 888 4494 paschalis
901 4428 1057 4494 egressus
1079 4413 1128 4474 est
1142 4414 1247 4475 noctu
1266 4406 1532 4497 (0111113

197 4539 213 4573 a
243 4510 414 4577 Transibit
428 4512 520 4578 enim
533 4511 700 4578 llominus
713 4512 914 4601 percutiens
929 4512 1139 4603 Aeppptios;
1154 4535 1300 4604 eumque
1315 4512 1440 4580 uiderit
1454 4535 1534 4580 sau-

195 4617 340 4706 puiuem
356 4618 392 4685 in
406 4617 667 4707 superliminari
687 4631 720 4686 11
737 4618 773 4685 in
798 4632 944 4710 retroque
957 4632 1075 4710 poste,
1093 4621 1310 4687 transcendet
1328 4620 1455 4687 ostium
1476 4618 1535 4685 (la-

196 4746 287 4808 mus,
306 4737 340 4790 11
352 4724 520 4791 nonsinet
529 4746 764 4815 percussorem
778 4725 916 4817 inpredi
926 4724 1043 4793 domos
1057 4737 1185 4793 uestras
1196 4739 1228 4793 11
1243 4726 1378 4793 laedere
1395 4753 1424 4792 1.
1444 4730 1532 4811 Ergo
1649 4797 1675 4815 ..⁸-

196 4852 259 4919 per
268 4831 432 4918 angelum
444 4852 503 4898 seu
514 4832 657 4919 angelos
669 4832 794 4899 occidit
805 4837 892 4899 Deus
906 4832 961 4920 (cl.
978 4854 1010 4898 v.
1026 4837 1066 4898 12
1079 4832 1145 4921 sq.)
1155 4830 1529 4923 primogenitoleai.).
