3534 5384
261 366 318 425 116
708 381 823 425 uovsrs
844 380 923 424 acra
945 380 977 423 iu
998 378 1147 425 aecvrro.

256 514 406 605 alloquio
424 514 471 581 ad
484 515 597 604 ipsum
612 514 723 581 solum
739 513 867 581 directo
882 513 1052 604 proloqui.
1071 516 1172 599 Erga,
1191 511 1284 601 quod
1299 511 1334 577 h.
1355 512 1377 578 l.
1394 510 1500 577 verba
1515 532 1547 577 v.
1570 517 1591 577 ἓ

257 627 343 688 Deus
357 620 401 687 ad
417 621 504 688 solos
518 626 651 709 Moysen
671 627 704 687 et
718 625 831 687 Aaron
844 619 1083 710 proloquatur,
1103 617 1241 685 videtur
1261 617 1464 685 confirmare
1482 617 1592 701 illud,

262 728 356 818 qnod
379 726 519 794 aliunde
544 726 682 795 abunde
698 732 804 816 patet,
827 727 886 813 agi
904 726 940 793 h.
966 726 991 793 l.
1011 724 1053 793 de
1073 749 1164 793 anno
1184 746 1291 791 sacro.
1315 727 1379 789 Res
1401 744 1483 790 vero
1502 745 1597 790 sacra

261 834 496 901 ministrorum
512 855 689 901 sacrorum
707 855 809 901 curae
826 839 901 900 erat
914 832 1177 913 committenda,
1196 854 1267 898 non
1281 830 1405 921 plebia.
1431 834 1598 917 Ignoran-

257 946 316 1008 tur
330 947 445 1007 autem
459 940 495 1007 h.
510 940 534 1006 l.
552 940 675 1006 veteris
694 939 824 1007 ordinis
837 939 1042 1007 sacerdotes.

301 1069 334 1113 v.
353 1052 372 1111 3
391 1076 407 1107 «
423 1045 624 1135 Loquimini
638 1045 687 1113 ad
698 1046 895 1113 universum
910 1059 1042 1113 coetrrm
1052 1044 1208 1135 filiorum
1223 1043 1340 1129 lsrael,
1359 1056 1392 1111 ct
1406 1042 1510 1109 dicite
1524 1043 1570 1109 eis
1586 1054 1598 1098 ·'

260 1152 400 1219 Decima
408 1151 464 1219 die
474 1151 712 1219 mensisltuius
721 1152 1063 1243 tollutnnusquisque
1071 1174 1200 1241 aprum
1203 1172 1270 1240 per
1276 1150 1433 1238 subtilius
1441 1161 1473 1217 ct
1481 1148 1599 1215 domos

257 1281 336 1326 suas
350 1287 380 1325 ».
394 1262 496 1326 Hebr.
512 1280 525 1323 .·
537 1259 721 1325 secundnm
735 1259 852 1325 doinus
862 1270 1004 1349 potrum
1016 1260 1073 1347 (of.
1092 1258 1197 1347 alt),
1215 1280 1346 1348 uquam
1358 1256 1430 1347 (seu
1442 1278 1595 1346 capram,

257 1364 294 1432 id
317 1365 409 1432 euim
432 1372 616 1455 utrumque
636 1382 686 1429 nn
711 1365 885 1454 designat3
903 1366 947 1433 ci.
973 1389 1006 1432 v.
1026 1364 1060 1455 5)
1077 1386 1140 1455 pro
1166 1363 1313 1454 sinpulis
1336 1360 1508 1445 domibus,
1526 1385 1598 1430 non

259 1494 322 1562 pro
335 1472 439 1539 domo
448 1494 523 1540 sua.
541 1478 665 1540 Domus
678 1471 786 1559 igitur
799 1472 857 1538 hic
868 1493 928 1539 seu
942 1464 1118 1562 patroecia
1134 1493 1198 1560 per
1211 1494 1246 1537 se
1256 1471 1359 1537 latius
1371 1475 1476 1559 patet,
1492 1490 1596 1560 quam

257 1577 475 1665 singulorum
498 1579 652 1646 virorum
674 1578 842 1659 familiae,
861 1600 951 1667 quac
978 1600 1078 1667 saepe
1101 1576 1165 1643 toti
1188 1599 1279 1665 agno
1300 1576 1516 1644 comedendo
1538 1576 1597 1643 de·

258 1688 376 1751 center
387 1684 442 1751 v'nr
455 1686 666 1766 sufficerent;
682 1691 732 1751 est
741 1684 930 1751 subdivisio
944 1683 1066 1751 tribus.
1079 1683 1299 1751 Postmodum
1311 1680 1485 1750 immundi
1495 1688 1594 1750 Num.

259 1796 338 1871 alo
362 1813 437 1881 sqq.
458 1790 746 1881 prohibebantur,
766 1812 810 1857 ne
829 1812 907 1858 cum
928 1790 1071 1880 reliquis
1088 1790 1219 1879 pascha
1231 1789 1463 1871 celebrarent,
1482 1794 1516 1856 et
1534 1788 1597 1856 soli

259 1895 325 1963 viri
336 1896 410 1965 eius
419 1896 622 1965 celebrandi
635 1919 738 1964 causa
747 1897 983 1964 sanctuarium
992 1895 1154 1964 accedere
1167 1894 1462 1984 iubebanturOEx.
1475 1901 1595 1977 ea‚17;

259 2008 378 2086 3t,23;
396 2009 491 2071 Dent.
512 2002 728 2092 16,5sq.1o)
746 2023 754 2069 :
771 2026 816 2071 sc.
832 2004 947 2093 potuit
961 2004 997 2070 in
1012 2001 1130 2093 paucis
1148 2001 1359 2093 quibusdam
1374 2002 1475 2071 huius
1493 2000 1597 2092 primi

258 2110 430 2198 paschatis
443 2109 527 2177 ritus
540 2132 561 2175 a
572 2109 795 2199 sequentibus
816 2110 963 2177 differre.
981 2113 1154 2192 Ceterum,
1176 2108 1331 2199 quamvis
1351 2108 1598 2198 posterioribus

259 2214 395 2302 legibus
422 2213 583 2282 mulieres
606 2215 708 2305 epulo
736 2216 891 2305 paschali
916 2218 1076 2282 interesse
1106 2236 1177 2283 non
1201 2214 1396 2302 iubeantur,
1420 2219 1454 2281 at
1479 2214 1598 2300 Moysis

260 2320 371 2388 edicto
384 2343 427 2388 ne
444 2321 601 2387 adessent
618 2344 688 2387 esse
697 2321 893 2411 prohibitas
912 2321 1009 2388 nullo
1027 2326 1236 2407 argumento
1253 2321 1519 2388 demonstratur.
1539 2322 1598 2386 Le-

260 2448 321 2512 ges
347 2448 428 2493 vero
452 2426 716 2494 immundorum
735 2449 814 2495 cum
832 2426 971 2495 nonnisi
994 2427 1101 2493 serius
1121 2450 1142 2494 a
1162 2432 1271 2515 Moyse
1296 2428 1364 2493 sint
1386 2426 1594 2507 inculcatae,

260 2532 387 2599 mirum
403 2554 473 2600 non
492 2537 542 2600 est
561 2533 626 2601 hac
641 2534 754 2623 prima
770 2532 812 2600 de
825 2534 989 2623 paschate
1003 2533 1081 2620 lege
1101 2555 1181 2600 eum
1196 2532 1339 2600 illorum
1355 2555 1426 2600 non
1440 2532 1596 2600 statuisse

261 2640 506 2729 exceptionem.
525 2644 608 2706 Cum
630 2639 694 2707 hao
719 2662 789 2707 una
808 2639 881 2706 vice
906 2639 1045 2729 epulum
1064 2640 1226 2729 paschale
1246 2638 1416 2709 rationem
1436 2638 1598 2707 habuerit

259 2768 330 2813 non
346 2746 459 2814 solum
472 2746 567 2836 epuli
580 2746 681 2826 sacri,
698 2746 758 2813 sed
778 2747 847 2812 veri
864 2745 980 2813 viatici
994 2768 1058 2835 pro
1074 2744 1182 2813 arduo
1197 2746 1347 2814 intinere
1362 2744 1594 2837 suscipiende,

261 2851 468 2921 crediderim
487 2853 554 2919 hac
574 2853 644 2919 vice
657 2874 777 2920 omnes
797 2850 843 2919 ad
856 2850 944 2918 illud
963 2874 1034 2919 esse
1052 2851 1229 2919 admissos.
1247 2852 1493 2921 Posterioribus
1511 2858 1597 2920 tem-

260 2959 402 3049 poribus
419 2959 472 3025 lex
487 2958 574 3027 haec
592 2958 797 3026 arctioribus
814 2956 1160 3026 circumscribehatur
1176 2958 1343 3027 limitibus
1361 2979 1368 3026 ε
1384 2961 1432 3027 ita
1446 2961 1503 3027 Ps.
1520 2962 1593 3027 lon.

260 3066 383 3132 insistit
397 3064 630 3132 numerandos
645 3087 717 3132 esse
732 3064 823 3130 solos
838 3091 854 3125 «
871 3064 965 3130 viros
980 3092 1011 3147 «,
1029 3065 1216 3155 etquidem
1232 3088 1378 3133 numero
1397 3096 1413 3128 «
1428 3066 1543 3133 decern
1564 3094 1594 3147 o,

262 3179 294 3238 et
312 3178 467 3261 tempore
482 3174 546 3237 los.
568 3172 624 3260 (cf.
643 3170 726 3237 Bell.
748 3170 821 3238 lud.
842 3174 910 3238 Vll.
930 3172 985 3261 16)
1002 3172 1107 3239 moris
1126 3178 1215 3254 erat,
1234 3178 1271 3239 ut
1292 3172 1455 3241 convivae
1471 3172 1597 3241 admit-

261 3283 416 3345 terentur
429 3299 498 3343 non
512 3277 630 3344 decem
644 3276 825 3366 pauciores
838 3298 951 3367 neque
964 3278 1114 3365 vinginti
1133 3279 1260 3369 plures.
1278 3300 1311 3346 v.
1332 3286 1350 3347 t
1369 3305 1385 3339 u
1402 3279 1468 3347 Sin
1482 3290 1596 3346 aretem

263 3383 376 3449 ruinor
394 3396 444 3449 est
455 3405 635 3464 numerus,
651 3396 690 3449 ut
708 3384 868 3473 sufficere
880 3384 995 3475 possit
1018 3383 1078 3473 [nd
1095 3383 1310 3474 vescendam]
1326 3407 1475 3474 cyrrum,
1498 3408 1596 3453 assu·

262 3488 493 3557 malvicinum
508 3512 626 3572 sarem,
643 3490 706 3581 qui
720 3489 856 3557 ircnctus
875 3504 924 3558 est
945 3489 1065 3558 domui
1087 3514 1186 3577 succ,
1202 3490 1301 3557 irrata
1320 3514 1503 3559 cremeram
1518 3492 1596 3560 arti-

263 3617 414 3682 umrum,
436 3619 525 3686 qrtcc
543 3597 704 3687 svtsficere
717 3608 865 3687 possum
882 3597 932 3664 cd
949 3620 1042 3664 esum
1060 3598 1146 3688 eqni
1168 3626 1197 3665 n.

302 3804 386 3863 Haec
404 3803 454 3862 lex
473 3802 543 3862 sine
566 3800 662 3862 dubio
681 3803 785 3884 prima
800 3802 874 3875 suit,
892 3820 989 3881 quam
1008 3802 1108 3865 edidit
1129 3804 1269 3883 Moyses,
1286 3804 1386 3865 edidit
1402 3812 1509 3867 autern
1531 3826 1596 3869 non

262 3916 348 3960 mere
369 3899 581 3978 antiquiorem
596 3900 787 3961 resuscitans
807 3901 927 3979 legem,
945 3900 1001 3961 sed
1021 3920 1134 3961 novam
1154 3902 1215 3962 sibi
1234 3920 1252 3962 a
1269 3904 1333 3963 Deo
1354 3903 1507 3965 traditam
1521 3921 1597 3983 pro-

261 3998 421 4076 mulgans.
443 3998 486 4057 Ex
505 3998 603 4076 hujus
623 3997 720 4075 igitur
737 3998 817 4077 legis
838 3997 946 4059 indole
967 3999 1172 4077 perspicuum
1193 4003 1255 4072 est,
1272 4001 1432 4063 Hebraeos
1449 4002 1500 4063 vel
1522 4010 1596 4065 ante

261 4097 391 4172 Moysen
402 4094 550 4155 habuisse
565 4093 666 4174 leges,
680 4113 761 4173 quae
774 4096 937 4157 fuerintne
953 4096 1088 4175 scriptae
1104 4115 1144 4156 an
1159 4114 1214 4157 ore
1227 4098 1431 4160 solummodo
1446 4098 1593 4173 traditae,

261 4208 324 4252 non
342 4190 523 4253 definimus.
541 4192 589 4253 So.
607 4193 730 4271 primae
746 4193 898 4271 cuiusque
918 4194 1029 4272 populi
1048 4193 1134 4271 leges
1153 4194 1265 4255 breves
1281 4200 1356 4257 sunt
1370 4201 1402 4257 et
1416 4197 1593 4276 simplices.

261 4288 345 4359 Quas
368 4306 443 4349 mox
467 4290 597 4351 discutit
618 4290 786 4351 casuistim
807 4294 839 4350 et
860 4291 1000 4351 infinitas
1022 4292 1155 4352 suscitat
1180 4293 1394 4369 quaestiones.
1412 4295 1597 4373 Sequuntur

260 4385 453 4463 posteriores
474 4386 574 4465 leges,
592 4405 674 4465 quae
694 4388 813 4466 primas
833 4387 921 4467 leges
943 4389 988 4449 ita
1008 4388 1170 4466 complent
1189 4393 1285 4467 atque
1305 4392 1470 4466 evolvunt,
1487 4397 1523 4454 ut
1543 4410 1595 4455 ca·

261 4484 410 4546 suisticae
431 4484 528 4545 simul
550 4486 696 4563 quaesita
717 4486 966 4546 definientiam
988 4485 1038 4547 lex
1059 4504 1089 4545 v.
1109 4488 1182 4548 a-ls
1200 4490 1352 4567 supponit
1373 4490 1593 4561 casuisticam,

259 4581 411 4659 supponit
426 4581 584 4660 eJusmodi
602 4583 665 4643 iam
681 4586 750 4644 tum
765 4583 863 4644 luisse
878 4584 1096 4645 Hebraeorum
1112 4584 1253 4663 ingenia,
1271 4603 1354 4663 quae
1369 4605 1435 4648 non
1453 4588 1592 4650 rotunde

258 4678 397 4756 aliquam
421 4680 525 4761 legem
549 4680 761 4760 applicarent,
783 4680 839 4743 sed
862 4682 967 4741 varios
996 4681 1082 4742 illico
1108 4682 1296 4762 effingerent
1320 4688 1351 4745 et
1374 4692 1590 4764 proponerent

262 4792 364 4837 casus.
383 4779 463 4857 Ergo
482 4777 640 4840 habebant
665 4777 800 4839 Hebraei
820 4782 893 4838 ante
913 4778 1043 4856 Moysen
1061 4777 1161 4857 legeS,
1175 4778 1330 4843 humanas
1346 4782 1473 4863 utique3
1491 4783 1594 4863 appli-
