3534 5384
682 304 750 350 osv.
775 287 867 361 2329
888 304 954 357 soa.

474 545 510 591 De
514 545 585 606 festo
598 544 800 594 tabernaculorum
812 544 969 606 appendicula
982 545 1041 593 lev.
1056 547 1175 605 auae-44.

205 739 234 777 v.
250 725 283 777 40
297 727 417 791 quatuor
431 725 515 776 habet
528 727 724 789 expressiones
738 725 774 777 ad
792 725 982 791 designandas
996 726 1119 777 arbores.
1134 725 1204 778 Cum
1219 726 1342 778 secunda
1354 731 1381 778 et
1396 732 1495 793 quarta

175 815 290 867 nomina
310 817 367 866 sint
381 817 551 880 specierum,
567 815 678 878 ammae
692 823 720 866 et
740 815 847 877 salicis,
863 814 1008 879 probabile
1025 815 1135 866 videtur
1156 817 1240 866 etiam
1258 817 1348 881 prima
1365 820 1394 868 et
1412 818 1495 869 tertia

172 906 280 970 species
303 905 454 969 designari.
470 905 584 956 Fructus
602 903 708 955 arboria
725 903 856 970 pulchrae
873 904 920 955 vel
937 903 1047 970 pulobrt
1067 904 1169 968 [metus
1189 905 1297 954 arborei
1316 911 1360 956 est
1380 918 1494 970 expres·

169 995 212 1045 sio
234 995 319 1044 nimis
338 993 554 1045 indeterminata
569 1006 662 1058 neque
681 993 796 1045 terenda
809 995 839 1043 in
855 994 935 1045 textu
953 993 1035 1058 legis.
1049 991 1145 1044 chald.
1159 995 1243 1044 vertit
1258 997 1388 1077 pitina,
1403 995 1488 1046 eltrus

172 1084 331 1134 curantium
340 1078 476 1152 (orange).
491 1087 555 1140 mu
568 1083 702 1148 repetitur
716 1083 733 1133 2
746 1081 827 1134 Esdr.
838 1081 902 1144 8,lb
917 1083 947 1133 et
960 1082 1079 1134 hahetur
1092 1083 1177 1134 etlam
1193 1081 1241 1133 Eu.
1255 1081 1318 1144 6,13
1325 1096 1334 1144 ;
1351 1082 1441 1146 mas.
1455 1083 1492 1134 Vl

171 1174 256 1237 etyml
269 1173 366 1236 utique
380 1171 463 1222 edicit
475 1170 603 1222 arborem
616 1170 791 1232 frondosam,
806 1170 902 1222 dbold.
919 1174 982 1235 Sur.
993 1171 1105 1222 venunt
1116 1177 1242 1234 martam.
1255 1169 1361 1222 Tamen
1376 1171 1393 1222 i
1407 1172 1485 1224 Esdr.

179 1261 241 1324 8,15
261 1263 372 1326 praeter
386 1264 449 1318 mit
467 1262 645 1311 enumeratur
659 1267 735 1322 otu,
752 1272 824 1324 quae
838 1261 923 1310 etiam
939 1262 1068 1311 censetur
1082 1271 1145 1310 esse
1158 1261 1273 1324 myrtus.
1290 1259 1332 1312 cl.
1350 1260 1444 1324 Bausr.
1457 1287 1492 1298 -

173 1351 224 1400 los.
243 1349 318 1415 (Ant.
333 1349 387 1400 111.
407 1349 448 1399 10.
464 1345 488 1416 l)
506 1350 558 1409 ait,
575 1361 609 1399 eo
627 1347 699 1399 testo
713 1348 857 1399 Hebraeos
871 1365 884 1396 c
899 1353 1025 1412 gestasse
1044 1348 1172 1400 manibus
1190 1347 1354 1400 lasciculum
1373 1354 1494 1413 emyrto

173 1441 202 1490 et
219 1440 305 1490 salice
322 1450 385 1489 cum
404 1437 519 1503 spadica
535 1437 646 1501 pmmee
663 1438 862 1502 compositum,
876 1437 971 1489 addito
991 1436 1110 1489 Peraeae
1128 1449 1213 1501 pomo
1226 1452 1256 1500 r,
1271 1450 1323 1503 pro
1344 1451 1400 1502 quo
1422 1438 1496 1490 idem

176 1525 264 1594 (xm.
281 1527 323 1579 13.
340 1523 365 1595 5)
381 1527 476 1578 scribit
486 1523 595 1593 κιτρίων.
608 1549 645 1563 -—
655 1525 755 1586 Quoad
766 1533 809 1606 *pe
824 1527 904 1576 initio
917 1539 944 1576 v.
962 1526 1009 1588 39,
1025 1525 1061 1578 el.
1075 1538 1149 1590 quae
1160 1526 1282 1578 diximus
1296 1531 1362 1578 ante
1373 1539 1400 1577 v.
1412 1526 1456 1578 ib.

219 1733 253 1778 v.
274 1717 316 1777 39
341 1740 355 1771 a
374 1708 424 1800 [A]
447 1709 700 1800 quintodecimo
718 1731 799 1798 erpo
814 1707 871 1776 die
889 1708 1012 1776 mensis
1032 1707 1181 1799 septimi,
1205 1709 1342 1800 quando
1362 1733 1502 1801 conpre-

177 1817 343 1910 paaeritis
360 1819 500 1903 [omnes]
515 1818 655 1906 [ructus
675 1829 784 1884 terrae
798 1829 929 1883 cestrae
947 1842 978 1900 »,
993 1821 1169 1905 tamquam
1183 1816 1308 1884 festum
1326 1815 1501 1886 absolutae

176 1923 305 2005 mesas,
332 1951 348 1984 «
379 1922 591 1990 celebrabilis
609 1923 717 2013 serias
735 1922 924 2007 Domini»,
944 1922 1197 1991 solemnitatem
1217 1923 1360 1991 Domino
1379 1924 1500 1994 messis

176 2030 344 2118 largitori,
364 2057 380 2092 «
396 2042 526 2118 septem
537 2029 675 2116 diebus,·
689 2029 745 2096 die
756 2029 869 2120 primo
884 2041 917 2096 et
930 2028 985 2097 die
996 2043 1112 2098 oetaeo
1128 2028 1193 2096 erit
1205 2029 1395 2117 [sabbatum
1412 2030 1437 2100 i.
1454 2033 1499 2121 a]

174 2136 311 2227 requies
334 2163 365 2203 a.
390 2159 424 2203 v.
450 2143 492 2204 bl)
517 2163 533 2197 a
557 2136 777 2226 sumetisque
799 2135 892 2202 vobis
914 2134 970 2202 die
979 2134 1095 2226 primo
1115 2136 1253 2224 fruetus
1272 2137 1403 2204 arboris
1415 2138 1499 2226 pul-

173 2242 359 2310 cherrimae
381 2270 397 2305 n
416 2244 459 2332 (v.
474 2242 519 2331 s.)
537 2270 553 2303 «
578 2241 800 2332 spatulasque
816 2241 1016 2332 palmarum
1030 2254 1063 2309 et
1078 2263 1190 2310 ramos
1208 2241 1297 2334 lipni
1316 2242 1498 2311 damarum

169 2349 351 2437 frondium
378 2361 410 2416 et
432 2349 552 2416 salices
575 2349 617 2416 de
639 2361 801 2433 torrente,
819 2361 852 2414 et
879 2347 1098 2416 laetabimini
1121 2371 1237 2416 coram
1259 2351 1405 2417 Domino
1428 2353 1497 2419 Deo

171 2470 278 2524 oestro
295 2484 326 2541 u,
344 2477 458 2524 ramos
470 2455 548 2523 illos
563 2460 597 2524 et
613 2456 743 2524 tructas
755 2467 928 2546 pectantes
942 2455 976 2544 (2
989 2456 1094 2524 llach.
1112 2458 1217 2547 ibn).
1233 2462 1279 2525 Ex
1293 2457 1445 2526 eiusdem
1460 2462 1498 2526 ut

172 2563 361 2653 plurimum
390 2564 526 2651 generis
550 2564 654 2630 ramis
683 2562 717 2653 (2
739 2562 836 2630 Dsdr.
859 2563 952 2650 8,15)
978 2563 1083 2631 etiam
1106 2562 1309 2632 umbracula
1332 2564 1495 2633 conficie-

170 2670 310 2754 bantur,
341 2676 375 2737 at
399 2675 489 2738 certe
517 2693 590 2738 non
621 2691 638 2736 e
666 2670 779 2759 pomis
810 2670 986 2737 aurantiis.
1017 2691 1050 2738 v.
1083 2676 1122 2736 t1
1155 2696 1171 2730 α
1205 2669 1491 2758 celebrabitisque

167 2777 421 2864 solemnitatem
434 2779 505 2844 eius
522 2805 552 2861 »,
575 2776 600 2844 i.
615 2798 645 2842 e.
665 2775 825 2857 Domino,
844 2802 860 2837 a
880 2787 1008 2866 septem
1022 2773 1140 2842 diebus
1150 2797 1215 2865 per
1230 2797 1373 2843 annum.
1394 2777 1495 2867 lepi-

174 2884 295 2952 timum
326 2884 571 2972 sempiternum
602 2881 667 2949 erit
687 2881 726 2947 in
747 2880 1028 2971 pancrationibus
1056 2880 1188 2948 uestris.
1213 2883 1328 2949 Mense
1351 2883 1493 2972 septimo

171 2992 262 3079 (esta
279 3016 296 3052 u
313 3027 358 3042 -
374 2991 477 3054 Hebr.
495 2987 588 3054 illud
602 3024 648 3039 ·-
666 3016 682 3049 n
703 2986 915 3055 celebrabitis
939 3016 969 3055 u.
993 2987 1165 3065 Quaedam
1181 2988 1304 3055 iterato
1320 2989 1494 3057 inculcan-
1553 3048 1554 3052 ,

170 3100 229 3162 tur
249 3115 258 3162 ε
275 3096 399 3162 festum
417 3116 483 3161 non
501 3094 567 3161 erit
590 3094 786 3185 profanum,
804 3095 863 3162 sed
878 3095 1021 3162 Domino
1043 3093 1288 3179 celebrabitur,
1303 3100 1337 3162 et
1352 3096 1493 3186 quidem

172 3203 367 3291 quotannis,
385 3202 489 3268 eliam
510 3201 608 3269 annis
621 3200 733 3284 famis,
750 3205 822 3268 tolo
835 3202 1006 3292 septiduo,
1023 3207 1057 3268 et
1076 3201 1217 3291 quidem
1230 3201 1330 3269 initio
1342 3203 1425 3270 anni
1445 3204 1493 3271 oi-

168 3307 256 3376 vilis.
274 3331 307 3374 v.
326 3313 368 3374 li
380 3307 527 3398 explicat
544 3329 671 3376 nomen
685 3311 772 3375 testo
783 3330 816 3376 v.
834 3313 876 3376 bl
892 3307 1096 3375 attributum
1114 3330 1122 3378 ε
1142 3335 1158 3370 «
1175 3312 1221 3376 Et
1240 3307 1436 3376 habitabitis
1454 3309 1492 3375 in

171 3414 381 3483 umbraculis
400 3427 527 3506 septem
543 3415 672 3483 diebus.
695 3413 829 3500 Omnis,
846 3414 910 3505 qui
928 3415 970 3482 de
989 3437 1115 3506 ponere
1134 3428 1185 3482 est
1198 3416 1320 3498 lsrael,
1342 3417 1493 3484 manebit

168 3523 205 3589 in
232 3521 463 3590 tabernaculis
492 3551 522 3603 u,
546 3521 570 3589 i.
598 3545 629 3590 e.
653 3521 874 3589 umbraculis.
907 3522 1058 3590 Tandem
1085 3523 1162 3590 festi
1185 3522 1274 3590 ratio
1302 3522 1492 3614 explicatur

165 3651 199 3697 v.
213 3637 254 3698 la
271 3651 280 3696 ε
294 3657 310 3692 «
327 3642 366 3696 ut
378 3628 771 3719 discantposten'cestri,
787 3627 881 3719 quod
892 3627 931 3694 in
943 3628 1172 3698 tabernaculis
1180 3629 1336 3697 babitare
1344 3630 1490 3720 fecerim

169 3735 264 3825 filios
277 3735 395 3821 Israel,
411 3759 490 3802 eum
504 3735 680 3804 educerem
695 3758 750 3804 eos
765 3736 805 3803 de
822 3747 914 3802 terra
927 3737 1078 3827 Aeqppti
1089 3764 1120 3804 u.
1142 3751 1203 3801 nno
1217 3758 1286 3803 non
1307 3742 1357 3805 est
1371 3758 1491 3804 neces-

164 3844 253 3910 sario
266 3841 510 3909 umbraculum
522 3863 541 3909 e
551 3843 656 3910 ramis
669 3841 862 3910 conlectam
873 3841 929 3932 (cf.
947 3847 1029 3912 Gen.
1043 3842 1172 3933 33,17).
1187 3847 1242 3910 Est
1253 3843 1488 3910 habitaculum

167 3948 307 4031 mobile,
319 3971 353 4016 v,
368 3970 404 4036 g.
416 3951 614 4016 tentorium.
627 3954 775 4017 Exeunte
788 3971 908 4030 messe,
924 3950 1065 4039 quando
1075 3949 1218 4017 Hebraei
1228 3970 1366 4017 omnem
1376 3955 1489 4017 terrae

162 4056 348 4145 promissae
359 4055 635 4123 benedictionem
646 4056 873 4143 collegissent,
888 4055 1098 4124 iubebantur
1111 4056 1220 4144 gratis
1231 4055 1353 4124 animis
1368 4057 1489 4125 memi-

167 4162 255 4229 nisse
272 4164 439 4252 temporis
456 4162 494 4229 in
509 4162 641 4230 deserto
659 4162 837 4246 transacti,
858 4162 919 4229 uhi
937 4184 1028 4250 vaga
1046 4163 1245 4231 habitacula
1262 4170 1296 4231 et
1313 4163 1369 4230 vix
1391 4163 1484 4231 allae

167 4289 300 4337 messes.
325 4297 342 4331 a
357 4271 431 4359 Epo
446 4269 614 4337 Dominus
633 4273 723 4337 Deus
739 4282 847 4336 vester
862 4297 893 4334 i.
911 4293 943 4337 v.
962 4277 1003 4337 la
1023 4297 1039 4331 a
1057 4272 1272 4359 locutusque
1288 4283 1336 4336 est
1354 4274 1488 4360 Moyses

165 4395 263 4464 siper
280 4375 550 4443 solemnitatibus
568 4377 709 4443 Domini
725 4375 773 4444 ad
786 4375 878 4465 lilios
897 4376 1004 4444 lsrael
1024 4404 1055 4446 ».
