3534 5384
85 360 144 453 ,ψ
231 367 288 428 196
712 385 750 427 nx
772 382 905 428 nsovrro
930 384 960 428 ru
983 385 1076 428 strar.

150 530 152 533 ’
225 521 364 585 fortasse
384 518 420 584 in
440 519 563 585 eventu
582 539 656 606 cap.
682 523 723 583 19
742 522 881 584 narrate
901 517 1041 607 aliquod
1059 517 1125 606 ipsi
1146 523 1326 606 patravere
1345 518 1477 587 scelus?
1497 525 1557 588 Sa-

225 625 379 691 cerdotes
398 625 516 714 utique
545 624 691 692 decebat
709 624 808 712 plebi
827 625 863 690 in
883 647 923 690 eo
943 629 1065 690 eventu
1086 624 1246 713 exemplo
1269 624 1418 710 anteire,
1439 647 1569 714 agmen

225 753 287 821 per
316 730 432 797 media
458 730 608 798 tonitrua
633 729 670 796 in
694 734 850 797 montem
875 730 1049 798 deducere
1080 751 1087 798 :
1115 729 1153 797 id
1179 729 1321 798 illinon
1347 734 1562 821 praestitere,

224 837 294 904 imo
314 838 454 904 tortasse
472 837 643 928 populum
664 859 706 904 ne
728 836 934 927 procederet
953 836 1152 906 cohibuere.

270 943 524 1010 inobedientiae
548 965 698 1032 poenam
725 943 827 1011 iahve
847 957 921 1010 tum
943 966 1016 1010 non
1037 944 1172 1030 eregit,
1188 945 1248 1012 sed
1270 946 1479 1012 reservavit:
1496 969 1566 1012 non

224 1050 317 1117 enim
337 1049 514 1139 publicam
537 1049 810 1117 inobedientiam
826 1055 862 1116 et
885 1049 1117 1117 diffidentiam
1131 1053 1307 1119 consuevit
1320 1051 1393 1141 ipse
1409 1053 1564 1141 impuni-

223 1161 295 1224 tam
308 1156 494 1224 dimittere.
511 1179 545 1222 v.
567 1162 609 1222 25
634 1183 650 1216 ι(
676 1155 928 1246 Descenditqae
949 1160 1084 1246 Moyses
1107 1157 1154 1224 aci
1177 1158 1345 1248 populum
1368 1169 1400 1224 et
1420 1159 1565 1245 [omniu]

224 1263 379 1330 narrauit
395 1264 444 1330 eis
466 1291 496 1330 ».
521 1262 673 1353 Populus
695 1285 836 1352 quoque
864 1262 1076 1330 diffidentiae
1098 1286 1247 1354 poenam
1273 1264 1354 1330 tulit
1385 1287 1446 1346 eo,
1472 1266 1566 1354 quod

224 1393 330 1459 reque
354 1371 397 1436 ad
416 1371 561 1456 longum
581 1376 717 1459 tempus
739 1369 784 1435 sit
804 1371 975 1460 privatus,
990 1392 1102 1459 neque
1122 1375 1197 1438 tum
1216 1375 1336 1438 nactus
1355 1371 1399 1437 sit
1418 1394 1564 1461 reperim

224 1476 445 1543 ,sacerdotale
464 1476 638 1564 iniquiore
656 1475 759 1543 etiam
779 1475 814 1542 in
838 1476 978 1543 foedere
1002 1477 1150 1544 mosaico
1165 1476 1242 1544 loco
1262 1498 1398 1567 semper
1414 1477 1481 1544 luit
1499 1501 1559 1567 po-

224 1583 326 1672 pulus
345 1604 401 1664 ee,
423 1584 483 1672 qui
504 1581 571 1650 sibi
595 1589 672 1664 iae
697 1582 918 1649 offerebatur.
942 1587 1018 1649 Non
1042 1589 1091 1650 est
1110 1582 1295 1673 permissus
1322 1589 1413 1666 M.
1429 1591 1449 1651 9
1468 1585 1557 1651 ultra

225 1691 390 1757 terminos
411 1688 612 1771 ascendere,
637 1711 749 1779 neque
776 1696 852 1780 post
875 1709 1041 1775 magnam
1065 1689 1161 1756 illam
1185 1689 1436 1780 theophaniam
1457 1691 1564 1758 iahve

227 1818 344 1863 vocem
368 1796 440 1885 ipse
467 1796 605 1879 audire,
624 1795 817 1885 prohibitus
837 1801 1010 1885 perpetuo
1033 1795 1194 1882 ingressu
1213 1819 1282 1863 non
1309 1797 1417 1865 sancti
1434 1804 1565 1865 sancto-

227 1925 303 1972 rum
320 1908 471 1986 tantum,
493 1902 553 1969 sed
568 1901 624 1968 vel
636 1902 744 1992 ipsius
758 1902 879 1970 sancii.

513 2159 545 2219 2.
572 2151 764 2242 Deoaloqus
781 2151 1031 2242 promulqainr
1055 2155 1113 2218 Ex.
1131 2158 1283 2235 ao,1-17.

269 2339 505 2407 hiandatorum
520 2339 589 2405 duo
607 2345 685 2404 sunt
702 2337 855 2428 posinna
877 2345 912 2403 et
930 2339 1066 2426 ferinae
1089 2338 1267 2405 absolutae
1289 2339 1347 2429 (ei.
1365 2362 1400 2428 p.
1424 2340 1500 2428 22),
1520 2339 1563 2407 il-

226 2447 285 2514 lud
304 2469 349 2514 sc.
368 2445 411 2511 de
425 2444 559 2511 sabbati
579 2444 750 2532 religione
770 2450 804 2510 et
818 2444 967 2511 alterum
986 2443 1028 2509 de
1049 2450 1232 2534 pareutum
1249 2444 1429 2534 obsequio.
1448 2446 1566 2514 Obser-

227 2552 401 2620 vationem
412 2551 545 2618 sabbati
561 2551 696 2617 nonnisi
712 2556 917 2640 perlioysen
937 2555 1024 2617 Deus
1036 2557 1221 2641 praecepto
1237 2551 1388 2620 iniunxit
1408 2552 1464 2642 (cf.
1487 2575 1565 2620 nos-

229 2667 321 2727 trum
334 2664 523 2728 Comment.
541 2657 579 2723 in
594 2662 674 2725 Gen.
686 2680 722 2746 p.
742 2656 817 2744 79);
835 2678 904 2723 non
923 2657 1072 2724 traditur
1085 2659 1120 2725 h.
1133 2660 1156 2725 l.
1178 2659 1312 2725 nudum
1328 2664 1563 2748 praeceptum,

228 2767 286 2835 sed
307 2764 483 2856 praecepti
506 2770 577 2832 tota
601 2765 675 2830 fuse
698 2765 787 2831 ratio
808 2762 1028 2831 adscribitur.
1057 2768 1243 2831 Parentum
1268 2765 1474 2854 obsequium
1492 2767 1565 2856 ipsa

231 2874 350 2964 utique
379 2880 506 2939 natura
528 2877 660 2938 veteres
681 2869 837 2937 homines
856 2869 1056 2952 edocuerat,
1075 2870 1135 2938 sed
1159 2871 1293 2939 adiecta
1307 2872 1342 2938 h.
1360 2873 1385 2938 l.
1407 2871 1565 2961 specialis

231 2983 333 3048 lahve
354 2979 534 3070 promissio
559 2977 632 3045 sine
652 2977 758 3044 dubio
782 2999 872 3044 nora
889 2981 950 3045 cst.
976 2977 1120 3067 Reliqua
1141 2977 1305 3046 mandata
1333 2983 1414 3045 sunt
1428 2979 1566 3066 formae

231 3086 431 3176 armaturae,
452 3092 485 3151 et
504 3085 656 3174 quinque
683 3087 857 3173 postrema
881 3082 1023 3172 quidem
1051 3089 1130 3150 sunt
1154 3083 1355 3150 brevissima
1382 3085 1426 3173 (v.
1448 3092 1563 3164 13-173

231 3194 302 3260 sola
316 3195 467 3282 partium
483 3189 740 3258 enumeratione
762 3189 924 3256 nonnihil
940 3189 1144 3279 producitur
1156 3213 1187 3255 v.
1210 3193 1282 3276 17),
1303 3197 1385 3258 sunt
1399 3190 1486 3258 iuris
1505 3215 1566 3258 na-

233 3308 328 3366 turae
345 3305 417 3365 tota
435 3303 582 3387 quanta,
600 3303 634 3362 et
653 3296 725 3362 iere
747 3294 891 3363 debriare
916 3296 981 3363 hac
1000 3295 1257 3386 simplicissima
1277 3298 1470 3364 formalem
1486 3303 1566 3366 ante

234 3413 369 3495 lioysen
389 3403 614 3472 circumferri.
640 3402 881 3469 Brevissimum
904 3403 989 3469 item
1016 3407 1067 3469 est
1092 3403 1242 3492 primum
1264 3426 1296 3470 v.
1324 3412 1343 3471 3
1366 3405 1567 3472 mandatum

234 3519 412 3601 liovseque
427 3508 602 3599 antiquius
618 3509 674 3598 (ci.
694 3514 777 3577 Gen.
793 3511 937 3596 35‚2.l)‚
953 3508 1012 3575 sed
1026 3531 1121 3577 nune
1136 3511 1246 3598 prima
1261 3533 1444 3600 personae
1463 3513 1566 3580 lahve

233 3621 453 3688 enuntiatur:
477 3645 493 3678 «
515 3621 590 3683 Non
611 3614 755 3681 habebis
775 3615 855 3682 deos
873 3615 1005 3682 alienos
1028 3620 1166 3706 praeter
1186 3639 1240 3682 me
1263 3645 1293 3682 ».
1317 3623 1454 3686 Restant
1469 3641 1567 3686 man—

235 3728 316 3795 data
332 3725 400 3794 alia
423 3724 490 3789 due
516 3723 678 3809 negativa
698 3744 731 3787 v.
751 3727 822 3802 -i-7‚
842 3743 950 3811 eaque
966 3743 1046 3788 sane
1061 3743 1152 3788 nova
1172 3744 1179 3790 :
1196 3722 1401 3791 mandatum
1416 3723 1459 3789 de
1473 3725 1567 3792 cultu

236 3834 419 3922 amorpho,
442 3851 545 3919 quem
571 3829 649 3914 lege
669 3828 820 3894 humana
842 3833 921 3894 ante
946 3834 1078 3916 lioysen
1101 3835 1328 3919 praeceptum
1353 3830 1455 3897 inisse
1469 3831 1566 3898 nullo

236 3945 440 4029 argumento
455 3936 633 4018 evincitur,
650 3940 684 4000 et
698 3933 846 4001 alterurn
857 3933 900 4000 de
908 3936 1084 4001 sanctitate
1097 3935 1246 4002 nominis
1262 3937 1376 4003 iahve.
1396 3941 1483 4003 liaeo
1497 3938 1565 4004 duo

237 4048 399 4113 mandata
420 4042 589 4130 descripta
613 4048 692 4109 sunt
716 4040 793 4107 stilo
815 4041 923 4108 multo
947 4040 1182 4129 eloquentiore
1210 4064 1366 4131 quamv.
1394 4049 1565 4111 3.13-1r:

238 4154 343 4220 habet
366 4172 412 4217 so.
435 4173 467 4215 v.
489 4156 510 4213 'i
532 4147 687 4215 additam
710 4146 1027 4229 comminationem
1054 4147 1243 4236 prohibitio
1272 4155 1387 4215 autem
1407 4172 1439 4215 v.
1468 4155 1486 4215 i
1512 4173 1564 4240 sq.

233 4259 342 4327 tribus
362 4256 527 4321 membris
547 4253 717 4340 negativis
735 4254 946 4334 enuntiatur,
971 4259 1006 4320 et
1019 4276 1052 4320 v.
1071 4260 1090 4321 5
1106 4276 1156 4344 sq.
1176 4255 1344 4322 adnexam
1363 4254 1467 4322 habet
1482 4279 1567 4345 pee-

237 4387 318 4433 uam
338 4360 545 4448 neglecturis
559 4366 592 4427 et
607 4359 800 4450 praemium
814 4359 1058 4428 observaturis.

269 4547 372 4598 Eadem
389 4544 520 4594 mandata
534 4543 703 4593 verbotenus
717 4542 775 4593 iere
788 4544 890 4606 repetit
904 4541 1014 4604 Moyses
1028 4542 1111 4593 Dcut.
1129 4542 1235 4604 5,(5-21.
1253 4543 1337 4604 Fero,
1353 4545 1484 4607 inquam,
1499 4551 1568 4595 sunt

232 4640 307 4689 onim
321 4647 412 4699 pauca
426 4634 520 4696 aliqua
534 4631 655 4682 diversa.
672 4633 716 4681 An
734 4645 803 4682 vero
822 4633 893 4682 haee
912 4632 1006 4681 omnia
1025 4631 1060 4680 ab
1079 4632 1141 4693 ipso
1165 4631 1261 4696 Moyse
1277 4634 1333 4682 sint
1347 4631 1488 4695 proiecta,
1503 4635 1568 4698 quis

232 4724 363 4778 deliniat?
377 4721 448 4772 Vide
463 4722 578 4784 copulas
593 4721 674 4771 Dcut.
688 4722 744 4780 5‚9.
758 4719 800 4770 18.
816 4720 858 4770 19.
869 4720 914 4770 20.
928 4720 971 4781 ti,
985 4733 1056 4783 quas
1071 4733 1128 4770 non
1143 4733 1254 4784 semper
1268 4737 1279 4768 r
1295 4721 1434 4772 rhetorice
1449 4723 1536 4772 inseri
1553 4739 1564 4768 ι

234 4812 350 4881 (Dillio.)
362 4814 391 4862 in
405 4816 522 4873 textum,
538 4810 588 4862 sed
603 4811 631 4860 in
646 4809 817 4873 apographis
832 4811 912 4859 nasei
931 4812 983 4859 tiro
998 4810 1118 4872 qriisque
1133 4811 1271 4874 interpres
1286 4812 1377 4868 novin
1392 4823 1417 4860 v.
1437 4811 1467 4860 it
1482 4815 1567 4868 nime

1756 807 1762 928 i
