3534 5384
695 368 763 413 mv.
787 354 880 425 tato
899 369 965 423 sao.
1440 359 1498 418 529

166 500 335 568 iubilaeus
352 528 383 570 ».
400 506 440 570 ut
458 501 647 592 explicatur
661 502 724 570 illa
741 502 895 570 remissio
913 525 921 573 ε
941 529 957 564 a
975 505 1171 571 Revertatur
1187 503 1286 572 tomo
1305 505 1353 574 ad
1367 528 1498 596 posses·

167 610 298 676 sionem
311 629 409 676 suam
423 636 454 691 n,
468 630 573 699 quam
585 608 787 691 divendidit‚
807 636 824 672 ι(
840 621 873 676 et
888 611 1121 701 unusquisque
1133 610 1241 678 rediet
1256 611 1304 678 ad
1315 613 1496 703 familiam

170 715 377 807 [pristinam]
396 743 428 799 r,
446 738 467 782 a
483 736 552 805 qua
567 716 701 783 secessit
719 715 756 783 in
775 716 984 784 servitutem.
1003 741 1036 784 v.
1054 724 1092 784 11
1110 743 1126 778 «
1149 717 1240 800 Quia
1259 718 1428 787 iubilaens
1448 735 1496 788 est

166 834 199 890 et
213 822 520 913 quinquapesimus
534 844 648 888 anates
665 850 695 888 u.
713 827 753 889 ln
764 823 831 890 hoc
846 822 999 890 consistit
1012 823 1156 891 iubilaei
1170 825 1410 909 sanctificatio,
1425 849 1495 895 non

168 953 201 994 v.
216 951 253 1016 g.
269 927 307 997 in
320 929 432 1018 operis
443 927 576 996 servilis
590 920 836 1019 prohibitione.
856 956 872 990 α
889 930 967 998 Νοη
980 929 1097 996 seretis
1112 953 1221 1020 aeque
1233 933 1365 999 metetis
1376 945 1495 1023 sponte

167 1033 204 1102 in
221 1058 307 1125 apro
325 1035 519 1122 nascentia,
542 1047 574 1102 et
596 1034 771 1125 primitias
787 1035 980 1102 vindemiae
1004 1059 1073 1104 aaa
1097 1035 1264 1126 eollipetis
1284 1066 1300 1099 »
1328 1038 1385 1127 (cl.
1405 1063 1494 1131 quae

167 1141 364 1210 dicebamus
379 1141 424 1208 ad
442 1163 475 1208 v.
498 1141 545 1230 5),
567 1164 600 1207 v.
625 1147 666 1209 12
687 1169 703 1202 ι(
725 1139 1092 1230 obsanctificationem
1117 1142 1277 1226 iubilaei,
1298 1143 1358 1211 sed
1375 1146 1493 1212 statim

169 1247 282 1315 oblata
300 1246 481 1314 comedetis
495 1276 526 1315 u.
543 1247 674 1314 Clarius
685 1250 787 1314 Hebr.
809 1271 823 1316 .·
842 1246 884 1314 de
902 1271 984 1338 apro
1006 1248 1259 1317 manducabitis
1274 1265 1491 1340 proventum,

135 1355 138 1358 ’
169 1377 241 1422 non
254 1353 292 1421 in
305 1353 467 1441 granaria
477 1359 687 1440 congestum.
704 1358 861 1421 Ceterum
873 1355 964 1422 hanc
974 1356 1209 1442 agriculturae
1224 1357 1494 1447 prohibitionem

170 1484 205 1553 p.
227 1467 290 1529 530
304 1483 355 1550 sq.
377 1461 595 1528 ostendemus
613 1459 828 1550 probabilius
847 1482 918 1527 esse
939 1462 1218 1551 expungendam.

556 1675 579 1735 β.
595 1674 632 1722 De
643 1673 744 1724 iubilaei
757 1674 888 1722 effectibus
903 1673 963 1722 Les.
977 1675 1106 1734 tata-55.

214 1859 248 1904 v.
266 1842 305 1902 13
321 1863 338 1896 «
354 1835 454 1902 Anao
470 1834 615 1901 iubilaei
630 1861 646 1894 »
660 1832 762 1900 iuius
774 1861 790 1893 α
804 1832 938 1900 redieret
953 1832 1448 1924 ornnesadpossessionessaas
1465 1867 1495 1907 n.

560 2052 591 2097 u.
606 2047 716 2110 esseae
728 2047 898 2109 qmaufruqa
913 2047 972 2097 mv.
989 2049 1111 2106 terere.

214 2210 298 2298 Arp.
316 2247 359 2258 —
370 2207 504 2275 Eruitur
521 2228 592 2274 non
610 2227 696 2293 ager
710 2207 796 2297 ipse,
813 2205 873 2273 scd
887 2207 1016 2274 fruetus
1035 2208 1110 2294 agri
1126 2231 1232 2298 usque
1249 2207 1293 2276 ad
1309 2208 1497 2278 iubilaeum

170 2317 324 2407 proxime
336 2336 492 2404 sequens.
506 2314 591 2380 llinc
600 2312 751 2403 pretium
762 2313 880 2379 crescit
892 2314 946 2381 vel
959 2312 1122 2381 decrescit
1132 2315 1353 2406 proportione
1364 2317 1500 2384 numeri

171 2442 341 2490 annorum
366 2420 506 2489 maioris
523 2418 580 2486 vel
603 2419 743 2486 minoris
766 2419 941 2508 usquead
970 2419 1058 2487 illud
1081 2419 1283 2490 iubilaeum.
1302 2427 1374 2501 Qua
1397 2423 1435 2490 in
1461 2447 1498 2492 re

169 2531 257 2597 iuste
273 2526 447 2614 agendum
466 2532 527 2608 est,
549 2548 621 2594 non
638 2525 766 2594 dolose.

213 2658 246 2702 v.
273 2640 313 2702 lt
331 2655 467 2702 rursum
483 2633 542 2723 (el.
562 2639 679 2716 19,33;
696 2636 753 2700 Ex.
768 2638 867 2715 aaut
886 2633 984 2700 hebr.
1006 2635 1061 2718 20)
1083 2632 1274 2702 inculcatur
1288 2636 1498 2728 principium

169 2743 212 2810 de
230 2741 386 2833 proximo
402 2763 476 2808 non
490 2737 743 2829 opprimendo,
762 2737 1063 2804 circumveniendo
1080 2761 1088 2805 ε
1104 2739 1282 2826 proximus
1293 2741 1501 2830 intelligitur

169 2848 322 2938 primum
336 2847 525 2936 popularis,
543 2845 626 2934 quin
638 2843 718 2909 ideo
733 2842 872 2910 licentia
886 2843 1092 2910 concedatur
1104 2851 1343 2913 extraneorum
1358 2849 1501 2917 circum-

170 2952 437 3032 veniendorum;
457 2955 531 3016 tota
544 2948 630 3016 haec
648 2948 898 3039 redemptionis
917 2949 971 3016 lex
991 2954 1168 3017 extraneos
1185 2951 1325 3020 minime
1346 2955 1497 3043 attingit.

170 3082 204 3125 v.
222 3063 264 3125 rt
281 3086 298 3119 «
318 3055 462 3138 Quando
476 3055 599 3122 veredes
617 3053 801 3145 quidpiam
816 3054 883 3122 cici
902 3068 960 3122 tua
974 3055 1030 3122 oel
1042 3078 1130 3124 emes
1143 3057 1186 3124 ab
1202 3079 1253 3139 ec,
1267 3081 1310 3126 ae
1325 3055 1501 3130 contristes

168 3167 314 3255 fratrem
335 3174 448 3249 tuam,
465 3161 527 3230 sed
547 3161 648 3229 iusta
674 3183 857 3230 numerum
879 3184 1051 3230 annorum
1074 3163 1219 3231 iubilaei
1239 3187 1327 3232 emes
1348 3170 1391 3234 ab
1411 3191 1449 3234 eo
1467 3199 1497 3236 ».

171 3271 274 3340 Hebr.
292 3292 305 3336 :
330 3292 502 3335 annorum
515 3281 597 3370 post
615 3267 822 3351 iubilaeam,
841 3291 925 3357 ergo
945 3291 1015 3336 non
1036 3269 1097 3360 qui
1120 3279 1304 3360 supersunt
1327 3295 1433 3363 usque
1458 3275 1504 3342 ad

141 3371 145 3378 “
171 3377 360 3446 iubilaeum
381 3377 539 3466 proxime
559 3376 715 3442 futurum
747 3375 874 3464 (Gai),
902 3375 962 3442 sed
984 3375 1046 3466 qui
1070 3376 1274 3446 effluxerunt
1294 3402 1315 3445 a
1342 3401 1501 3471 supremo

171 3484 267 3576 quod
282 3482 485 3551 decurrebat
503 3482 654 3549 iubilaeo
670 3481 783 3571 (Vat.)
801 3504 809 3547 :
830 3510 845 3542 a
862 3481 896 3548 Si
911 3483 1069 3550 vicesimo
1084 3505 1176 3550 anno
1195 3484 1381 3553 aiuhilaeo
1395 3509 1499 3571 emeS,

171 3614 241 3659 non
258 3590 346 3659 tanti
365 3611 474 3670 emes,
495 3587 615 3678 quanti
634 3588 822 3655 emendum
842 3593 944 3668 esset,
967 3588 997 3655 si
1013 3588 1132 3656 decem
1149 3594 1284 3657 tantum
1302 3593 1383 3660 anni
1402 3617 1503 3684 prae-

172 3698 351 3766 teriissent.
366 3695 491 3763 Namsi
506 3694 629 3782 viginti
641 3694 731 3761 anni
743 3694 851 3785 elapsi
862 3700 983 3777 essent,
995 3694 1140 3782 triginta
1153 3695 1262 3763 solum
1272 3708 1500 3789 superessent3

170 3805 200 3871 si
212 3802 341 3883 decem,
357 3801 598 3891 quadraginta.
614 3800 648 3867 si
663 3822 746 3887 ergo
760 3799 877 3890 plures
891 3800 1061 3891 supersint
1076 3802 1160 3868 unni
1175 3825 1195 3868 a
1208 3801 1372 3886 iubileeo,
1390 3805 1500 3894 pluris

172 3909 236 3977 tibi
251 3908 390 3990 vendet;
408 3908 437 3975 si
448 3906 647 3999 pauciores,
665 3906 812 3973 minoris
831 3934 861 3973 ».
874 3908 1025 3974 Praetice
1045 3907 1098 3974 illi
1112 3907 1181 3975 duo
1203 3911 1353 4000 computi
1373 3911 1500 3979 coinci-

172 4016 258 4084 dunt
288 4036 413 4097 :nam,
441 4015 530 4082 sicut
553 4013 701 4103 pretinm
730 4012 900 4080 minuitur
925 4035 988 4104 pro
1015 4012 1116 4080 annis
1137 4013 1181 4080 ab
1208 4015 1327 4082 ultimo
1349 4017 1500 4086 iubilaeo

172 4121 313 4211 elapsiS,
328 4123 377 4188 ita
391 4121 533 4188 solvitur
547 4121 679 4187 ratione
695 4140 865 4186 annorum
881 4141 987 4208 usque
1003 4118 1048 4186 ad
1062 4119 1254 4188 iubilacum
1272 4121 1425 4210 proxime
1444 4125 1499 4194 su-

171 4234 300 4296 turum.
321 4250 356 4295 v.
376 4233 417 4295 15
431 4254 448 4289 «
465 4229 510 4293 Et
529 4227 627 4294 iaxta
639 4225 918 4317 supputationem
931 4228 1077 4316 frapum
1096 4225 1218 4293 vendet
1233 4227 1298 4294 tibi
1315 4255 1345 4296 ».
1365 4233 1467 4298 Hebr.
1486 4256 1499 4300 :

173 4335 272 4402 iusta
289 4355 471 4400 numerurm
490 4355 658 4400 aaaomm
672 4333 820 4422 fraqam
852 4362 868 4395 e
896 4330 1175 4422 accipiendarum
1198 4359 1214 4394 »
1242 4333 1390 4425 (Baasr.)
1411 4360 1431 4404 a
1448 4345 1494 4421 te,

171 4441 228 4509 vel
238 4441 341 4508 etiam
354 4445 573 4530 acceptarum
583 4439 733 4530 abipso:
749 4460 831 4507 nam
841 4459 957 4507 sensus
967 4444 1085 4505 manet
1098 4439 1205 4508 idem.
1220 4463 1254 4508 v.
1273 4446 1313 4508 16
1328 4469 1344 4504 «
1363 4446 1497 4525 eraato

169 4547 288 4640 plures
306 4546 394 4614 anai
405 4546 631 4614 remanserint
651 4548 744 4636 [past
757 4545 969 4633 iubilaeaml,
988 4557 1081 4612 tanto
1101 4544 1221 4614 erescit
1239 4560 1272 4614 et
1283 4548 1449 4638 pretium,
1467 4564 1499 4616 et

174 4667 302 4746 quanto
321 4653 435 4720 mitras
450 4652 611 4744 temporis
630 4653 876 4737 numeraveris,
899 4663 993 4719 tanto
1014 4653 1157 4721 minoris
1176 4664 1208 4720 et
1226 4654 1352 4746 emptio
1366 4668 1498 4723 caresta-

174 4763 221 4829 bit
237 4784 249 4828 .·
264 4774 397 4852 tempas
411 4760 503 4828 enim
516 4762 663 4851 srrrpum
682 4788 697 4819 r
713 4797 757 4811 -
771 4761 871 4827 Hebr.
890 4781 1071 4826 mimeram
1083 4773 1270 4852 proceritas
1284 4799 1328 4814 -
1344 4788 1359 4825 u
1378 4762 1499 4832 vendet

585 4889 760 4925 nuxxsnxusn.
777 4901 810 4913 -·
825 4888 851 4926 ut
868 4889 909 4925 ax.
926 4889 957 4924 rr
974 4889 1028 4925 nar.
1047 4903 1078 4912 —
1095 4879 1124 4926 at
