3534 5384
234 413 291 473 134
715 426 754 469 ax
776 425 912 470 suniero
931 427 963 470 ιιι
985 425 1077 479 sruar.

233 562 277 629 ad
289 559 597 640 circumcisionem,
612 563 651 627 ut
662 565 736 625 erat
747 558 985 627 distinctivum
998 559 1151 627 familiae
1166 560 1340 626 Abraham
1354 565 1388 626 et
1405 558 1570 626 divinitus

231 667 457 758 praescripta,
475 688 545 732 non
559 672 597 733 ut
618 672 692 733 erat
706 666 871 755 professio
887 665 980 734 fidei.
998 667 1192 757 sapientius
1212 671 1342 754 negant
1361 665 1422 733 alii
1436 671 1567 733 censat-

233 796 299 864 qne
311 772 406 862 Sylc.
424 772 462 841 id
475 772 575 855 edici,
591 794 687 840 servo
703 777 740 839 ut
754 795 852 840 servo
865 779 899 840 et
913 773 1078 840 familiari
1092 795 1162 840 non
1177 773 1279 841 fuisse
1292 773 1345 841 ius
1363 772 1566 840 comedendi

241 881 361 963 Phase,
377 879 437 948 sed
451 879 610 946 debuisse
624 879 792 969 primum,
813 881 840 946 si
854 878 1035 947 comedere
1049 886 1199 970 optaret,
1212 878 1425 948 circumcidi.
1440 884 1485 947 lle
1503 901 1573 946 ser-

241 987 292 1053 vis
309 988 346 1053 in
361 987 463 1053 domo
480 986 554 1053 heri
577 985 667 1053 natis
685 986 775 1052 nibil
791 986 943 1054 dieitur:
965 986 1049 1075 ipsi,
1068 1010 1145 1055 mox
1163 985 1226 1054 ubi
1245 986 1488 1070 nascebantur,
1510 986 1574 1052 eir-

240 1093 527 1161 cumcidebantur
538 1092 643 1160 etiam
660 1092 767 1183 (Ka).
782 1115 815 1159 v.
833 1100 876 1163 1ιὸ
894 1120 909 1155 ιι
926 1092 1069 1160 Aduena
1087 1107 1120 1160 et
1134 1092 1365 1161 mercenarius
1385 1115 1454 1159 oon
1473 1090 1573 1159 edent

243 1200 443 1280 eae0».1i,
462 1205 499 1265 ut
519 1198 725 1288 plurimum,
742 1220 810 1264 non
831 1203 1075 1289 permanenter
1093 1199 1186 1267 inter
1200 1198 1370 1267 Hebraeos
1388 1198 1575 1265 versaban-

241 1311 313 1385 tur;
330 1328 399 1373 non
413 1312 511 1373 crant
533 1306 583 1371 uti
601 1306 691 1371 servi
706 1304 855 1392 urgendi
876 1310 910 1373 et
929 1305 1128 1375 inducendi.
1150 1310 1304 1374 Ceterum
1325 1305 1428 1396 plura
1445 1304 1488 1371 dc
1507 1304 1575 1371 illis

243 1437 276 1480 v.
294 1416 336 1481 l8
350 1411 466 1479 habet.
482 1434 515 1479 v.
528 1416 570 1479 to
591 1439 607 1473 ιι
629 1413 671 1478 ln
688 1435 759 1478 rena
773 1410 873 1479 domo
888 1412 1092 1497 comedetur,
1114 1434 1177 1479 nec
1197 1414 1343 1503 efferetis
1359 1410 1575 1479 decernibus

244 1520 317 1586 eius
329 1520 441 1607 sorus,
459 1539 521 1583 nee
541 1540 577 1583 os
591 1517 685 1584 illias
704 1518 930 1608 consrinqett'o
946 1548 975 1585 ιι.
992 1521 1040 1588 Cf.
1059 1524 1160 1587 Num.
1176 1526 1273 1602 9‚12;
1291 1524 1337 1585 lo.
1356 1526 1468 1600 19,36.
1485 1522 1575 1585 Unus

243 1647 355 1712 agnus
372 1624 410 1691 in
425 1624 527 1691 unica
539 1646 678 1714 semper
698 1624 800 1693 domo
822 1626 1040 1707 comedatur3
1056 1647 1124 1693 non
1147 1627 1303 1693 mittatur
1317 1647 1399 1716 pars
1412 1626 1455 1693 de
1470 1625 1574 1692 domo

241 1729 279 1799 in
292 1732 449 1813 domum,
467 1731 527 1798 ubi
541 1730 675 1798 facilius
685 1731 818 1821 aliquid
832 1732 867 1798 in
882 1754 1005 1800 manus
1019 1733 1156 1822 profani
1175 1733 1324 1800 hominis
1343 1732 1505 1799 devenire
1517 1753 1574 1822 po

247 1842 343 1905 terat.
364 1837 490 1920 Etiam,
511 1836 540 1905 si
560 1860 634 1905 ossa
649 1838 965 1925 confringebantur,
983 1838 1117 1906 facilius
1139 1838 1257 1929 aliqua
1275 1860 1395 1906 eorum
1409 1860 1490 1928 pars
1508 1836 1575 1905 dis

242 1943 464 2035 perdebatur.
481 1944 622 2011 Accedit
640 1943 727 2012 ratio
742 1946 868 2034 typica.
885 1968 918 2013 v.
936 1951 977 2014 if
995 1974 1010 2007 ιι
1031 1945 1149 2013 Omttis
1169 1928 1282 2012 coetus
1298 1944 1455 2035 (iliorum
1469 1944 1576 2011 lsrael

237 2050 345 2140 saciet
364 2050 456 2119 illud
470 2079 502 2131 ι,
518 2049 675 2118 comedet
688 2050 826 2139 pascha.
846 2056 935 2119 Haec
953 2056 1002 2118 est
1018 2052 1206 2142 propositio
1220 2051 1363 2141 positiva
1377 2073 1574 2141 correspon-

239 2157 323 2225 dens
333 2156 514 2243 negativae
529 2179 560 2223 v.
578 2164 631 2225 lt3.

487 2407 511 2452 b.
528 2406 655 2463 Quomodo
670 2406 814 2465 acquiratur
829 2408 869 2452 ius
881 2406 1026 2455 comedendi
1039 2407 1119 2454 Phase
1132 2408 1179 2456 Ex.
1197 2410 1266 2467 1248
1276 2421 1313 2469 sq.

284 2585 367 2671 Arq.
384 2621 428 2631 —
449 2580 645 2672 acquiritur
671 2582 940 2649 circumcisione.
957 2580 1085 2649 Eodem
1110 2604 1213 2673 porro
1232 2584 1307 2650 iure
1332 2583 1445 2673 quoad
1466 2584 1573 2651 Phase

244 2688 501 2771 celebrandum,
514 2692 548 2754 et
558 2687 933 2778 consequenterquoad
942 2688 1076 2779 reliqua
1085 2687 1213 2770 omnia,
1225 2689 1351 2757 fruitur
1360 2688 1494 2757 advena
1506 2689 1574 2756 ritu

243 2794 473 2862 Hebraeorum
488 2794 724 2878 circumcisus,
742 2794 828 2862 sicut
842 2795 1013 2863 Hebraeus
1027 2801 1138 2863 natus

286 2904 364 2979 Quis
378 2901 533 2983 miretur,
552 2900 678 2967 lahven
693 2901 854 2968 continuo
870 2901 907 2967 in
918 2901 1043 2969 Socoth
1056 2902 1170 2969 tulisse
1191 2902 1281 2969 hanc
1293 2901 1406 2991 legem
1428 2903 1572 2992 tempori

241 3014 310 3074 tam
324 3008 600 3089 convenientem,
616 3007 686 3073 imo
707 3006 957 3075 necessariam?
971 3008 1189 3075 Devinciebat
1202 3009 1268 3075 sibi
1289 3032 1329 3075 ea
1350 3008 1428 3096 lege
1447 3012 1573 3095 Moyses

239 3114 410 3203 imprimis
423 3113 511 3181 illud
524 3140 540 3174 ιι
559 3114 683 3201 vulgus
697 3113 931 3203 promiscuum
947 3115 1093 3182 multum
1109 3142 1124 3177 ιι
1147 3137 1218 3182 ιιοιι
1232 3115 1477 3194 Hebraeorum,
1495 3116 1572 3204 qui-

243 3221 309 3287 bus
336 3221 426 3287 viam
446 3220 663 3299 ostendebat,
691 3226 729 3286 ut
747 3221 951 3310 aequalibus
974 3243 1051 3288 cum
1080 3221 1239 3289 Hebraeis
1259 3221 1394 3289 iuribus
1418 3222 1573 3289 frueren-

239 3332 310 3407 tur;
333 3332 472 3412 gentem
498 3325 664 3393 reddebat
686 3326 796 3412 magis
817 3349 924 3394 unam
944 3328 1064 3410 saeris,
1091 3328 1239 3412 iuribus,
1265 3328 1368 3395 rebus
1396 3327 1567 3395 omnibus.

238 3456 271 3500 v.
286 3439 328 3501 ld
344 3462 360 3492 ιι
375 3432 475 3515 Qrcoel
482 3433 513 3499 εἰ
526 3432 603 3521 pacis
610 3432 871 3523 peregrinaretur
882 3436 918 3500 in
928 3446 1073 3500 vestram
1087 3434 1233 3501 uoluerit
1245 3435 1390 3502 transire
1403 3435 1570 3503 coloniam

237 3552 271 3605 et
277 3543 395 3629 [acere
409 3539 515 3605 Pftase
524 3538 679 3620 Domini,
693 3538 956 3607 circumcidetur
965 3540 1087 3632 lprvtts]
1098 3562 1199 3609 omne
1209 3541 1440 3609 masculinum
1452 3543 1525 3608 eius
1537 3570 1567 3623 ιι,

238 3646 262 3713 i.
279 3668 309 3712 e.
327 3645 399 3712 cius
412 3645 582 3729 familiae,
603 3675 618 3705 ιι
637 3658 670 3709 et
692 3658 771 3712 tunc
788 3646 853 3712 rite
872 3645 1054 3713 celebrabit
1073 3647 1205 3738 eritque
1219 3649 1305 3714 siccat
1321 3647 1488 3737 forliqena
1508 3661 1571 3716 ter-

237 3775 306 3820 roe.
328 3750 462 3841 Siquis
482 3763 597 3818 uectem
618 3751 840 3819 circumcisus
857 3776 927 3820 riou
945 3753 1069 3841 suerat,
1088 3776 1157 3821 nort
1173 3768 1325 3821 vescetur
1344 3778 1385 3821 ee
1407 3778 1445 3821 eo
1470 3783 1500 3823 ιι.
1517 3759 1570 3822 Se-

235 3880 344 3947 quens
357 3879 472 3925 versus
481 3860 553 3945 agit
565 3858 609 3925 de
615 3859 803 3948 pereprieo
809 3910 820 3945 ,
834 3858 894 3950 qni
908 3860 1204 3928 circumcisionem
1220 3861 1324 3929 subiit
1340 3860 1462 3951 (Coi),
1477 3860 1570 3928 ideo-

236 3987 302 4054 que
318 3963 388 4030 iam
410 3986 479 4030 non
497 3971 546 4030 est
563 3966 784 4054 peregrinus3
806 3987 888 4033 nam
906 3966 1052 4033 eandem
1074 3988 1143 4033 non
1165 3988 1236 4033 esse
1253 3966 1367 4053 legem
1385 3968 1570 4058 peregrino

235 4075 338 4159 atque
351 4070 518 4149 Hebraeo,
537 4069 715 4139 definierat
727 4070 937 4161 praecedens
956 4073 1136 4140 sententia.
1152 4095 1184 4138 v.
1204 4078 1245 4139 aa
1263 4102 1278 4135 ιι
1295 4073 1426 4141 Eodem
1440 4074 1495 4141 lca
1507 4076 1571 4141 erit

237 4174 423 4264 indipenae
437 4190 469 4241 et
478 4175 611 4261 colono,
626 4176 688 4266 qui
695 4178 937 4267 pereqrr'rtatur
949 4178 1045 4269 uliud
1060 4203 1115 4245 ros
1129 4208 1161 4262 u,
1177 4180 1330 4269 proxime
1346 4181 1461 4271 quoad
1475 4202 1569 4248 com-

234 4281 406 4349 edendum
417 4281 539 4366 Phase,
557 4283 703 4350 mediate
719 4285 832 4374 quoad
846 4285 982 4376 reliqua
995 4285 1121 4354 omnia.

280 4394 325 4455 De
345 4376 479 4456 duabus
503 4390 660 4456 clausulis
688 4412 719 4456 v.
745 4398 787 4457 50
808 4414 859 4480 sq.
887 4391 1087 4459 dicebamus
1106 4416 1139 4482 p.
1169 4399 1243 4461 129.
1269 4433 1313 4443 -
1334 4415 1366 4462 v.
1392 4400 1434 4459 50
1462 4423 1479 4455 ιι
1504 4396 1567 4460 Fe-

234 4506 419 4584 ceruntqtte
449 4518 564 4561 carues
591 4494 661 4585 fittt
692 4497 814 4583 lsrael,
841 4496 930 4563 siccet
953 4510 1176 4588 praeceperat
1199 4500 1365 4567 Dentibus
1396 4500 1510 4589 Mopsi
1535 4514 1567 4567 et

232 4601 348 4668 Aaron
361 4627 391 4680 »,
405 4602 519 4689 quoad
532 4600 762 4669 admittendos
772 4602 817 4669 ad
830 4605 959 4693 pascha
969 4603 1248 4673 manducandum
1260 4612 1303 4689 et,
1321 4607 1459 4696 quando
1471 4630 1568 4674 occa-

233 4707 366 4774 sionem
380 4706 473 4773 nacti
486 4712 579 4789 sunt,
597 4707 713 4796 quoad
728 4709 1039 4791 circumcidendos;
1055 4732 1086 4775 v.
1105 4718 1145 4778 51
1167 4740 1181 4772 ι
1197 4712 1360 4778 eteoclem
1376 4712 1432 4779 elie
1447 4714 1566 4780 ederit

234 4814 401 4880 Dratinus·
409 4812 502 4902 lilios
515 4814 623 4880 necet
636 4814 678 4880 de
693 4829 783 4882 terro
797 4817 946 4906 Aeqyptr'
954 4840 1020 4906 per
1039 4829 1167 4883 tierricus
1184 4841 1263 4884 setas·
1284 4847 1314 4885 ιι.
1333 4818 1380 4886 Cf.
1400 4826 1491 4903 aaa
