3534 5384
305 1119 345 1170 A.
360 1119 560 1172 Mandatum
574 1133 735 1172 novorum
749 1133 924 1174 sacrorum
939 1122 1224 1184 procurandorum
1239 1122 1299 1173 Ex.
1330 1121 1443 1173 24-81.

258 1352 356 1415 Arete
374 1349 460 1414 haec
482 1369 562 1414 cum
583 1347 867 1438 praecedentibus
889 1349 1086 1416 cohaerent.
1111 1349 1253 1416 lubetur
1272 1371 1318 1416 sc.
1342 1353 1467 1438 Moyses
1483 1356 1538 1426 nt,

216 1461 273 1536 123
299 1460 377 1536 aei
401 1454 537 1521 tabulas
560 1477 581 1522 a
601 1455 703 1522 Iahve
729 1455 883 1546 accipere
908 1454 1115 1542 decalogum
1145 1455 1347 1545 inscriptum
1371 1455 1537 1523 habentes

211 1561 421 1650 theophania
436 1561 706 1650 promulgatum.
723 1562 788 1629 Sed
811 1584 889 1628 cum
914 1562 979 1629 hoc
997 1561 1198 1629 secundario
1212 1562 1280 1628 fine
1296 1561 1384 1628 alius
1399 1563 1541 1630 omnino

211 1667 395 1757 primarius
410 1668 637 1734 connectitur.
656 1669 887 1735 Hebraeorum
904 1670 941 1736 in
954 1673 1109 1757 Aegypto
1123 1690 1366 1759 oppressorum
1382 1674 1469 1736 Deus
1483 1668 1542 1737 de-

212 1775 400 1840 fensionem
416 1779 633 1864 suscepturus
648 1797 775 1842 novum
789 1797 917 1842 nomen
930 1776 1033 1842 lahve
1045 1775 1111 1840 sibi
1132 1783 1373 1864 assumpserat.
1395 1776 1456 1842 Cui
1475 1777 1539 1842 hoc

213 1880 351 1946 nomine
373 1881 566 1947 invocando
588 1881 782 1948 debebatur
802 1881 1007 1948 sacrificium
1025 1886 1116 1960 3,18.
1138 1885 1262 1947 Annon
1283 1902 1433 1970 aequum
1449 1889 1539 1965 erat,

211 1991 250 2053 ut
263 1987 329 2053 hoc
346 1986 550 2054 sacrificium
570 1992 638 2054 Deo
652 2010 742 2054 novo
757 1989 898 2055 nomine
914 1987 1120 2078 appellando
1134 1987 1345 2054 offerendum
1365 1988 1543 2054 offerretur

213 2093 316 2159 etiam
341 2093 379 2159 in
406 2116 496 2160 novo
520 2095 715 2161 sanctuario
739 2117 801 2185 per
823 2095 905 2160 novi
928 2093 1062 2161 ordinis
1089 2094 1301 2160 sacerdotes?
1319 2093 1535 2161 Accedebant

213 2201 334 2266 veteris
349 2199 480 2266 ordinis
502 2201 718 2268 sacerdotum
740 2200 848 2267 animi
868 2199 970 2287 Moysi
989 2205 1182 2267 constanter
1196 2201 1332 2268 intensi.
1353 2200 1415 2277 Qui
1435 2202 1537 2268 etiam

211 2304 247 2371 in
267 2305 415 2372 solemni
435 2329 510 2397 cap,
535 2312 575 2372 19
595 2306 806 2395 theophania
829 2305 997 2397 populum
1025 2307 1069 2372 ab
1090 2307 1261 2374 intrandis
1280 2313 1423 2374 vocante
1440 2308 1540 2374 iahve

210 2412 367 2478 terminis
381 2413 571 2480 cohibuisse
584 2412 757 2480 videntur.
772 2418 972 2480 Dccreverat
987 2436 1070 2500 ergo
1082 2416 1183 2481 tahve
1195 2413 1371 2480 occasione
1380 2412 1540 2479 rebellio·

209 2519 276 2600 nis,
294 2518 566 2608 quamproxime
580 2519 733 2587 futuram
751 2519 976 2610 praevidebat
993 2521 1078 2610 (cap.
1097 2521 1172 2606 32),
1189 2543 1245 2586 eos
1261 2519 1405 2586 emedio
1420 2520 1539 2587 tollere

210 2646 400 2714 eorumque
421 2625 649 2692 sacerdotium
668 2625 866 2716 repudiare;
889 2626 959 2692 iam
974 2648 1066 2693 nuno
1086 2632 1202 2693 autem
1221 2611 1320 2713 Moysi
1336 2626 1537 2692 mandatum

210 2731 317 2797 tradit
329 2732 411 2798 novi
428 2733 613 2834 sanctuarii
626 2738 659 2799 et
673 2731 853 2799 sacerdotii
867 2732 1089 2821 procurandi.

253 2842 310 2905 iix.
329 2844 371 2906 tt
394 2843 444 2904 est
465 2837 601 2905 divinae
617 2838 783 2904 orationis
804 2839 985 2927 praefatio.
1002 2838 1140 2904 iubetur
1155 2861 1187 2904 v.
1207 2843 1223 2903 1
1240 2843 1365 2925 Moyses
1380 2859 1458 2903 cum
1474 2842 1539 2904 Aa·

211 2965 294 3009 rone
318 2951 352 3010 ct
371 2943 452 3010 filiis
475 2967 514 3011 ae
541 2944 748 3027 senioribus,
775 2967 807 3010 v.
833 2952 853 3010 2
872 2966 1009 3011 rursum
1031 2945 1123 3012 solus
1141 2943 1186 3010 ad
1206 2949 1311 3011 [teum
1338 2942 1533 3010 ascendere.
1562 2955 1571 2966 ‘

211 3049 299 3115 illud
327 3051 535 3118 exsecutioni
566 3050 749 3118 mandetur
770 3057 927 3132 uni-11,
955 3051 1020 3117 hoc
1047 3055 1223 3131 nidd-18.
1246 3054 1442 3140 Sequuntur
1462 3071 1537 3138 cap.

209 3161 313 3224 25-31
335 3156 452 3224 divina
467 3158 510 3223 de
524 3157 719 3224 sanctuario
732 3162 766 3223 et
778 3157 966 3224 sacerdotio
986 3156 1161 3224 mandata.

507 3388 529 3436 1.
545 3387 661 3435 DIVIMI
675 3388 839 3446 ALLOQUII
857 3387 1120 3436 PRAEAMBULUM
1137 3387 1182 3434 Ex.
1200 3390 1237 3435 24.

413 3527 443 3587 1.
468 3521 628 3589 seniores
651 3544 729 3588 cum
753 3525 870 3610 Moyse
894 3519 1084 3587 ascendunt
1107 3527 1163 3588 Ex.
1181 3525 1336 3600 uni-11.

253 3709 337 3796 Ary.
358 3745 404 3758 -
422 3708 555 3775 andins
570 3709 628 3776 uei
646 3708 817 3775 mandatis
834 3708 983 3797 populus
1001 3707 1156 3775 animum
1177 3707 1221 3774 ad
1235 3706 1466 3775 obediendum
1482 3729 1527 3796 pa

209 3819 323 3880 ratum
342 3815 533 3904 profitetur,
548 3819 673 3903 Moyses
687 3815 851 3881 mandata
870 3816 906 3881 in
926 3814 1087 3881 volumen
1104 3812 1251 3880 foederis
1266 3812 1460 3880 conscribit.
1478 3817 1540 3878 Se·
1575 3839 1581 3850 ·

209 3927 334 4009 quente
353 3943 454 3987 mane
472 3921 627 4002 iuvenes,
646 3943 794 4010 quorum
815 3921 852 3986 id
874 3927 948 3988 erat
970 3920 1140 4002 officium,
1164 3919 1322 3986 victimas
1335 3917 1538 3993 immolant;

209 4029 334 4115 Moyses
358 4049 437 4094 vcro
455 4027 644 4095 sacerdotio
663 4025 736 4117 ipse
757 4028 905 4113 fungens
923 4027 1101 4113 sauguinis
1120 4032 1257 4115 partem
1272 4029 1441 4106 reservat,
1457 4025 1539 4091 reli-

208 4154 315 4221 quum
328 4132 428 4200 altari
443 4133 601 4201 affundit.
618 4137 716 4201 Lecto
728 4134 901 4201 volumine
912 4131 1058 4223 populus
1068 4132 1284 4200 obedientiae
1293 4130 1537 4221 professionem

208 4239 321 4321 iterat,
335 4245 461 4328 Moyses
476 4240 636 4306 volumen
645 4246 678 4307 et
693 4240 860 4330 populum
869 4241 905 4306 in
918 4239 1056 4326 signum
1071 4239 1194 4306 sanciti
1208 4238 1355 4304 foederis
1369 4237 1537 4322 sanguine

208 4346 372 4435 aspergit.
396 4350 526 4429 Aaron,
548 4346 609 4412 filii
635 4353 669 4413 et
690 4347 841 4414 seniores
861 4353 1040 4436 tamquam
1060 4351 1125 4412 Deo
1147 4345 1315 4412 foederati
1336 4366 1412 4411 cum
1430 4349 1539 4432 Moyse

206 4453 395 4519 ascendunt
410 4457 443 4519 et
460 4452 505 4518 ad
529 4452 685 4519 divinum
709 4460 930 4542 conspectum
952 4452 1194 4520 admittuntur.
1216 4456 1240 4517 E
1262 4457 1377 4518 monte
1394 4449 1536 4518 reduces

207 4558 412 4626 sacrificium
427 4559 624 4626 inchoatum
641 4581 738 4626 sacro
752 4560 853 4649 epulo
868 4558 1089 4626 concludunt.

244 4747 372 4799 Meminit
393 4751 462 4798 rosi.
484 4747 667 4811 quorumdam
693 4751 864 4814 putantium,
887 4751 987 4799 horum
1010 4749 1152 4812 proprium
1178 4746 1272 4798 locum
1298 4746 1385 4796 fuisso
1411 4751 1536 4794 extremo

209 4851 269 4903 cap.
291 4838 339 4898 19,
355 4838 403 4888 ubi
418 4837 529 4900 Moyses
542 4837 577 4886 ad
589 4836 698 4888 radices
716 4839 819 4888 moniis
838 4839 1006 4888 constitutus
1027 4837 1111 4887 etiam
1128 4836 1276 4887 iubebatur
1296 4834 1450 4892 ascendam
1464 4845 1536 4895 quae

892 4935 935 4980 25¹
