3534 5384
253 357 312 416 ⁹238
739 373 778 416 ex
799 371 933 417 nscnrro
955 371 986 415 in
1008 373 1102 417 srnar.

252 510 344 572 taxat
365 525 373 572 ε
392 510 426 571 et
444 513 628 595 propterea
642 505 807 596 prohibet
829 505 966 574 blandis
981 505 1199 573 sermonibus
1214 505 1329 572 ornari
1348 527 1487 574 causam
1501 529 1588 598 pau-

249 612 350 701 peris,
369 618 402 678 et
417 613 524 680 multo
540 613 652 699 magis
662 612 811 680 aliorum
833 641 849 674 a
866 611 985 701 (Coi).
1003 626 1062 680 'un
1074 613 1203 702 quippe
1218 611 1582 700 significatcdornarc.

251 722 356 784 Tanto
378 719 605 809 opportunior
629 724 703 786 erat
726 719 813 786 hacc
836 719 908 798 lex,
924 719 1018 808 quod
1043 720 1127 786 alias
1148 723 1234 785 [teus
1257 715 1528 786 inisericordiam
1550 721 1586 786 in

250 845 418 913 pauperes
436 829 616 915 tantopere
637 825 786 892 inculcet
811 825 944 914 (Tusa).
962 829 1035 892 Non
1054 831 1225 914 repugnat
1240 826 1324 892 huic
1338 825 1411 912 legi
1430 827 1531 895 Eccli.
1552 832 1582 910 t,

252 936 292 995 10
310 952 318 999 :
340 958 356 991 «
372 933 407 996 in
424 931 552 998 iudicio
566 937 637 998 esto
651 931 792 1021 pupillis
804 932 997 999 misericors
1013 936 1051 998 ut
1060 935 1158 1021 pater
1174 957 1205 1000 u.
1227 931 1290 1009 Qui
1306 931 1404 998 locus
1418 933 1586 1022 praecipit

251 1064 267 1097 «
282 1037 415 1127 primo,
434 1045 472 1104 ut
489 1037 593 1104 iudex
610 1037 769 1106 admittat
794 1059 988 1129 pauperum
1012 1059 1130 1105 causas
1147 1058 1215 1103 non
1243 1038 1357 1105 minus
1379 1043 1481 1128 atque
1496 1038 1584 1105 divi-

249 1149 339 1228 tum;
357 1144 522 1227 secundo,
540 1167 584 1211 ne
598 1145 751 1233 patiatur
768 1165 940 1234 pauperes
959 1165 980 1210 a
994 1143 1158 1211 divitibus
1174 1147 1208 1210 ct
1219 1144 1470 1232 potentioribus
1483 1145 1521 1212 in
1534 1145 1584 1212 iu-

250 1251 339 1317 dicio
355 1251 521 1340 opprimi3
542 1249 662 1332 tertio,
684 1255 741 1332 ut,
764 1251 792 1316 si
807 1250 862 1317 ius
882 1251 926 1317 sit
950 1272 990 1317 ex
1014 1255 1110 1338 parte
1130 1251 1314 1340 pauperis,
1333 1250 1430 1318 nulla
1449 1273 1504 1333 re,
1521 1273 1585 1318 nec

249 1357 366 1424 favore
386 1356 503 1424 divitis
524 1379 587 1424 nec
613 1357 687 1425 eius
705 1356 892 1423 offensione
907 1360 1098 1438 moveatur,
1116 1356 1299 1446 quominus
1311 1357 1435 1425 iustam
1449 1361 1582 1425 sentcn-

249 1463 335 1530 tiam
348 1463 453 1544 lerat3
470 1462 635 1554 denique,
651 1469 690 1530 ut
702 1462 849 1553 pauperi
865 1469 898 1529 et
912 1462 1045 1552 pupillo
1058 1461 1094 1528 in
1107 1462 1269 1529 omnibus
1278 1463 1475 1546 subveniat,
1493 1463 1583 1531 salva

251 1591 372 1637 causae
388 1569 520 1637 iustitia
540 1598 556 1630 n
578 1570 746 1658 (Bausta).

633 1777 659 1838 β.
677 1773 775 1823 Manita
791 1787 836 1836 pro
852 1774 1013 1834 litigantibus
1030 1773 1076 1822 Ex.
1094 1775 1147 1836 23st
1164 1788 1200 1835 sq.

295 1936 379 2025 Arg.
394 1973 437 1986 -
455 1935 517 2011 Qui
543 1957 660 2001 coram
680 1933 794 2001 iudice
813 1934 1026 2002 contendunt
1043 1934 1097 2002 vel
1120 1932 1388 2017 contenderunt,
1409 1934 1585 2003 ordinaria

250 2041 407 2109 carimt'm
423 2041 538 2108 officia
553 2040 705 2110 invicem
722 2063 795 2108 non
813 2040 996 2128 denegent.

294 2147 461 2215 inimicus
482 2152 521 2214 et
531 2170 609 2214 asor
623 2153 745 2216 tenore
756 2148 850 2214 vocis
866 2149 986 2238 utique
1006 2146 1119 2214 omnis
1139 2144 1276 2234 generis
1290 2145 1448 2213 inimicos
1469 2147 1584 2236 desig-

249 2261 325 2338 nat,
349 2254 420 2322 imo
437 2252 587 2321 secunda
606 2276 672 2320 vox
690 2277 722 2321 v.
746 2259 788 2320 22
809 2253 852 2320 de
870 2255 955 2342 ipsis
967 2253 1131 2322 hostibus
1148 2253 1315 2322 exbaneis
1332 2251 1508 2337 scribitur,
1525 2255 1585 2345 qui

250 2384 282 2427 v.
300 2367 384 2448 bsq.
400 2359 588 2426 certissime
605 2359 844 2427 excluduntur.
861 2363 952 2445 Ergo
967 2359 1059 2426 vocis
1071 2359 1225 2426 ambitus
1233 2359 1270 2428 h.
1287 2359 1311 2425 l.
1328 2365 1522 2428 acontestu
1537 2367 1585 2428 est

249 2464 474 2533 definiendus.
492 2469 574 2533 Cum
593 2466 702 2550 igitur
720 2489 753 2530 v.
773 2471 830 2532 1-3
853 2471 978 2550 agatur
992 2464 1034 2531 de
1048 2464 1190 2532 testibus
1211 2465 1247 2530 in
1266 2463 1395 2532 iudicio
1418 2471 1456 2532 et
1474 2489 1508 2538 r.
1527 2473 1586 2536 6-8

250 2572 292 2639 de
306 2572 430 2653 iudice,
446 2594 512 2639 non
529 2571 614 2638 alios
627 2595 659 2638 v.
678 2577 697 2639 t
713 2593 764 2660 sq.
782 2570 940 2638 inimicos
954 2569 1186 2658 intelligemus
1196 2569 1262 2636 nisi
1275 2577 1389 2660 partes
1401 2572 1439 2637 in
1454 2571 1584 2641 iudicio

249 2677 433 2765 litigantes.
460 2682 664 2767 interpretes
678 2676 716 2756 ii,
740 2677 898 2766 quicum
918 2681 1113 2744 contextum
1132 2677 1311 2764 ignorant,
1330 2683 1503 2765 coguntur
1524 2679 1583 2746 ad-

250 2785 386 2851 mittere
405 2809 438 2852 v.
456 2789 475 2849 t
496 2807 547 2873 sq.
572 2807 593 2849 a
611 2783 745 2872 reliquo
776 2807 809 2851 v.
833 2788 889 2849 1-ss
912 2787 1070 2850 contextu
1091 2783 1217 2852 misere
1237 2782 1429 2867 dissonare,
1446 2783 1484 2851 in
1506 2809 1583 2852 eum

251 2891 363 2959 locum
386 2891 526 2979 delapsa
547 2911 617 2956 esse
640 2891 691 2956 vel
713 2890 863 2956 auctoris
885 2888 1042 2956 socordia
1061 2889 1116 2956 vel
1139 2888 1272 2956 scribae
1294 2891 1439 2961 incuria.
1461 2895 1582 2959 Verum

251 3004 426 3065 auctorem
436 3003 589 3064 nostrum
606 2996 797 3086 reperimus
808 2996 845 3062 in
856 2993 994 3082 legibus
1005 2994 1209 3082 colligendis
1222 2996 1325 3063 luisse
1335 3019 1502 3088 perquam
1517 2999 1586 3066 sol·

250 3105 388 3184 mrtem,
407 3102 541 3170 scribac
557 3109 672 3169 autem
688 3124 784 3170 error
796 3124 866 3168 non
881 3106 931 3168 est
943 3101 1078 3170 lucilius
1094 3100 1332 3170 adstruendus.
1350 3127 1383 3170 v.
1401 3109 1419 3168 b
1439 3132 1454 3164 ι(
1472 3103 1514 3172 si
1528 3127 1584 3172 oc·

250 3209 396 3277 curreris
412 3208 487 3276 dori
500 3208 634 3276 inimici
648 3209 701 3274 tui
712 3221 773 3276 aut
793 3208 889 3274 ariao
905 3211 1046 3290 erranti,
1065 3208 1167 3275 reduc
1182 3207 1230 3275 acl
1243 3233 1321 3275 eum
1337 3237 1367 3276 u.
1390 3214 1486 3278 licut.
1503 3217 1579 3292 221

249 3316 342 3384 idem
364 3315 514 3383 officium
533 3314 748 3383 reddendum
762 3314 1009 3406 praescribitur
1022 3314 1134 3401 fratri
1156 3314 1315 3399 cuilibet,
1337 3338 1384 3382 sc.
1411 3317 1579 3385 Hebraeo.

250 3446 283 3490 v.
302 3431 351 3490 5«
368 3422 411 3492 Si
421 3421 545 3490 rideris
560 3423 697 3489 asinum
712 3421 856 3489 odientis
872 3434 903 3488 te
919 3423 1028 3489 iecere
1044 3423 1105 3488 sub
1122 3443 1238 3506 onere,
1254 3445 1323 3488 raon
1337 3423 1582 3512 pertransibis,

251 3528 312 3596 sed
324 3529 513 3596 sublevetis
526 3551 604 3596 cum
619 3552 657 3596 eo
674 3557 707 3595 ».
731 3557 747 3589 α
771 3528 898 3607 Quibus
921 3528 1037 3611 docet,
1064 3528 1211 3596 eundem
1228 3550 1299 3595 csse
1316 3533 1353 3596 V.
1371 3535 1473 3620 atque
1488 3533 1525 3597 N.
1544 3535 1581 3599 T.

252 3636 484 3724 legislatorem
515 3657 679 3725 eumque,
702 3635 762 3724 qui
788 3635 880 3702 hanc
897 3634 1012 3722 legem
1037 3634 1245 3718 condiderit,
1275 3637 1380 3702 etiam
1406 3637 1584 3725 evangeli-

253 3765 329 3811 cam
345 3743 489 3809 donasse
510 3771 525 3802 »
550 3740 791 3832 (mederet).

288 3913 348 3967 int
355 3912 433 3966 :iibri
447 3912 502 3965 :rr
511 3887 541 3963 b
551 3910 631 3965 :iiim
642 3885 747 3961 nb'tt'tt.
765 3903 871 3955 Ultima
881 3917 947 3968 pars
962 3904 1153 3956 dlllicultatem
1164 3905 1335 3960 nonhabet:
1351 3907 1496 3958 certissime
1516 3908 1584 3959 libe-

253 3998 329 4048 rabis
340 3997 445 4047 animal
460 4009 517 4045 cum
528 4009 570 4055 eo,
583 4007 622 4045 sc.
637 3995 760 4044 inimico.
774 3992 830 4044 Sed
842 3995 919 4058 prior
934 4005 999 4057 pars
1010 3993 1162 4044 obscurior.
1177 3994 1275 4044 basar.
1289 3995 1443 4046 scribentes
1462 3997 1583 4048 atbnach

253 4086 350 4138 subter
363 4066 407 4144 ib,
433 4085 554 4148 priorem
561 4061 676 4147 'partem
687 4083 800 4134 trabunt
814 4081 850 4132 ad
863 4082 1078 4146 praecedentem
1092 4081 1236 4146 prodosin.
1253 4082 1400 4135 Consentit
1419 4085 1537 4134 Chald:
1553 4088 1584 4134 Si

256 4177 389 4226 rideris...
405 4179 429 4222 ct
440 4172 654 4238 refraeacceris,
671 4171 813 4234 quominus
825 4172 949 4233 ignoscas
966 4172 991 4219 ei
999 4185 1006 4230 ;
1018 4169 1053 4220 ad
1068 4183 1130 4220 earn
1145 4183 1211 4220 vcro
1223 4173 1301 4222 vocis
1316 4173 1407 4223 chald.
1422 4179 1483 4234 tun
1494 4177 1585 4237 signi-

255 4263 413 4313 ficationem
425 4261 460 4311 cl.
478 4260 548 4312 Gen.
569 4260 641 4321 tlt.
660 4259 862 4311 ConsentitPs.
876 4265 935 4308 lon.
954 4271 987 4308 :t
1007 4258 1037 4308 Sl
1055 4259 1193 4309 videris...
1214 4262 1241 4310 et
1265 4260 1468 4312 retraenaveris
1490 4265 1585 4326 quoad

255 4353 377 4401 animam
391 4356 483 4410 tuam,
505 4351 655 4414 quominus
669 4350 876 4413 appropinques
891 4349 917 4398 ci
932 4365 958 4397 s.
976 4346 1124 4398 Consentit
1138 4351 1201 4411 Sur.
1215 4349 1331 4400 liberius
1344 4353 1457 4402 vertens
1474 4365 1480 4400 :
1496 4354 1527 4402 Si
1542 4355 1587 4403 oi-

256 4440 362 4490 deris...
377 4446 402 4488 et
413 4440 521 4502 quoeris
539 4453 595 4488 non
607 4437 746 4488 sublevare
761 4451 820 4488 cum
834 4450 863 4486 eo
880 4453 906 4487 r.
924 4435 1047 4487 Fulcitur
1062 4437 1131 4486 haec
1145 4437 1305 4501 explanatio
1321 4443 1398 4490 textu
1413 4439 1494 4492 Deut.
1509 4441 1585 4504 tid.

255 4528 374 4581 eandem
387 4528 479 4592 legem
491 4529 576 4591 paulo
590 4527 654 4577 allis
667 4527 762 4577 verbis
775 4527 919 4589 repetente
935 4539 941 4574 :
961 4541 972 4572 r
991 4525 1055 4574 Non
1073 4523 1181 4576 videbis
1196 4528 1305 4577 asinum
1320 4526 1413 4578 fratris
1429 4529 1468 4578 tui
1481 4530 1527 4580 vel
1537 4531 1587 4582 bo·

255 4631 319 4669 vem
333 4618 394 4668 eius
407 4615 539 4681 delapsos
553 4629 635 4667 secus
646 4618 735 4673 viam,
751 4619 780 4666 et
793 4615 943 4665 subtrahes
958 4618 986 4664 te
1002 4613 1036 4664 ab
1052 4616 1111 4664 eis:
1126 4615 1283 4666 certissime
1295 4617 1388 4679 eriges
1402 4629 1465 4668 erun
1480 4619 1542 4683 ipso
1560 4635 1587 4670 ι.

254 4707 379 4758 Verbum
394 4709 449 4764 :tit
462 4710 505 4756 ter
519 4705 548 4756 in
560 4705 657 4756 eadem
672 4705 812 4756 sententia
826 4703 960 4766 scriptum
976 4702 1089 4764 codem,
1107 4705 1131 4752 si
1146 4701 1207 4754 srerl
1221 4706 1327 4768 potest,
1345 4719 1430 4756 sensu
1445 4709 1589 4772 accipien-

257 4795 322 4848 dum
337 4799 389 4848 est.
406 4793 481 4859 Ergo
497 4807 503 4842 ε
520 4794 698 4844 stridoris...
715 4799 739 4843 ct
753 4791 873 4843 omiseris
891 4790 1006 4842 liberare
1022 4791 1127 4842 animal
1141 4793 1181 4853 ci,
1196 4793 1231 4843 ad
1246 4795 1306 4844 cius
1321 4795 1511 4859 commodum,
1528 4809 1589 4848 cer-
