3534 5384
739 374 786 417 nx.
810 357 882 430 282
905 374 969 426 888.
1463 360 1522 419 219

190 507 384 575 Aurunci
401 512 493 589 (123.
510 508 709 595 Postquam
727 505 927 593 generalem
946 500 1210 575 consecrationis
1227 507 1523 575 annuntiationem

190 618 300 681 vestes
313 634 429 679 sacrae
443 616 701 695 enumerantur,
722 634 840 681 earum
854 616 1000 681 materia
1012 612 1431 700 generatimdesignatur.

235 742 266 787 v.
284 726 305 787 2
321 747 337 780 u
357 718 539 809 Faciesque
553 729 678 786 uestem
696 732 851 786 sanatam
865 748 881 780 »
899 759 944 771 -
958 722 1060 788 Hetr.
1079 731 1183 787 uestes
1197 757 1242 770 —
1261 748 1277 779 «
1293 723 1409 787 Aaron
1416 722 1529 811 fratri

194 840 251 893 tuo
264 828 301 892 in
314 825 462 917 pluriam
474 839 506 891 et
526 826 680 892 decorem
700 854 736 908 1,
758 834 796 893 81
811 827 854 893 811
868 825 1076 895 reverendus
1097 831 1131 893 et
1144 826 1287 895 decorus
1302 825 1442 917 (Syia).
1463 833 1524 894 To-

191 940 245 1001 tus
259 934 352 999 enim
363 932 478 999 cultus
491 936 649 999 externus
667 928 847 1000 ordinatur
858 933 904 1000 ad
920 934 1005 1017 hoc,
1027 939 1065 999 ut
1083 933 1240 999 homines
1257 931 1467 1000 inducantur
1480 934 1525 999 ad

192 1038 252 1107 Dei
264 1038 508 1118 reverentiam
525 1044 559 1106 et
570 1039 812 1128 quiahomines
824 1039 939 1107 minus
952 1047 1153 1107 reverentur
1164 1062 1215 1121 88,
1232 1060 1321 1129 quae
1336 1043 1418 1106 sunt
1432 1061 1525 1106 com-

193 1144 313 1213 munia
332 1150 366 1212 et
384 1145 430 1212 ab
444 1144 521 1211 aliis
539 1166 608 1212 non
629 1144 804 1227 distincta,
825 1144 904 1213 idco
923 1147 1076 1237 oportuit
1092 1168 1156 1236 pro
1176 1144 1235 1213 [tei
1254 1145 1348 1213 cultu
1365 1146 1525 1236 specialia
1637 1207 1642 1217 ,

193 1255 364 1343 tempora,
402 1252 494 1333 loca,
527 1274 625 1336 vasa,
655 1253 875 1335 vestimenta,
909 1252 1082 1319 ministros
1114 1250 1289 1342 provideri
1322 1252 1371 1340 (S.
1408 1252 1434 1317 T
1432 1252 1522 1316 horn.

196 1364 229 1425 1*
241 1365 288 1425 2ιο
308 1381 342 1448 q.
362 1364 424 1424 102
445 1362 509 1424 811.
534 1362 554 1424 t
576 1364 610 1425 et
623 1358 671 1447 5).
693 1360 893 1426 131111»
912 1371 949 1425 tu
971 1386 987 1419 a
1005 1358 1155 1449 loqueris
1173 1358 1304 1425 cunctis
1318 1358 1526 1449 sapientibus

195 1464 293 1531 carde
314 1490 348 1547 1,
373 1464 561 1531 artificibus
580 1470 704 1531 natura
726 1454 846 1554 peritis
861 1465 1000 1555 (Tora),
1026 1496 1041 1527 «
1062 1488 1146 1555 piros
1165 1465 1296 1555 replevi
1307 1464 1430 1554 spiritu
1440 1486 1526 1553 pru-

196 1570 332 1638 dentiae
353 1598 389 1654 »,
414 1569 631 1660 providentia
650 1570 721 1638 sive
744 1573 893 1639 naturali
912 1572 981 1639 sive
1000 1571 1256 1662 supernaturali
1276 1571 1356 1661 (Cal
1394 1572 1433 1659 .),
1454 1599 1469 1630 «
1490 1584 1527 1636 ut

192 1678 329 1765 faciant
346 1686 452 1745 uestes
474 1680 607 1761 Aaron,
630 1678 667 1772 in
686 1677 808 1768 quibus
826 1678 1057 1767 sanctificatus
1086 1705 1120 1761 u,
1143 1700 1163 1745 a
1187 1678 1286 1767 plebe
1307 1684 1523 1765 segregatus,

197 1812 212 1845 u
234 1784 405 1851 ministret
420 1783 508 1850 mibi
524 1807 600 1861 ».‚v.
616 1792 636 1853 t
654 1812 671 1846 «
687 1786 780 1851 Haec
793 1797 909 1851 autent
925 1785 1244 1867 eruntuestirnenta,
1263 1806 1352 1874 quae
1362 1785 1499 1873 sacient
1514 1806 1526 1848 .·

196 1891 365 1958 rationale
388 1904 421 1957 et
444 1891 741 1981 stprerhurnerale,
762 1893 917 1959 tunicam
939 1903 972 1958 et
996 1892 1122 1959 lineam
1145 1890 1317 1971 strictam,
1337 1890 1481 1972 cidarim
1496 1903 1527 1957 et

198 1997 347 2065 balteum
373 2025 405 2066 ».
433 1998 579 2085 Singula
603 1998 695 2065 infra
720 1997 970 2066 describuntur.
997 2026 1013 2060 κ
1036 1998 1180 2065 Facient
1195 1998 1392 2064 uestimenta
1406 2011 1527 2063 saneta

196 2104 302 2192 fratri
321 2116 380 2170 tuo
398 2107 516 2170 Aaron
538 2117 570 2170 et
592 2103 679 2193 filiis
700 2104 789 2191 eires,
817 2118 853 2170 ut
872 2103 1061 2171 sacerdotio
1081 2104 1283 2195 sunqantur
1303 2103 1391 2171 mihi
1404 2132 1443 2197 u.¹
1456 2128 1488 2169 v.
1506 2111 1525 2171 5

201 2236 217 2270 u
235 2210 480 2301 Accipientque
503 2232 626 2306 aurum
652 2224 685 2277 et
711 2209 956 2299 hyacinthum,
976 2224 1007 2277 et
1018 2233 1230 2301 purpuram,
1254 2232 1458 2301 coccumque
1480 2209 1527 2275 bis

199 2316 360 2398 tinctum,
381 2330 414 2383 et
432 2319 569 2407 byssum
584 2345 614 2385 u.
767 2313 770 2318 ⁴
1174 2318 1176 2321 ’

707 2559 737 2608 2.
752 2556 839 2619 apua
852 2558 899 2604 rx.
915 2558 1019 2617 18811.

242 2740 383 2803 Vocatur
396 2734 674 2825 stiperhumerale
688 2756 747 2801 seu
762 2734 895 2825 ephath·
910 2737 1001 2801 LXX
1011 2736 1076 2801 las.
1095 2744 1225 2819 ἑπωμίς,
1243 2734 1266 2800 1.
1285 2756 1315 2801 8.
1332 2736 1524 2823 scapulare,

196 2845 261 2932 Aq.
284 2844 415 2929 Syrum.
433 2850 594 2926 ἑπένδυμα.
613 2865 645 2908 v.
665 2848 717 2907 6«
739 2841 882 2908 Facient
900 2853 1014 2907 autern
1036 2839 1370 2935 szqrerhurneralede
1391 2830 1475 2907 auro
1497 2855 1528 2906 et

197 2946 380 3036 hpaczittiio
405 2961 437 3014 et
450 2969 628 3038 purpura,
652 2970 816 3038 coccoque
836 2948 887 3013 bis
905 2948 1010 3014 tincta
1030 2960 1063 3013 et
1078 2950 1174 3036 bysso
1194 2958 1335 3031 retorta,
1352 2969 1449 3037 opere
1464 2969 1528 3036 po-

198 3054 318 3142 lymito
341 3082 371 3120 1.
393 3053 601 3125 Describitur
609 3052 788 3144 pontificis
811 3054 942 3143 ephod,
965 3054 1008 3121 de
1027 3077 1097 3144 quo
1111 3053 1271 3122 Dominus
1286 3052 1366 3120 aitl
1389 3058 1472 3138 Reg.
1494 3060 1525 3133 2.

198 3166 241 3227 28
263 3181 271 3227 :
294 3188 309 3221 «
328 3164 368 3226 Et
385 3160 476 3247 81831
490 3182 570 3228 eum
586 3161 724 3249 (118188)
741 3183 781 3227 811
793 3160 955 3227 omnibus
969 3160 1129 3228 tribubus
1143 3159 1308 3244 lsrael,...
1326 3164 1365 3225 ut
1378 3165 1528 3250 portaret

197 3266 444 3355 ephodcoram
458 3288 512 3333 me
530 3295 560 3337 u.
580 3267 628 3334 Gi.
651 3267 816 3349 ib.1t,3;
838 3274 957 3349 21,10;
981 3272 1072 3350 23,6.
1092 3272 1128 3349 9;
1147 3272 1238 3349 30,7.
1254 3266 1347 3333 Licet
1361 3265 1528 3354 deephod

198 3373 374 3440 minorum
384 3373 598 3440 sacerdotum
613 3374 713 3440 sileat
731 3378 803 3455 En,
820 3374 1003 3461 gestabant
1013 3372 1065 3439 illi
1081 3378 1195 3440 tamen
1214 3400 1229 3433 «
1244 3369 1360 3462 ephod
1368 3371 1498 3438 lineum
1512 3399 1526 3430 8
1539 3412 1542 3417 ,

198 3481 229 3568 (1
251 3484 335 3567 1183.
353 3478 488 3569 rats),
509 3480 581 3546 imo
601 3480 740 3547 Samuel
761 3477 882 3548 eodem
901 3478 1112 3546 induebatur
1132 3479 1239 3569 (2,18)
1254 3484 1287 3546 81
1301 3477 1426 3559 David,
1446 3478 1528 3543 dum

198 3586 440 3653 transferretur
454 3608 535 3654 8188
549 3586 584 3676 (2
599 3590 682 3673 1183.
705 3591 801 3669 6,11;
821 3593 837 3653 1
859 3591 936 3653 Ρ81.
956 3586 1083 3673 1537).
1102 3585 1193 3652 Licet
1207 3584 1315 3672 igitur
1329 3584 1443 3674 ephod
1459 3596 1528 3650 nuh

199 3692 279 3758 solis
296 3692 528 3759 sacerdotibus
545 3692 797 3775 recordabatur,
820 3697 937 3759 tamen
951 3692 1000 3759 ita
1014 3697 1089 3759 erat
1099 3690 1314 3759 sacerdotum
1328 3692 1525 3781 proprium,

198 3803 237 3864 ut
260 3797 314 3864 vel
333 3797 605 3888 superstitiosum
626 3799 755 3865 cultum
776 3798 988 3866 celebrantes
1007 3797 1201 3865 sacerdotes
1214 3796 1301 3863 illud
1319 3798 1529 3883 gestaverint

201 3904 288 3993 (lud.
305 3909 402 3988 8,2”1;
428 3910 522 3989 17,5;
542 3909 655 3986 tata.
680 3911 735 3971 17.
761 3910 814 3972 18.
838 3904 909 3993 20).
933 3909 1089 3972 Ceterum
1109 3904 1209 3971 vestis
1224 3904 1326 3986 haec,
1343 3902 1434 3991 quod
1447 3907 1529 3966 nota

198 4011 473 4093 essetomnibus,
495 4011 551 4077 vix
563 4009 770 4078 describitur
791 4034 798 4080 ε
816 4012 908 4079 unde
923 4009 1042 4077 licebit
1059 4010 1200 4077 18118888
1219 4009 1362 4090 inferre,
1380 4030 1453 4086 eos,
1470 4008 1530 4095 qui

198 4122 278 4184 8818
302 4120 434 4203 lloysen
459 4115 553 4207 apud
573 4116 742 4184 Hebraeos
769 4118 878 4183 functi
904 4118 973 4183 sint
995 4114 1201 4199 sacerdotio,
1227 4136 1306 4183 usos
1330 4137 1402 4183 8888
1426 4114 1529 4181 etiam

198 4224 289 4312 ipsos
312 4223 437 4313 ephod.
463 4222 659 4291 Secundum
688 4229 703 4288 1
730 4228 812 4309 1183.
840 4228 938 4306 2,18;
966 4226 1094 4309 21183.
1121 4227 1213 4305 att,
1238 4220 1298 4311 qui
1320 4220 1530 4288 induebatur

199 4328 330 4418 ephod,
353 4351 393 4395 88
411 4329 667 4419 accinpebatur.
689 4328 799 4396 Etiam
818 4333 897 4395 ch.
924 4334 982 4411 8,8
1005 4328 1118 4418 ephod
1133 4326 1274 4415 cingulo
1289 4327 1527 4414 adstringitur.

200 4438 270 4501 lmo
288 4437 381 4503 LXX
403 4440 575 4503 vertentes
593 4439 650 4503 Ex.
678 4441 778 4516 38,31
804 4428 940 4523 ποδήρης
965 4439 998 4502 81
1014 4441 1034 4500 2
1050 4439 1135 4521 1183.
1152 4440 1232 4517 o,15
1248 4438 1311 4501 811
1328 4439 1404 4501 Ρ81.
1431 4442 1529 4509 1527

200 4548 309 4626 στὲλη,
329 4549 523 4629 8833818111
546 4541 663 4633 ephod
685 4541 787 4608 fuisse
810 4547 938 4609 vestem
956 4540 1112 4608 talarem.
1130 4543 1194 4608 las.
1219 4540 1310 4629 (Ant.
1333 4544 1389 4607 111.
1405 4548 1436 4607 7.
1453 4544 1484 4627 8)
1500 4541 1529 4603 81

201 4647 335 4714 tunicae
354 4648 472 4737 (χιτών)
495 4648 641 4714 formam
660 4646 782 4715 tribuit
805 4655 838 4715 et
860 4648 1022 4720 manicas.
1046 4669 1078 4714 v.
1102 4652 1123 4711 7
1144 4672 1160 4707 «
1186 4650 1277 4712 Deras
1303 4669 1381 4713 oras
1399 4646 1531 4712 iniectas
1660 4643 1755 4725 ,,(1

200 4752 334 4821 habebit
354 4753 390 4821 in
410 4768 555 4845 utroque
576 4753 679 4821 latere
700 4752 981 4841 [.ntmmitatum],
1004 4764 1042 4819 ut
1056 4752 1093 4817 in
1109 4774 1216 4817 annun
1229 4750 1372 4819 redeant
1391 4782 1421 4819 u.
