<?xml version="1.0" encoding="UTF-8"?>
<!DOCTYPE html PUBLIC "-//W3C//DTD XHTML 1.0 Transitional//EN"
    "http://www.w3.org/TR/xhtml1/DTD/xhtml1-transitional.dtd">
<html xmlns="http://www.w3.org/1999/xhtml" xml:lang="en" lang="en">
 <head>
  <title>
</title>
<meta http-equiv="Content-Type" content="text/html;charset=utf-8" />
  <meta name='ocr-system' content='tesseract 3.04.00' />
  <meta name='ocr-capabilities' content='ocr_page ocr_carea ocr_par ocr_line ocrx_word'/>
</head>
<body>
  <div class='ocr_page' id='page_1' title='image "./commentariusine00hummgoog/commentariusine00hummgoog_0176.png"; bbox 0 0 3534 5384; ppageno 0'>
   <div class='ocr_carea' id='block_1_1' title="bbox 735 410 1518 483">
    <p class='ocr_par' dir='ltr' id='par_1_1' title="bbox 735 410 1518 483">
     <span class='ocr_line' id='line_1_1' title="bbox 735 410 1518 483; baseline 0 -14"><span class='ocrx_word' id='word_1_1' title='bbox 735 426 785 470; x_wconf 84' lang='lat' dir='ltr'><strong>ax.</strong></span> <span class='ocrx_word' id='word_1_2' title='bbox 810 410 901 483; x_wconf 59' lang='lat'><strong>1536</strong></span> <span class='ocrx_word' id='word_1_3' title='bbox 925 426 971 478; x_wconf 87' lang='lat' dir='ltr'><strong>su.</strong></span> <span class='ocrx_word' id='word_1_4' title='bbox 1461 410 1518 469; x_wconf 80' lang='grc'><strong>165</strong></span> 
     </span>
    </p>
   </div>
   <div class='ocr_carea' id='block_1_2' title="bbox 177 558 1539 3203">
    <p class='ocr_par' dir='ltr' id='par_1_2' title="bbox 177 558 1539 3203">
     <span class='ocr_line' id='line_1_2' title="bbox 182 558 1516 649; baseline -0.002 -21"><span class='ocrx_word' id='word_1_5' title='bbox 182 561 254 641; x_wconf 89' lang='lat' dir='ltr'><strong>die,</strong></span> <span class='ocrx_word' id='word_1_6' title='bbox 272 582 341 649; x_wconf 92' lang='lat' dir='ltr'><strong>qua</strong></span> <span class='ocrx_word' id='word_1_7' title='bbox 360 558 461 625; x_wconf 81' lang='lat' dir='ltr'><strong>eduxi</strong></span> <span class='ocrx_word' id='word_1_8' title='bbox 477 582 533 628; x_wconf 88' lang='lat' dir='ltr'><strong>eos</strong></span> <span class='ocrx_word' id='word_1_9' title='bbox 549 559 698 627; x_wconf 83' lang='lat' dir='ltr'><strong>deterre</strong></span> <span class='ocrx_word' id='word_1_10' title='bbox 716 560 869 649; x_wconf 72' lang='lat' dir='ltr'><strong>Aegypti</strong></span> <span class='ocrx_word' id='word_1_11' title='bbox 886 560 928 626; x_wconf 91' lang='lat' dir='ltr'><strong>de</strong></span> <span class='ocrx_word' id='word_1_12' title='bbox 945 559 1050 627; x_wconf 89' lang='lat' dir='ltr'><strong>verbo</strong></span> <span class='ocrx_word' id='word_1_13' title='bbox 1063 558 1377 626; x_wconf 78' lang='lat' dir='ltr'><strong>holocautomatum</strong></span> <span class='ocrx_word' id='word_1_14' title='bbox 1397 564 1431 626; x_wconf 87' lang='lat' dir='ltr'><strong>ct</strong></span> <span class='ocrx_word' id='word_1_15' title='bbox 1450 560 1516 626; x_wconf 91' lang='lat' dir='ltr'><strong>vic-</strong></span> 
     </span>
     <span class='ocr_line' id='line_1_3' title="bbox 181 664 1514 757; baseline 0 -24"><span class='ocrx_word' id='word_1_16' title='bbox 181 667 355 735; x_wconf 90' lang='lat' dir='ltr'><strong>timarum.</strong></span> <span class='ocrx_word' id='word_1_17' title='bbox 374 665 439 733; x_wconf 85' lang='lat' dir='ltr'><strong>Sed</strong></span> <span class='ocrx_word' id='word_1_18' title='bbox 454 667 520 733; x_wconf 91' lang='lat' dir='ltr'><strong>hoc</strong></span> <span class='ocrx_word' id='word_1_19' title='bbox 538 666 685 735; x_wconf 89' lang='lat' dir='ltr'><strong>verbum</strong></span> <span class='ocrx_word' id='word_1_20' title='bbox 699 666 863 757; x_wconf 89' lang='lat' dir='ltr'><strong>praecepi</strong></span> <span class='ocrx_word' id='word_1_21' title='bbox 881 667 930 733; x_wconf 89' lang='lat' dir='ltr'><strong>eis</strong></span> <span class='ocrx_word' id='word_1_22' title='bbox 945 666 1064 734; x_wconf 89' lang='lat' dir='ltr'><strong>dicens</strong></span> <span class='ocrx_word' id='word_1_23' title='bbox 1083 688 1090 735; x_wconf 93' lang='lat'><strong>:</strong></span> <span class='ocrx_word' id='word_1_24' title='bbox 1107 664 1229 733; x_wconf 74' lang='lat' dir='ltr'><strong>Audite</strong></span> <span class='ocrx_word' id='word_1_25' title='bbox 1244 687 1363 734; x_wconf 89' lang='lat' dir='ltr'><strong>vocem</strong></span> <span class='ocrx_word' id='word_1_26' title='bbox 1384 688 1514 749; x_wconf 90' lang='lat' dir='ltr'><strong>meam,</strong></span> 
     </span>
     <span class='ocr_line' id='line_1_4' title="bbox 181 771 1513 864; baseline -0.001 -24"><span class='ocrx_word' id='word_1_27' title='bbox 181 779 215 840; x_wconf 90' lang='lat' dir='ltr'><strong>et</strong></span> <span class='ocrx_word' id='word_1_28' title='bbox 227 795 286 840; x_wconf 91' lang='lat' dir='ltr'><strong>ero</strong></span> <span class='ocrx_word' id='word_1_29' title='bbox 300 771 397 840; x_wconf 85' lang='lat' dir='ltr'><strong>vobis</strong></span> <span class='ocrx_word' id='word_1_30' title='bbox 416 778 517 855; x_wconf 84' lang='lat' dir='ltr'><strong>Deus,</strong></span> <span class='ocrx_word' id='word_1_31' title='bbox 532 779 567 840; x_wconf 91' lang='lat' dir='ltr'><strong>et</strong></span> <span class='ocrx_word' id='word_1_32' title='bbox 580 794 639 841; x_wconf 87' lang='lat' dir='ltr'><strong>vos</strong></span> <span class='ocrx_word' id='word_1_33' title='bbox 651 773 746 840; x_wconf 89' lang='lat' dir='ltr'><strong>eritis</strong></span> <span class='ocrx_word' id='word_1_34' title='bbox 762 772 849 841; x_wconf 93' lang='lat' dir='ltr'><strong>mihi</strong></span> <span class='ocrx_word' id='word_1_35' title='bbox 862 773 1024 864; x_wconf 92' lang='lat' dir='ltr'><strong>populus,</strong></span> <span class='ocrx_word' id='word_1_36' title='bbox 1041 778 1073 839; x_wconf 86' lang='lat' dir='ltr'><strong>et</strong></span> <span class='ocrx_word' id='word_1_37' title='bbox 1094 771 1268 840; x_wconf 89' lang='lat' dir='ltr'><strong>ambulate</strong></span> <span class='ocrx_word' id='word_1_38' title='bbox 1283 772 1321 839; x_wconf 92' lang='lat' dir='ltr'><strong>in</strong></span> <span class='ocrx_word' id='word_1_39' title='bbox 1336 773 1431 839; x_wconf 91' lang='lat' dir='ltr'><strong>omni</strong></span> <span class='ocrx_word' id='word_1_40' title='bbox 1445 774 1513 855; x_wconf 87' lang='lat' dir='ltr'><strong>via,</strong></span> 
     </span>
     <span class='ocr_line' id='line_1_5' title="bbox 182 878 1512 970; baseline 0 -23"><span class='ocrx_word' id='word_1_41' title='bbox 182 901 284 970; x_wconf 90' lang='lat' dir='ltr'><strong>quam</strong></span> <span class='ocrx_word' id='word_1_42' title='bbox 310 878 472 947; x_wconf 88' lang='lat' dir='ltr'><strong>mandavi</strong></span> <span class='ocrx_word' id='word_1_43' title='bbox 494 878 606 960; x_wconf 91' lang='lat' dir='ltr'><strong>vobis,</strong></span> <span class='ocrx_word' id='word_1_44' title='bbox 628 886 666 946; x_wconf 91' lang='lat' dir='ltr'><strong>ut</strong></span> <span class='ocrx_word' id='word_1_45' title='bbox 684 879 774 946; x_wconf 87' lang='lat' dir='ltr'><strong>bene</strong></span> <span class='ocrx_word' id='word_1_46' title='bbox 798 880 842 945; x_wconf 89' lang='lat' dir='ltr'><strong>sit</strong></span> <span class='ocrx_word' id='word_1_47' title='bbox 862 878 1006 947; x_wconf 86' lang='lat' dir='ltr'><strong>vobis».</strong></span> <span class='ocrx_word' id='word_1_48' title='bbox 1035 884 1140 957; x_wconf 83' lang='lat' dir='ltr'><strong>Quem</strong></span> <span class='ocrx_word' id='word_1_49' title='bbox 1162 884 1291 947; x_wconf 82' lang='lat' dir='ltr'><strong>textum</strong></span> <span class='ocrx_word' id='word_1_50' title='bbox 1311 878 1371 946; x_wconf 91' lang='lat' dir='ltr'><strong>alii</strong></span> <span class='ocrx_word' id='word_1_51' title='bbox 1393 880 1435 945; x_wconf 88' lang='lat' dir='ltr'><strong>ad</strong></span> <span class='ocrx_word' id='word_1_52' title='bbox 1457 884 1512 947; x_wconf 85' lang='lat' dir='ltr'><strong>Ex.</strong></span> 
     </span>
     <span class='ocr_line' id='line_1_6' title="bbox 184 984 1515 1076; baseline 0.001 -25"><span class='ocrx_word' id='word_1_53' title='bbox 184 992 296 1068; x_wconf 67' lang='lat' dir='ltr'><strong>lasa</strong></span> <span class='ocrx_word' id='word_1_54' title='bbox 309 986 479 1067; x_wconf 80' lang='lat' dir='ltr'><strong>reieruut3</strong></span> <span class='ocrx_word' id='word_1_55' title='bbox 498 985 557 1053; x_wconf 90' lang='lat' dir='ltr'><strong>sed</strong></span> <span class='ocrx_word' id='word_1_56' title='bbox 575 989 690 1076; x_wconf 89' lang='lat' dir='ltr'><strong>potest</strong></span> <span class='ocrx_word' id='word_1_57' title='bbox 708 984 804 1053; x_wconf 92' lang='lat' dir='ltr'><strong>idem</strong></span> <span class='ocrx_word' id='word_1_58' title='bbox 819 1007 899 1053; x_wconf 92' lang='lat' dir='ltr'><strong>eum</strong></span> <span class='ocrx_word' id='word_1_59' title='bbox 919 992 1018 1070; x_wconf 69' lang='grc' dir='ltr'><strong>15,Ἇὸ</strong></span> <span class='ocrx_word' id='word_1_60' title='bbox 1034 986 1192 1054; x_wconf 80' lang='lat' dir='ltr'><strong>conferri.</strong></span> <span class='ocrx_word' id='word_1_61' title='bbox 1211 985 1419 1052; x_wconf 84' lang='lat' dir='ltr'><strong>Verbotenus</strong></span> <span class='ocrx_word' id='word_1_62' title='bbox 1431 1008 1515 1052; x_wconf 91' lang='lat' dir='ltr'><strong>neu-</strong></span> 
     </span>
     <span class='ocr_line' id='line_1_7' title="bbox 180 1090 1517 1183; baseline 0 -24"><span class='ocrx_word' id='word_1_63' title='bbox 180 1099 271 1159; x_wconf 92' lang='lat' dir='ltr'><strong>trum</strong></span> <span class='ocrx_word' id='word_1_64' title='bbox 288 1096 417 1159; x_wconf 84' lang='lat' dir='ltr'><strong>textum</strong></span> <span class='ocrx_word' id='word_1_65' title='bbox 432 1092 609 1183; x_wconf 80' lang='lat' dir='ltr'><strong>exprimit,</strong></span> <span class='ocrx_word' id='word_1_66' title='bbox 632 1091 748 1182; x_wconf 89' lang='lat' dir='ltr'><strong>quoad</strong></span> <span class='ocrx_word' id='word_1_67' title='bbox 761 1113 900 1160; x_wconf 89' lang='lat' dir='ltr'><strong>sensum</strong></span> <span class='ocrx_word' id='word_1_68' title='bbox 916 1092 1053 1182; x_wconf 90' lang='lat' dir='ltr'><strong>utrique</strong></span> <span class='ocrx_word' id='word_1_69' title='bbox 1067 1092 1180 1159; x_wconf 82' lang='lat' dir='ltr'><strong>affinis</strong></span> <span class='ocrx_word' id='word_1_70' title='bbox 1198 1096 1312 1175; x_wconf 89' lang='lat' dir='ltr'><strong>estet,</strong></span> <span class='ocrx_word' id='word_1_71' title='bbox 1331 1092 1359 1159; x_wconf 89' lang='lat' dir='ltr'><strong>si</strong></span> <span class='ocrx_word' id='word_1_72' title='bbox 1374 1090 1419 1159; x_wconf 90' lang='lat' dir='ltr'><strong>ad</strong></span> <span class='ocrx_word' id='word_1_73' title='bbox 1438 1113 1517 1159; x_wconf 91' lang='lat' dir='ltr'><strong>nos·</strong></span> 
     </span>
     <span class='ocr_line' id='line_1_8' title="bbox 180 1198 1516 1288; baseline 0 -24"><span class='ocrx_word' id='word_1_74' title='bbox 180 1203 273 1265; x_wconf 87' lang='lat' dir='ltr'><strong>trum</strong></span> <span class='ocrx_word' id='word_1_75' title='bbox 288 1204 417 1266; x_wconf 88' lang='lat' dir='ltr'><strong>textum</strong></span> <span class='ocrx_word' id='word_1_76' title='bbox 434 1200 613 1282; x_wconf 85' lang='lat' dir='ltr'><strong>referatur,</strong></span> <span class='ocrx_word' id='word_1_77' title='bbox 641 1198 746 1267; x_wconf 90' lang='lat' dir='ltr'><strong>edicit</strong></span> <span class='ocrx_word' id='word_1_78' title='bbox 766 1204 872 1265; x_wconf 85' lang='lat' dir='ltr'><strong>Deum</strong></span> <span class='ocrx_word' id='word_1_79' title='bbox 891 1200 926 1265; x_wconf 92' lang='lat' dir='ltr'><strong>iu</strong></span> <span class='ocrx_word' id='word_1_80' title='bbox 946 1203 1038 1266; x_wconf 81' lang='lat' dir='ltr'><strong>blara</strong></span> <span class='ocrx_word' id='word_1_81' title='bbox 1052 1220 1122 1265; x_wconf 91' lang='lat' dir='ltr'><strong>nou</strong></span> <span class='ocrx_word' id='word_1_82' title='bbox 1146 1220 1236 1265; x_wconf 92' lang='lat' dir='ltr'><strong>nova</strong></span> <span class='ocrx_word' id='word_1_83' title='bbox 1250 1198 1394 1267; x_wconf 82' lang='lat' dir='ltr'><strong>edidisse</strong></span> <span class='ocrx_word' id='word_1_84' title='bbox 1415 1219 1516 1288; x_wconf 90' lang='lat' dir='ltr'><strong>prae-</strong></span> 
     </span>
     <span class='ocr_line' id='line_1_9' title="bbox 181 1304 1516 1394; baseline -0.001 -23"><span class='ocrx_word' id='word_1_85' title='bbox 181 1309 296 1393; x_wconf 84' lang='lat' dir='ltr'><strong>cepta,</strong></span> <span class='ocrx_word' id='word_1_86' title='bbox 316 1305 376 1372; x_wconf 90' lang='lat' dir='ltr'><strong>sed</strong></span> <span class='ocrx_word' id='word_1_87' title='bbox 389 1304 435 1372; x_wconf 90' lang='lat' dir='ltr'><strong>ad</strong></span> <span class='ocrx_word' id='word_1_88' title='bbox 453 1326 627 1374; x_wconf 90' lang='lat' dir='ltr'><strong>summum</strong></span> <span class='ocrx_word' id='word_1_89' title='bbox 646 1310 763 1374; x_wconf 86' lang='lat' dir='ltr'><strong>vetera</strong></span> <span class='ocrx_word' id='word_1_90' title='bbox 778 1310 846 1373; x_wconf 89' lang='lat' dir='ltr'><strong>Noe</strong></span> <span class='ocrx_word' id='word_1_91' title='bbox 862 1312 896 1373; x_wconf 90' lang='lat' dir='ltr'><strong>et</strong></span> <span class='ocrx_word' id='word_1_92' title='bbox 910 1305 1068 1373; x_wconf 82' lang='lat' dir='ltr'><strong>Abrabae</strong></span> <span class='ocrx_word' id='word_1_93' title='bbox 1080 1305 1241 1394; x_wconf 90' lang='lat' dir='ltr'><strong>imposita</strong></span> <span class='ocrx_word' id='word_1_94' title='bbox 1258 1305 1461 1387; x_wconf 81' lang='lat' dir='ltr'><strong>inculcasse,</strong></span> <span class='ocrx_word' id='word_1_95' title='bbox 1484 1310 1516 1371; x_wconf 89' lang='lat' dir='ltr'><strong>et</strong></span> 
     </span>
     <span class='ocr_line' id='line_1_10' title="bbox 181 1411 1511 1502; baseline 0.001 -25"><span class='ocrx_word' id='word_1_96' title='bbox 181 1412 385 1497; x_wconf 87' lang='lat' dir='ltr'><strong>generaliori</strong></span> <span class='ocrx_word' id='word_1_97' title='bbox 409 1411 512 1478; x_wconf 92' lang='lat' dir='ltr'><strong>modo</strong></span> <span class='ocrx_word' id='word_1_98' title='bbox 538 1411 770 1479; x_wconf 89' lang='lat' dir='ltr'><strong>obedientiam</strong></span> <span class='ocrx_word' id='word_1_99' title='bbox 794 1413 993 1501; x_wconf 82' lang='lat' dir='ltr'><strong>postulasse.</strong></span> <span class='ocrx_word' id='word_1_100' title='bbox 1020 1411 1113 1479; x_wconf 88' lang='lat' dir='ltr'><strong>Siout</strong></span> <span class='ocrx_word' id='word_1_101' title='bbox 1140 1412 1248 1499; x_wconf 88' lang='lat' dir='ltr'><strong>igitur</strong></span> <span class='ocrx_word' id='word_1_102' title='bbox 1271 1417 1412 1480; x_wconf 89' lang='lat' dir='ltr'><strong>eventus</strong></span> <span class='ocrx_word' id='word_1_103' title='bbox 1438 1433 1511 1502; x_wconf 89' lang='lat' dir='ltr'><strong>cap.</strong></span> 
     </span>
     <span class='ocr_line' id='line_1_11' title="bbox 183 1506 1539 1605; baseline -0.001 -21"><span class='ocrx_word' id='word_1_104' title='bbox 183 1522 282 1584; x_wconf 79' lang='grc'><strong>15-17</strong></span> <span class='ocrx_word' id='word_1_105' title='bbox 303 1517 524 1586; x_wconf 84' lang='lat' dir='ltr'><strong>illustrabant</strong></span> <span class='ocrx_word' id='word_1_106' title='bbox 545 1517 735 1585; x_wconf 81' lang='lat' dir='ltr'><strong>formulam</strong></span> <span class='ocrx_word' id='word_1_107' title='bbox 747 1518 843 1585; x_wconf 91' lang='lat' dir='ltr'><strong>illam</strong></span> <span class='ocrx_word' id='word_1_108' title='bbox 864 1522 1058 1586; x_wconf 84' lang='lat' dir='ltr'><strong>constanter</strong></span> <span class='ocrx_word' id='word_1_109' title='bbox 1074 1519 1144 1586; x_wconf 91' lang='lat' dir='ltr'><strong>iam</strong></span> <span class='ocrx_word' id='word_1_110' title='bbox 1157 1517 1388 1586; x_wconf 87' lang='lat' dir='ltr'><strong>adhibendam</strong></span> <span class='ocrx_word' id='word_1_111' title='bbox 1406 1506 1426 1580; x_wconf 65' lang='lat' dir='ltr'><strong>u&#39;</strong></span> <span class='ocrx_word' id='word_1_112' title='bbox 1443 1523 1539 1605; x_wconf 69' lang='lat' dir='ltr'><strong>Ego,</strong></span> 
     </span>
     <span class='ocr_line' id='line_1_12' title="bbox 181 1623 1514 1715; baseline 0.002 -26"><span class='ocrx_word' id='word_1_113' title='bbox 181 1623 282 1691; x_wconf 86' lang='lat' dir='ltr'><strong>lebve</strong></span> <span class='ocrx_word' id='word_1_114' title='bbox 297 1629 384 1691; x_wconf 79' lang='lat' dir='ltr'><strong>lleus</strong></span> <span class='ocrx_word' id='word_1_115' title='bbox 395 1628 506 1692; x_wconf 88' lang='lat' dir='ltr'><strong>vester</strong></span> <span class='ocrx_word' id='word_1_116' title='bbox 518 1653 549 1708; x_wconf 77' lang='lat' dir='ltr'><strong>a,</strong></span> <span class='ocrx_word' id='word_1_117' title='bbox 566 1626 615 1691; x_wconf 90' lang='lat' dir='ltr'><strong>ita</strong></span> <span class='ocrx_word' id='word_1_118' title='bbox 628 1647 716 1715; x_wconf 87' lang='lat' dir='ltr'><strong>quae</strong></span> <span class='ocrx_word' id='word_1_119' title='bbox 729 1647 851 1693; x_wconf 92' lang='lat' dir='ltr'><strong>eorum</strong></span> <span class='ocrx_word' id='word_1_120' title='bbox 864 1624 1041 1693; x_wconf 84' lang='lat' dir='ltr'><strong>occasione</strong></span> <span class='ocrx_word' id='word_1_121' title='bbox 1050 1630 1137 1693; x_wconf 86' lang='lat' dir='ltr'><strong>Deus</strong></span> <span class='ocrx_word' id='word_1_122' title='bbox 1147 1624 1191 1691; x_wconf 89' lang='lat' dir='ltr'><strong>ad</strong></span> <span class='ocrx_word' id='word_1_123' title='bbox 1202 1624 1370 1715; x_wconf 92' lang='lat' dir='ltr'><strong>populum</strong></span> <span class='ocrx_word' id='word_1_124' title='bbox 1387 1625 1514 1711; x_wconf 88' lang='lat' dir='ltr'><strong>dirige-</strong></span> 
     </span>
     <span class='ocr_line' id='line_1_13' title="bbox 182 1730 1515 1822; baseline 0 -25"><span class='ocrx_word' id='word_1_125' title='bbox 182 1730 242 1797; x_wconf 89' lang='lat' dir='ltr'><strong>bat</strong></span> <span class='ocrx_word' id='word_1_126' title='bbox 256 1730 424 1822; x_wconf 89' lang='lat' dir='ltr'><strong>alloquia,</strong></span> <span class='ocrx_word' id='word_1_127' title='bbox 447 1753 488 1798; x_wconf 92' lang='lat' dir='ltr'><strong>ea</strong></span> <span class='ocrx_word' id='word_1_128' title='bbox 502 1736 641 1821; x_wconf 87' lang='lat' dir='ltr'><strong>praeter</strong></span> <span class='ocrx_word' id='word_1_129' title='bbox 660 1753 785 1821; x_wconf 87' lang='lat' dir='ltr'><strong>paucas</strong></span> <span class='ocrx_word' id='word_1_130' title='bbox 804 1732 898 1818; x_wconf 89' lang='lat' dir='ltr'><strong>leges</strong></span> <span class='ocrx_word' id='word_1_131' title='bbox 921 1730 1059 1799; x_wconf 88' lang='lat' dir='ltr'><strong>divinas</strong></span> <span class='ocrx_word' id='word_1_132' title='bbox 1078 1736 1151 1798; x_wconf 93' lang='lat' dir='ltr'><strong>tum</strong></span> <span class='ocrx_word' id='word_1_133' title='bbox 1171 1730 1278 1799; x_wconf 87' lang='lat' dir='ltr'><strong>editas</strong></span> <span class='ocrx_word' id='word_1_134' title='bbox 1299 1732 1352 1818; x_wconf 89' lang='lat' dir='ltr'><strong>(de</strong></span> <span class='ocrx_word' id='word_1_135' title='bbox 1372 1730 1515 1798; x_wconf 90' lang='lat' dir='ltr'><strong>sabbato</strong></span> 
     </span>
     <span class='ocr_line' id='line_1_14' title="bbox 182 1837 1515 1927; baseline 0.002 -24"><span class='ocrx_word' id='word_1_136' title='bbox 182 1842 262 1926; x_wconf 89' lang='lat' dir='ltr'><strong>ete.)</strong></span> <span class='ocrx_word' id='word_1_137' title='bbox 277 1837 498 1904; x_wconf 88' lang='lat' dir='ltr'><strong>inculcabant</strong></span> <span class='ocrx_word' id='word_1_138' title='bbox 513 1837 610 1905; x_wconf 88' lang='lat' dir='ltr'><strong>illam</strong></span> <span class='ocrx_word' id='word_1_139' title='bbox 629 1838 831 1925; x_wconf 83' lang='lat' dir='ltr'><strong>generalem</strong></span> <span class='ocrx_word' id='word_1_140' title='bbox 846 1838 1032 1906; x_wconf 84' lang='lat' dir='ltr'><strong>formulam</strong></span> <span class='ocrx_word' id='word_1_141' title='bbox 1047 1839 1130 1905; x_wconf 91' lang='lat' dir='ltr'><strong>item</strong></span> <span class='ocrx_word' id='word_1_142' title='bbox 1149 1842 1344 1904; x_wconf 87' lang='lat' dir='ltr'><strong>constanter</strong></span> <span class='ocrx_word' id='word_1_143' title='bbox 1359 1842 1515 1927; x_wconf 87' lang='lat' dir='ltr'><strong>repeten-</strong></span> 
     </span>
     <span class='ocr_line' id='line_1_15' title="bbox 183 1942 1512 2034; baseline 0 -24"><span class='ocrx_word' id='word_1_144' title='bbox 183 1942 263 2010; x_wconf 93' lang='lat' dir='ltr'><strong>dam</strong></span> <span class='ocrx_word' id='word_1_145' title='bbox 284 1973 299 2005; x_wconf 75' lang='grc' dir='ltr'><strong>κ</strong></span> <span class='ocrx_word' id='word_1_146' title='bbox 324 1943 495 2011; x_wconf 87' lang='lat' dir='ltr'><strong>Custodite</strong></span> <span class='ocrx_word' id='word_1_147' title='bbox 510 1943 606 2030; x_wconf 88' lang='lat' dir='ltr'><strong>leges</strong></span> <span class='ocrx_word' id='word_1_148' title='bbox 624 1964 717 2011; x_wconf 91' lang='lat' dir='ltr'><strong>meas</strong></span> <span class='ocrx_word' id='word_1_149' title='bbox 729 1949 794 2011; x_wconf 90' lang='lat' dir='ltr'><strong>ete.</strong></span> <span class='ocrx_word' id='word_1_150' title='bbox 812 1972 842 2011; x_wconf 85' lang='lat'><strong>».</strong></span> <span class='ocrx_word' id='word_1_151' title='bbox 858 1950 899 2012; x_wconf 84' lang='lat' dir='ltr'><strong>ut</strong></span> <span class='ocrx_word' id='word_1_152' title='bbox 915 1967 979 2012; x_wconf 90' lang='lat' dir='ltr'><strong>eur</strong></span> <span class='ocrx_word' id='word_1_153' title='bbox 993 1965 1064 2012; x_wconf 90' lang='lat' dir='ltr'><strong>non</strong></span> <span class='ocrx_word' id='word_1_154' title='bbox 1077 1948 1186 2012; x_wconf 88' lang='lat' dir='ltr'><strong>llarae</strong></span> <span class='ocrx_word' id='word_1_155' title='bbox 1200 1944 1336 2034; x_wconf 92' lang='lat' dir='ltr'><strong>aliquot</strong></span> <span class='ocrx_word' id='word_1_156' title='bbox 1350 1942 1422 2010; x_wconf 90' lang='lat' dir='ltr'><strong>dies</strong></span> <span class='ocrx_word' id='word_1_157' title='bbox 1434 1943 1512 2011; x_wconf 92' lang='lat' dir='ltr'><strong>sub-</strong></span> 
     </span>
     <span class='ocr_line' id='line_1_16' title="bbox 183 2049 1510 2141; baseline 0 -25"><span class='ocrx_word' id='word_1_158' title='bbox 183 2049 303 2117; x_wconf 87' lang='lat' dir='ltr'><strong>sistens</strong></span> <span class='ocrx_word' id='word_1_159' title='bbox 322 2054 447 2139; x_wconf 84' lang='lat' dir='ltr'><strong>Moyses</strong></span> <span class='ocrx_word' id='word_1_160' title='bbox 462 2050 673 2140; x_wconf 86' lang='lat' dir='ltr'><strong>suppleverit</strong></span> <span class='ocrx_word' id='word_1_161' title='bbox 692 2073 831 2132; x_wconf 92' lang='lat' dir='ltr'><strong>eorum,</strong></span> <span class='ocrx_word' id='word_1_162' title='bbox 848 2050 909 2141; x_wconf 93' lang='lat' dir='ltr'><strong>qui</strong></span> <span class='ocrx_word' id='word_1_163' title='bbox 921 2050 1074 2118; x_wconf 90' lang='lat' dir='ltr'><strong>nondum</strong></span> <span class='ocrx_word' id='word_1_164' title='bbox 1090 2049 1284 2118; x_wconf 90' lang='lat' dir='ltr'><strong>circumcisi</strong></span> <span class='ocrx_word' id='word_1_165' title='bbox 1303 2055 1428 2129; x_wconf 86' lang='lat' dir='ltr'><strong>esseut,</strong></span> <span class='ocrx_word' id='word_1_166' title='bbox 1447 2052 1510 2116; x_wconf 91' lang='lat' dir='ltr'><strong>cir-</strong></span> 
     </span>
     <span class='ocr_line' id='line_1_17' title="bbox 182 2156 1514 2246; baseline -0.002 -24"><span class='ocrx_word' id='word_1_167' title='bbox 182 2156 427 2223; x_wconf 89' lang='lat' dir='ltr'><strong>cumcisionem</strong></span> <span class='ocrx_word' id='word_1_168' title='bbox 447 2157 500 2244; x_wconf 84' lang='lat' dir='ltr'><strong>(ci.</strong></span> <span class='ocrx_word' id='word_1_169' title='bbox 526 2156 666 2246; x_wconf 75' lang='lat' dir='ltr'><strong>12,u8)·?</strong></span> <span class='ocrx_word' id='word_1_170' title='bbox 684 2178 718 2225; x_wconf 89' lang='lat' dir='ltr'><strong>v.</strong></span> <span class='ocrx_word' id='word_1_171' title='bbox 741 2164 784 2224; x_wconf 66' lang='grc'><strong>56</strong></span> <span class='ocrx_word' id='word_1_172' title='bbox 806 2158 963 2225; x_wconf 81' lang='lat' dir='ltr'><strong>«Dicens</strong></span> <span class='ocrx_word' id='word_1_173' title='bbox 981 2180 994 2225; x_wconf 93' lang='lat'><strong>.·</strong></span> <span class='ocrx_word' id='word_1_174' title='bbox 1010 2158 1051 2227; x_wconf 86' lang='lat' dir='ltr'><strong>Si</strong></span> <span class='ocrx_word' id='word_1_175' title='bbox 1066 2157 1221 2226; x_wconf 79' lang='lat' dir='ltr'><strong>audieris</strong></span> <span class='ocrx_word' id='word_1_176' title='bbox 1239 2180 1354 2224; x_wconf 86' lang='lat' dir='ltr'><strong>uocem</strong></span> <span class='ocrx_word' id='word_1_177' title='bbox 1372 2156 1514 2222; x_wconf 78' lang='lat' dir='ltr'><strong>Domini</strong></span> 
     </span>
     <span class='ocr_line' id='line_1_18' title="bbox 179 2262 1510 2354; baseline 0 -26"><span class='ocrx_word' id='word_1_178' title='bbox 179 2262 243 2329; x_wconf 86' lang='lat' dir='ltr'><strong>Dei</strong></span> <span class='ocrx_word' id='word_1_179' title='bbox 266 2262 337 2343; x_wconf 83' lang='lat' dir='ltr'><strong>tui,</strong></span> <span class='ocrx_word' id='word_1_180' title='bbox 363 2275 396 2329; x_wconf 83' lang='lat' dir='ltr'><strong>et</strong></span> <span class='ocrx_word' id='word_1_181' title='bbox 413 2262 510 2353; x_wconf 85' lang='lat' dir='ltr'><strong>qnod</strong></span> <span class='ocrx_word' id='word_1_182' title='bbox 526 2276 657 2331; x_wconf 83' lang='lat' dir='ltr'><strong>rectum</strong></span> <span class='ocrx_word' id='word_1_183' title='bbox 675 2277 723 2331; x_wconf 82' lang='lat' dir='ltr'><strong>est</strong></span> <span class='ocrx_word' id='word_1_184' title='bbox 747 2286 863 2331; x_wconf 85' lang='lat' dir='ltr'><strong>corum</strong></span> <span class='ocrx_word' id='word_1_185' title='bbox 879 2287 918 2331; x_wconf 87' lang='lat' dir='ltr'><strong>eo</strong></span> <span class='ocrx_word' id='word_1_186' title='bbox 931 2264 1070 2354; x_wconf 80' lang='lat' dir='ltr'><strong>seceris,</strong></span> <span class='ocrx_word' id='word_1_187' title='bbox 1098 2277 1131 2331; x_wconf 80' lang='lat' dir='ltr'><strong>et</strong></span> <span class='ocrx_word' id='word_1_188' title='bbox 1155 2264 1319 2331; x_wconf 82' lang='lat' dir='ltr'><strong>obedieris</strong></span> <span class='ocrx_word' id='word_1_189' title='bbox 1338 2262 1510 2330; x_wconf 82' lang='lat' dir='ltr'><strong>mundatis</strong></span> 
     </span>
     <span class='ocr_line' id='line_1_19' title="bbox 179 2368 1508 2461; baseline 0.002 -28"><span class='ocrx_word' id='word_1_190' title='bbox 179 2368 269 2453; x_wconf 81' lang='lat' dir='ltr'><strong>eins,</strong></span> <span class='ocrx_word' id='word_1_191' title='bbox 297 2369 569 2459; x_wconf 79' lang='lat' dir='ltr'><strong>custodierisque</strong></span> <span class='ocrx_word' id='word_1_192' title='bbox 599 2370 719 2447; x_wconf 71' lang='lat' dir='ltr'><strong>omacio</strong></span> <span class='ocrx_word' id='word_1_193' title='bbox 745 2384 932 2460; x_wconf 80' lang='lat' dir='ltr'><strong>praecepto</strong></span> <span class='ocrx_word' id='word_1_194' title='bbox 957 2370 1068 2455; x_wconf 84' lang='lat' dir='ltr'><strong>illins,</strong></span> <span class='ocrx_word' id='word_1_195' title='bbox 1095 2383 1257 2438; x_wconf 85' lang='lat' dir='ltr'><strong>cunctum</strong></span> <span class='ocrx_word' id='word_1_196' title='bbox 1287 2371 1508 2461; x_wconf 75' lang='lat' dir='ltr'><strong>lanquorem,</strong></span> 
     </span>
     <span class='ocr_line' id='line_1_20' title="bbox 180 2476 1510 2567; baseline 0.001 -26"><span class='ocrx_word' id='word_1_197' title='bbox 180 2498 280 2564; x_wconf 83' lang='lat' dir='ltr'><strong>quem</strong></span> <span class='ocrx_word' id='word_1_198' title='bbox 291 2476 394 2566; x_wconf 85' lang='lat' dir='ltr'><strong>posui</strong></span> <span class='ocrx_word' id='word_1_199' title='bbox 418 2476 456 2542; x_wconf 83' lang='lat' dir='ltr'><strong>in</strong></span> <span class='ocrx_word' id='word_1_200' title='bbox 470 2478 646 2566; x_wconf 69' lang='lat' dir='ltr'><strong>aeqypto,</strong></span> <span class='ocrx_word' id='word_1_201' title='bbox 664 2500 737 2544; x_wconf 91' lang='lat' dir='ltr'><strong>non</strong></span> <span class='ocrx_word' id='word_1_202' title='bbox 756 2478 919 2545; x_wconf 81' lang='lat' dir='ltr'><strong>inducam</strong></span> <span class='ocrx_word' id='word_1_203' title='bbox 934 2500 1036 2567; x_wconf 78' lang='lat' dir='ltr'><strong>snper</strong></span> <span class='ocrx_word' id='word_1_204' title='bbox 1061 2490 1093 2544; x_wconf 84' lang='lat' dir='ltr'><strong>te</strong></span> <span class='ocrx_word' id='word_1_205' title='bbox 1114 2499 1128 2543; x_wconf 92' lang='lat'><em>:</em></span> <span class='ocrx_word' id='word_1_206' title='bbox 1145 2500 1205 2567; x_wconf 74' lang='lat' dir='ltr'><strong>eqo</strong></span> <span class='ocrx_word' id='word_1_207' title='bbox 1232 2477 1324 2543; x_wconf 82' lang='lat' dir='ltr'><strong>enim</strong></span> <span class='ocrx_word' id='word_1_208' title='bbox 1342 2476 1510 2543; x_wconf 77' lang='lat' dir='ltr'><strong>Dominus·</strong></span> 
     </span>
     <span class='ocr_line' id='line_1_21' title="bbox 180 2582 1510 2674; baseline 0.001 -26"><span class='ocrx_word' id='word_1_209' title='bbox 180 2594 318 2649; x_wconf 84' lang='lat' dir='ltr'><strong>senator</strong></span> <span class='ocrx_word' id='word_1_210' title='bbox 335 2594 415 2649; x_wconf 75' lang='lat' dir='ltr'><strong>turn</strong></span> <span class='ocrx_word' id='word_1_211' title='bbox 433 2610 463 2650; x_wconf 80' lang='lat' dir='ltr'><strong>u.</strong></span> <span class='ocrx_word' id='word_1_212' title='bbox 491 2583 600 2670; x_wconf 88' lang='lat' dir='ltr'><strong>lgitur</strong></span> <span class='ocrx_word' id='word_1_213' title='bbox 613 2583 786 2674; x_wconf 91' lang='lat' dir='ltr'><strong>promittit</strong></span> <span class='ocrx_word' id='word_1_214' title='bbox 807 2591 896 2653; x_wconf 85' lang='lat' dir='ltr'><strong>Deus</strong></span> <span class='ocrx_word' id='word_1_215' title='bbox 910 2583 1096 2669; x_wconf 87' lang='lat' dir='ltr'><strong>Hebraeos,</strong></span> <span class='ocrx_word' id='word_1_216' title='bbox 1118 2585 1146 2651; x_wconf 92' lang='lat' dir='ltr'><strong>si</strong></span> <span class='ocrx_word' id='word_1_217' title='bbox 1168 2584 1257 2651; x_wconf 91' lang='lat' dir='ltr'><strong>benc</strong></span> <span class='ocrx_word' id='word_1_218' title='bbox 1276 2585 1427 2669; x_wconf 79' lang='lat' dir='ltr'><strong>egerint,</strong></span> <span class='ocrx_word' id='word_1_219' title='bbox 1446 2582 1510 2650; x_wconf 91' lang='lat' dir='ltr'><strong>im-</strong></span> 
     </span>
     <span class='ocr_line' id='line_1_22' title="bbox 178 2688 1508 2780; baseline -0.001 -24"><span class='ocrx_word' id='word_1_220' title='bbox 178 2711 299 2756; x_wconf 90' lang='lat' dir='ltr'><strong>munes</strong></span> <span class='ocrx_word' id='word_1_221' title='bbox 312 2688 385 2755; x_wconf 83' lang='lat' dir='ltr'><strong>sore</strong></span> <span class='ocrx_word' id='word_1_222' title='bbox 405 2712 425 2755; x_wconf 93' lang='lat' dir='ltr'><strong>a</strong></span> <span class='ocrx_word' id='word_1_223' title='bbox 446 2695 540 2779; x_wconf 89' lang='lat' dir='ltr'><strong>peste</strong></span> <span class='ocrx_word' id='word_1_224' title='bbox 558 2695 591 2757; x_wconf 87' lang='lat' dir='ltr'><strong>et</strong></span> <span class='ocrx_word' id='word_1_225' title='bbox 609 2690 782 2759; x_wconf 86' lang='lat' dir='ltr'><strong>ulceribus</strong></span> <span class='ocrx_word' id='word_1_226' title='bbox 795 2697 829 2758; x_wconf 91' lang='lat' dir='ltr'><strong>et</strong></span> <span class='ocrx_word' id='word_1_227' title='bbox 844 2691 942 2773; x_wconf 89' lang='lat' dir='ltr'><strong>hino,</strong></span> <span class='ocrx_word' id='word_1_228' title='bbox 960 2690 1054 2780; x_wconf 93' lang='lat' dir='ltr'><strong>quod</strong></span> <span class='ocrx_word' id='word_1_229' title='bbox 1066 2691 1161 2759; x_wconf 84' lang='lat' dir='ltr'><strong>facili</strong></span> <span class='ocrx_word' id='word_1_230' title='bbox 1179 2690 1331 2759; x_wconf 87' lang='lat' dir='ltr'><strong>illatione</strong></span> <span class='ocrx_word' id='word_1_231' title='bbox 1345 2689 1508 2779; x_wconf 86' lang='lat' dir='ltr'><strong>perspici-</strong></span> 
     </span>
     <span class='ocr_line' id='line_1_23' title="bbox 177 2796 1508 2886; baseline 0 -25"><span class='ocrx_word' id='word_1_232' title='bbox 177 2800 245 2877; x_wconf 87' lang='lat' dir='ltr'><strong>tm,</strong></span> <span class='ocrx_word' id='word_1_233' title='bbox 261 2818 283 2862; x_wconf 92' lang='lat' dir='ltr'><strong>a</strong></span> <span class='ocrx_word' id='word_1_234' title='bbox 305 2796 404 2863; x_wconf 88' lang='lat' dir='ltr'><strong>malis</strong></span> <span class='ocrx_word' id='word_1_235' title='bbox 423 2797 596 2864; x_wconf 88' lang='lat' dir='ltr'><strong>omnibus.</strong></span> <span class='ocrx_word' id='word_1_236' title='bbox 615 2797 760 2864; x_wconf 88' lang='lat' dir='ltr'><strong>Pulchre</strong></span> <span class='ocrx_word' id='word_1_237' title='bbox 781 2802 868 2865; x_wconf 84' lang='lat' dir='ltr'><strong>Deus</strong></span> <span class='ocrx_word' id='word_1_238' title='bbox 885 2810 1027 2864; x_wconf 85' lang='lat' dir='ltr'><strong>sanator</strong></span> <span class='ocrx_word' id='word_1_239' title='bbox 1047 2797 1228 2865; x_wconf 87' lang='lat' dir='ltr'><strong>exhibetur</strong></span> <span class='ocrx_word' id='word_1_240' title='bbox 1253 2798 1297 2879; x_wconf 91' lang='lat' dir='ltr'><strong>is,</strong></span> <span class='ocrx_word' id='word_1_241' title='bbox 1319 2796 1379 2886; x_wconf 93' lang='lat' dir='ltr'><strong>qui</strong></span> <span class='ocrx_word' id='word_1_242' title='bbox 1405 2796 1508 2862; x_wconf 91' lang='lat' dir='ltr'><strong>modo</strong></span> 
     </span>
     <span class='ocr_line' id='line_1_24' title="bbox 177 2902 1507 2995; baseline -0.001 -28"><span class='ocrx_word' id='word_1_243' title='bbox 177 2924 285 2991; x_wconf 88' lang='lat' dir='ltr'><strong>aquas</strong></span> <span class='ocrx_word' id='word_1_244' title='bbox 298 2924 434 2969; x_wconf 88' lang='lat' dir='ltr'><strong>amaras</strong></span> <span class='ocrx_word' id='word_1_245' title='bbox 452 2910 643 2970; x_wconf 89' lang='lat' dir='ltr'><strong>sanaverat.</strong></span> <span class='ocrx_word' id='word_1_246' title='bbox 662 2903 810 2972; x_wconf 90' lang='lat' dir='ltr'><strong>Verbum</strong></span> <span class='ocrx_word' id='word_1_247' title='bbox 826 2919 889 2971; x_wconf 71' lang='lat' dir='ltr'><strong>um</strong></span> <span class='ocrx_word' id='word_1_248' title='bbox 909 2904 952 2971; x_wconf 93' lang='lat' dir='ltr'><strong>de</strong></span> <span class='ocrx_word' id='word_1_249' title='bbox 967 2906 1143 2972; x_wconf 86' lang='lat' dir='ltr'><strong>sanatione</strong></span> <span class='ocrx_word' id='word_1_250' title='bbox 1163 2925 1331 2995; x_wconf 88' lang='lat' dir='ltr'><strong>aquarum</strong></span> <span class='ocrx_word' id='word_1_251' title='bbox 1345 2902 1507 2969; x_wconf 91' lang='lat' dir='ltr'><strong>scribitur</strong></span> 
     </span>
     <span class='ocr_line' id='line_1_25' title="bbox 180 3009 1502 3096; baseline -0.002 -22"><span class='ocrx_word' id='word_1_252' title='bbox 180 3014 197 3073; x_wconf 80' lang='lat' dir='ltr'><strong>t</strong></span> <span class='ocrx_word' id='word_1_253' title='bbox 218 3012 301 3094; x_wconf 83' lang='lat' dir='ltr'><strong>Reg.</strong></span> <span class='ocrx_word' id='word_1_254' title='bbox 315 3014 412 3090; x_wconf 72' lang='lat'><strong>2,22;</strong></span> <span class='ocrx_word' id='word_1_255' title='bbox 431 3013 485 3075; x_wconf 75' lang='grc' dir='ltr'><strong>ΕΖ.</strong></span> <span class='ocrx_word' id='word_1_256' title='bbox 502 3015 593 3091; x_wconf 76' lang='lat' dir='ltr'><strong>l&#39;l,8.</strong></span> <span class='ocrx_word' id='word_1_257' title='bbox 612 3009 720 3077; x_wconf 85' lang='lat' dir='ltr'><strong>Etiam</strong></span> <span class='ocrx_word' id='word_1_258' title='bbox 736 3010 851 3078; x_wconf 91' lang='lat' dir='ltr'><strong>brevis</strong></span> <span class='ocrx_word' id='word_1_259' title='bbox 869 3011 1075 3081; x_wconf 90' lang='lat' dir='ltr'><strong>haecoratio</strong></span> <span class='ocrx_word' id='word_1_260' title='bbox 1090 3010 1269 3077; x_wconf 84' lang='lat' dir='ltr'><strong>formula«</strong></span> <span class='ocrx_word' id='word_1_261' title='bbox 1285 3015 1356 3096; x_wconf 85' lang='lat' dir='ltr'><strong>Ego</strong></span> <span class='ocrx_word' id='word_1_262' title='bbox 1369 3009 1471 3076; x_wconf 90' lang='lat' dir='ltr'><strong>lahve</strong></span> <span class='ocrx_word' id='word_1_263' title='bbox 1487 3036 1502 3071; x_wconf 89' lang='lat'>»</span> 
     </span>
     <span class='ocr_line' id='line_1_26' title="bbox 177 3112 637 3203; baseline 0.007 -24"><span class='ocrx_word' id='word_1_264' title='bbox 177 3112 277 3203; x_wconf 90' lang='lat' dir='ltr'><strong>quasi</strong></span> <span class='ocrx_word' id='word_1_265' title='bbox 290 3113 405 3201; x_wconf 89' lang='lat' dir='ltr'><strong>sigillo</strong></span> <span class='ocrx_word' id='word_1_266' title='bbox 422 3115 637 3203; x_wconf 85' lang='lat' dir='ltr'><strong>obsignatur.</strong></span> 
     </span>
    </p>
   </div>
   <div class='ocr_carea' id='block_1_3' title="bbox 542 3324 1143 3391">
    <p class='ocr_par' dir='ltr' id='par_1_3' title="bbox 542 3324 1143 3391">
     <span class='ocr_line' id='line_1_27' title="bbox 542 3324 1143 3391; baseline 0.005 -17"><span class='ocrx_word' id='word_1_267' title='bbox 542 3324 579 3374; x_wconf 74' lang='grc' dir='ltr'><strong>Ε.</strong></span> <span class='ocrx_word' id='word_1_268' title='bbox 600 3325 649 3375; x_wconf 85' lang='lat' dir='ltr'><strong>De</strong></span> <span class='ocrx_word' id='word_1_269' title='bbox 667 3324 769 3375; x_wconf 70' lang='lat' dir='ltr'><strong>Mara</strong></span> <span class='ocrx_word' id='word_1_270' title='bbox 787 3324 822 3376; x_wconf 82' lang='lat' dir='ltr'><strong>ln</strong></span> <span class='ocrx_word' id='word_1_271' title='bbox 840 3324 929 3377; x_wconf 72' lang='lat' dir='ltr'><strong>Elim</strong></span> <span class='ocrx_word' id='word_1_272' title='bbox 948 3326 1009 3376; x_wconf 78' lang='lat' dir='ltr'><strong>llx.</strong></span> <span class='ocrx_word' id='word_1_273' title='bbox 1033 3326 1143 3391; x_wconf 54' lang='lat'><strong>1537.</strong></span> 
     </span>
    </p>
   </div>
   <div class='ocr_carea' id='block_1_4' title="bbox 173 3488 1506 4322">
    <p class='ocr_par' dir='ltr' id='par_1_4' title="bbox 173 3488 1506 4322">
     <span class='ocr_line' id='line_1_28' title="bbox 221 3488 1505 3581; baseline 0.004 -29"><span class='ocrx_word' id='word_1_274' title='bbox 221 3509 253 3553; x_wconf 89' lang='lat' dir='ltr'><strong>v.</strong></span> <span class='ocrx_word' id='word_1_275' title='bbox 271 3492 313 3553; x_wconf 76' lang='lat'><strong>27</strong></span> <span class='ocrx_word' id='word_1_276' title='bbox 338 3514 355 3547; x_wconf 90' lang='lat'>«</span> <span class='ocrx_word' id='word_1_277' title='bbox 385 3488 556 3554; x_wconf 81' lang='lat' dir='ltr'><strong>Venerunt</strong></span> <span class='ocrx_word' id='word_1_278' title='bbox 575 3501 691 3555; x_wconf 82' lang='lat' dir='ltr'><strong>antem</strong></span> <span class='ocrx_word' id='word_1_279' title='bbox 713 3489 751 3555; x_wconf 79' lang='lat' dir='ltr'><strong>in</strong></span> <span class='ocrx_word' id='word_1_280' title='bbox 770 3490 861 3557; x_wconf 83' lang='lat' dir='ltr'><strong>Elim</strong></span> <span class='ocrx_word' id='word_1_281' title='bbox 877 3489 957 3579; x_wconf 76' lang='lat' dir='ltr'><strong>[filii</strong></span> <span class='ocrx_word' id='word_1_282' title='bbox 973 3490 1108 3581; x_wconf 65' lang='lat' dir='ltr'><strong>Israeli,</strong></span> <span class='ocrx_word' id='word_1_283' title='bbox 1130 3491 1190 3558; x_wconf 83' lang='lat' dir='ltr'><strong>ubi</strong></span> <span class='ocrx_word' id='word_1_284' title='bbox 1206 3506 1303 3559; x_wconf 83' lang='lat' dir='ltr'><strong>erant</strong></span> <span class='ocrx_word' id='word_1_285' title='bbox 1325 3492 1505 3559; x_wconf 75' lang='lat' dir='ltr'><strong>dccodrcz&#39;m</strong></span> 
     </span>
     <span class='ocr_line' id='line_1_29' title="bbox 173 3592 1505 3686; baseline 0.005 -28"><span class='ocrx_word' id='word_1_286' title='bbox 173 3592 287 3679; x_wconf 83' lang='lat' dir='ltr'><strong>sontes</strong></span> <span class='ocrx_word' id='word_1_287' title='bbox 306 3615 480 3683; x_wconf 76' lang='lat' dir='ltr'><strong>uquarum</strong></span> <span class='ocrx_word' id='word_1_288' title='bbox 507 3605 541 3660; x_wconf 84' lang='lat' dir='ltr'><strong>et</strong></span> <span class='ocrx_word' id='word_1_289' title='bbox 565 3595 788 3685; x_wconf 76' lang='lat' dir='ltr'><strong>septnnqintu</strong></span> <span class='ocrx_word' id='word_1_290' title='bbox 812 3596 968 3686; x_wconf 85' lang='lat' dir='ltr'><strong>palmae,</strong></span> <span class='ocrx_word' id='word_1_291' title='bbox 988 3610 1020 3664; x_wconf 83' lang='lat' dir='ltr'><strong>rt</strong></span> <span class='ocrx_word' id='word_1_292' title='bbox 1049 3600 1282 3666; x_wconf 80' lang='lat' dir='ltr'><strong>castrametati</strong></span> <span class='ocrx_word' id='word_1_293' title='bbox 1305 3600 1505 3667; x_wconf 72' lang='lat' dir='ltr'><strong>sentinata</strong></span> 
     </span>
     <span class='ocr_line' id='line_1_30' title="bbox 175 3700 1505 3794; baseline 0.006 -31"><span class='ocrx_word' id='word_1_294' title='bbox 175 3720 286 3787; x_wconf 66' lang='lat' dir='ltr'><strong>nqzcrn</strong></span> <span class='ocrx_word' id='word_1_295' title='bbox 302 3726 333 3765; x_wconf 75' lang='lat' dir='ltr'><strong>n.</strong></span> <span class='ocrx_word' id='word_1_296' title='bbox 351 3700 399 3767; x_wconf 85' lang='lat' dir='ltr'><strong>Cl.</strong></span> <span class='ocrx_word' id='word_1_297' title='bbox 412 3704 511 3767; x_wconf 89' lang='lat' dir='ltr'><strong>Num.</strong></span> <span class='ocrx_word' id='word_1_298' title='bbox 527 3707 619 3785; x_wconf 83' lang='lat'><strong>33,9.</strong></span> <span class='ocrx_word' id='word_1_299' title='bbox 632 3706 678 3769; x_wconf 77' lang='lat' dir='ltr'><strong>lle</strong></span> <span class='ocrx_word' id='word_1_300' title='bbox 693 3702 780 3770; x_wconf 86' lang='lat' dir='ltr'><strong>Elim</strong></span> <span class='ocrx_word' id='word_1_301' title='bbox 796 3702 943 3771; x_wconf 85' lang='lat' dir='ltr'><strong>dixinms</strong></span> <span class='ocrx_word' id='word_1_302' title='bbox 953 3727 987 3794; x_wconf 91' lang='lat' dir='ltr'><strong>p.</strong></span> <span class='ocrx_word' id='word_1_303' title='bbox 1003 3712 1077 3773; x_wconf 88' lang='grc'><strong>163.</strong></span> <span class='ocrx_word' id='word_1_304' title='bbox 1095 3710 1201 3773; x_wconf 88' lang='lat' dir='ltr'><strong>Locus</strong></span> <span class='ocrx_word' id='word_1_305' title='bbox 1215 3711 1505 3774; x_wconf 91' lang='lat' dir='ltr'><strong>commemoratur</strong></span> 
     </span>
     <span class='ocr_line' id='line_1_31' title="bbox 178 3804 1500 3901; baseline 0.006 -32"><span class='ocrx_word' id='word_1_306' title='bbox 178 3804 223 3871; x_wconf 92' lang='lat' dir='ltr'><strong>ob</strong></span> <span class='ocrx_word' id='word_1_307' title='bbox 234 3804 449 3873; x_wconf 89' lang='lat' dir='ltr'><strong>abundantes</strong></span> <span class='ocrx_word' id='word_1_308' title='bbox 461 3827 579 3896; x_wconf 88' lang='lat' dir='ltr'><strong>aquas,</strong></span> <span class='ocrx_word' id='word_1_309' title='bbox 592 3812 626 3873; x_wconf 90' lang='lat' dir='ltr'><strong>et</strong></span> <span class='ocrx_word' id='word_1_310' title='bbox 638 3808 850 3898; x_wconf 89' lang='lat' dir='ltr'><strong>probabilius</strong></span> <span class='ocrx_word' id='word_1_311' title='bbox 862 3809 1006 3878; x_wconf 84' lang='lat' dir='ltr'><strong>Hebraei</strong></span> <span class='ocrx_word' id='word_1_312' title='bbox 1018 3812 1067 3878; x_wconf 93' lang='lat' dir='ltr'><strong>ibi</strong></span> <span class='ocrx_word' id='word_1_313' title='bbox 1081 3812 1294 3901; x_wconf 88' lang='lat' dir='ltr'><strong>aliquamdiu</strong></span> <span class='ocrx_word' id='word_1_314' title='bbox 1308 3812 1500 3881; x_wconf 90' lang='lat' dir='ltr'><strong>substitere.</strong></span> 
     </span>
     <span class='ocr_line' id='line_1_32' title="bbox 178 3915 1504 4008; baseline 0.005 -31"><span class='ocrx_word' id='word_1_315' title='bbox 178 3916 419 4001; x_wconf 89' lang='lat' dir='ltr'><strong>lusumperuut</strong></span> <span class='ocrx_word' id='word_1_316' title='bbox 434 3934 585 3981; x_wconf 89' lang='lat' dir='ltr'><strong>mensem</strong></span> <span class='ocrx_word' id='word_1_317' title='bbox 601 3937 619 3981; x_wconf 90' lang='lat' dir='ltr'><strong>e</strong></span> <span class='ocrx_word' id='word_1_318' title='bbox 634 3918 807 3999; x_wconf 87' lang='lat' dir='ltr'><strong>Ramesse,</strong></span> <span class='ocrx_word' id='word_1_319' title='bbox 825 3915 919 3984; x_wconf 93' lang='lat' dir='ltr'><strong>unde</strong></span> <span class='ocrx_word' id='word_1_320' title='bbox 939 3918 1081 4007; x_wconf 85' lang='lat' dir='ltr'><strong>proiecti</strong></span> <span class='ocrx_word' id='word_1_321' title='bbox 1095 3924 1175 3985; x_wconf 91' lang='lat' dir='ltr'><strong>sunt</strong></span> <span class='ocrx_word' id='word_1_322' title='bbox 1190 3926 1245 3988; x_wconf 73' lang='lat'><strong>15⁸</strong></span> <span class='ocrx_word' id='word_1_323' title='bbox 1259 3920 1385 3987; x_wconf 92' lang='lat' dir='ltr'><strong>mensis</strong></span> <span class='ocrx_word' id='word_1_324' title='bbox 1400 3917 1504 4008; x_wconf 90' lang='lat' dir='ltr'><strong>primi</strong></span> 
     </span>
     <span class='ocr_line' id='line_1_33' title="bbox 176 4016 1503 4114; baseline 0.005 -31"><span class='ocrx_word' id='word_1_325' title='bbox 176 4016 305 4103; x_wconf 64' lang='lat' dir='ltr'><strong>(12,st</strong></span> <span class='ocrx_word' id='word_1_326' title='bbox 325 4023 378 4085; x_wconf 78' lang='lat' dir='ltr'><strong>ll.</strong></span> <span class='ocrx_word' id='word_1_327' title='bbox 396 4018 466 4109; x_wconf 85' lang='lat'><strong>51),</strong></span> <span class='ocrx_word' id='word_1_328' title='bbox 488 4019 533 4087; x_wconf 92' lang='lat' dir='ltr'><strong>ad</strong></span> <span class='ocrx_word' id='word_1_329' title='bbox 549 4019 726 4089; x_wconf 91' lang='lat' dir='ltr'><strong>desertum</strong></span> <span class='ocrx_word' id='word_1_330' title='bbox 746 4022 839 4089; x_wconf 89' lang='lat' dir='ltr'><strong>Sinai</strong></span> <span class='ocrx_word' id='word_1_331' title='bbox 861 4029 951 4107; x_wconf 91' lang='grc'><strong>16,1.</strong></span> <span class='ocrx_word' id='word_1_332' title='bbox 970 4029 1047 4114; x_wconf 88' lang='lat' dir='ltr'><strong>lpsa</strong></span> <span class='ocrx_word' id='word_1_333' title='bbox 1064 4024 1126 4092; x_wconf 91' lang='lat' dir='ltr'><strong>illa</strong></span> <span class='ocrx_word' id='word_1_334' title='bbox 1146 4032 1201 4093; x_wconf 84' lang='lat'><strong>15·</strong></span> <span class='ocrx_word' id='word_1_335' title='bbox 1215 4026 1270 4093; x_wconf 94' lang='lat' dir='ltr'><strong>die</strong></span> <span class='ocrx_word' id='word_1_336' title='bbox 1285 4030 1454 4093; x_wconf 88' lang='lat' dir='ltr'><strong>venerunt</strong></span> <span class='ocrx_word' id='word_1_337' title='bbox 1467 4025 1503 4090; x_wconf 93' lang='lat' dir='ltr'><strong>in</strong></span> 
     </span>
     <span class='ocr_line' id='line_1_34' title="bbox 175 4124 1503 4222; baseline 0.006 -33"><span class='ocrx_word' id='word_1_338' title='bbox 175 4124 301 4190; x_wconf 88' lang='lat' dir='ltr'><strong>Socoth</strong></span> <span class='ocrx_word' id='word_1_339' title='bbox 315 4124 457 4213; x_wconf 62' lang='lat'><strong>(1237),</strong></span> <span class='ocrx_word' id='word_1_340' title='bbox 477 4132 531 4193; x_wconf 82' lang='lat'><strong>19·</strong></span> <span class='ocrx_word' id='word_1_341' title='bbox 544 4126 582 4194; x_wconf 93' lang='lat' dir='ltr'><strong>in</strong></span> <span class='ocrx_word' id='word_1_342' title='bbox 598 4128 721 4195; x_wconf 87' lang='lat' dir='ltr'><strong>Etham</strong></span> <span class='ocrx_word' id='word_1_343' title='bbox 739 4128 881 4218; x_wconf 57' lang='lat'><strong>(1330),</strong></span> <span class='ocrx_word' id='word_1_344' title='bbox 899 4152 1033 4197; x_wconf 87' lang='lat' dir='ltr'><strong>summa</strong></span> <span class='ocrx_word' id='word_1_345' title='bbox 1050 4132 1178 4222; x_wconf 91' lang='lat' dir='ltr'><strong>quippe</strong></span> <span class='ocrx_word' id='word_1_346' title='bbox 1194 4132 1410 4200; x_wconf 85' lang='lat' dir='ltr'><strong>festinatione</strong></span> <span class='ocrx_word' id='word_1_347' title='bbox 1429 4138 1503 4199; x_wconf 91' lang='lat' dir='ltr'><strong>tum</strong></span> 
     </span>
     <span class='ocr_line' id='line_1_35' title="bbox 175 4229 1506 4322; baseline 0.008 -27"><span class='ocrx_word' id='word_1_348' title='bbox 175 4229 418 4317; x_wconf 86' lang='lat' dir='ltr'><strong>procedebant.</strong></span> <span class='ocrx_word' id='word_1_349' title='bbox 445 4238 487 4301; x_wconf 78' lang='lat' dir='ltr'><strong>at</strong></span> <span class='ocrx_word' id='word_1_350' title='bbox 512 4232 678 4322; x_wconf 90' lang='lat' dir='ltr'><strong>quamdiu</strong></span> <span class='ocrx_word' id='word_1_351' title='bbox 703 4235 740 4301; x_wconf 90' lang='lat' dir='ltr'><strong>iu</strong></span> <span class='ocrx_word' id='word_1_352' title='bbox 768 4234 997 4304; x_wconf 89' lang='lat' dir='ltr'><strong>Pbihahiroth</strong></span> <span class='ocrx_word' id='word_1_353' title='bbox 1024 4237 1255 4320; x_wconf 89' lang='lat' dir='ltr'><strong>substiterint,</strong></span> <span class='ocrx_word' id='word_1_354' title='bbox 1278 4239 1506 4308; x_wconf 81' lang='lat' dir='ltr'><strong>nescimush</strong></span> 
     </span>
    </p>
   </div>
   <div class='ocr_carea' id='block_1_5' title="bbox 174 4335 1505 4513">
    <p class='ocr_par' dir='ltr' id='par_1_5' title="bbox 174 4335 1505 4513">
     <span class='ocr_line' id='line_1_36' title="bbox 176 4335 1505 4436; baseline 0.011 -35"><span class='ocrx_word' id='word_1_355' title='bbox 176 4335 257 4402; x_wconf 85' lang='lat' dir='ltr'><strong>llari</strong></span> <span class='ocrx_word' id='word_1_356' title='bbox 277 4336 392 4405; x_wconf 85' lang='lat' dir='ltr'><strong>Rubro</strong></span> <span class='ocrx_word' id='word_1_357' title='bbox 414 4338 460 4405; x_wconf 89' lang='lat' dir='ltr'><strong>ad</strong></span> <span class='ocrx_word' id='word_1_358' title='bbox 484 4342 574 4407; x_wconf 89' lang='lat' dir='ltr'><strong>llara</strong></span> <span class='ocrx_word' id='word_1_359' title='bbox 594 4345 663 4407; x_wconf 92' lang='lat' dir='ltr'><strong>tres</strong></span> <span class='ocrx_word' id='word_1_360' title='bbox 688 4340 809 4409; x_wconf 89' lang='lat' dir='ltr'><strong>saltem</strong></span> <span class='ocrx_word' id='word_1_361' title='bbox 833 4342 1100 4433; x_wconf 89' lang='lat' dir='ltr'><strong>insumpserunt</strong></span> <span class='ocrx_word' id='word_1_362' title='bbox 1126 4343 1197 4413; x_wconf 90' lang='lat' dir='ltr'><strong>dies</strong></span> <span class='ocrx_word' id='word_1_363' title='bbox 1215 4345 1368 4436; x_wconf 59' lang='lat'><strong>(1532),</strong></span> <span class='ocrx_word' id='word_1_364' title='bbox 1397 4352 1505 4415; x_wconf 85' lang='lat' dir='ltr'><strong>llarae</strong></span> 
     </span>
     <span class='ocr_line' id='line_1_37' title="bbox 174 4440 622 4513; baseline 0.011 -6"><span class='ocrx_word' id='word_1_365' title='bbox 174 4440 248 4509; x_wconf 82' lang='lat' dir='ltr'><strong>sine</strong></span> <span class='ocrx_word' id='word_1_366' title='bbox 263 4441 370 4510; x_wconf 92' lang='lat' dir='ltr'><strong>dubio</strong></span> <span class='ocrx_word' id='word_1_367' title='bbox 385 4444 622 4513; x_wconf 89' lang='lat' dir='ltr'><strong>substiterunt.</strong></span> 
     </span>
    </p>
   </div>
   <div class='ocr_carea' id='block_1_6' title="bbox 496 4653 1183 4714">
    <p class='ocr_par' dir='ltr' id='par_1_6' title="bbox 496 4653 1183 4714">
     <span class='ocr_line' id='line_1_38' title="bbox 496 4653 1183 4714; baseline 0.013 -11"><span class='ocrx_word' id='word_1_368' title='bbox 496 4655 532 4704; x_wconf 76' lang='lat' dir='ltr'><strong>F.</strong></span> <span class='ocrx_word' id='word_1_369' title='bbox 553 4654 602 4704; x_wconf 82' lang='lat' dir='ltr'><strong>De</strong></span> <span class='ocrx_word' id='word_1_370' title='bbox 621 4653 707 4706; x_wconf 72' lang='lat' dir='ltr'><strong>Ellm</strong></span> <span class='ocrx_word' id='word_1_371' title='bbox 727 4654 762 4706; x_wconf 88' lang='lat' dir='ltr'><strong>ln</strong></span> <span class='ocrx_word' id='word_1_372' title='bbox 781 4655 950 4709; x_wconf 85' lang='lat' dir='ltr'><strong>desertum</strong></span> <span class='ocrx_word' id='word_1_373' title='bbox 971 4656 1027 4709; x_wconf 78' lang='lat' dir='ltr'><strong>Sin</strong></span> <span class='ocrx_word' id='word_1_374' title='bbox 1046 4660 1108 4710; x_wconf 72' lang='lat' dir='ltr'><strong>Ex.</strong></span> <span class='ocrx_word' id='word_1_375' title='bbox 1133 4661 1183 4714; x_wconf 85' lang='grc'><strong>16.</strong></span> 
     </span>
    </p>
   </div>
   <div class='ocr_carea' id='block_1_7' title="bbox 220 4812 1507 4911">
    <p class='ocr_par' dir='ltr' id='par_1_7' title="bbox 220 4812 1507 4911">
     <span class='ocr_line' id='line_1_39' title="bbox 220 4812 1507 4911; baseline 0.009 -31"><span class='ocrx_word' id='word_1_376' title='bbox 220 4812 359 4884; x_wconf 86' lang='lat' dir='ltr'><strong>Textum</strong></span> <span class='ocrx_word' id='word_1_377' title='bbox 380 4816 482 4885; x_wconf 91' lang='lat' dir='ltr'><strong>huius</strong></span> <span class='ocrx_word' id='word_1_378' title='bbox 498 4818 621 4908; x_wconf 89' lang='lat' dir='ltr'><strong>capitis</strong></span> <span class='ocrx_word' id='word_1_379' title='bbox 634 4842 705 4888; x_wconf 91' lang='lat' dir='ltr'><strong>esse</strong></span> <span class='ocrx_word' id='word_1_380' title='bbox 720 4820 757 4887; x_wconf 92' lang='lat' dir='ltr'><strong>in</strong></span> <span class='ocrx_word' id='word_1_381' title='bbox 776 4822 983 4911; x_wconf 91' lang='lat' dir='ltr'><strong>quibusdam</strong></span> <span class='ocrx_word' id='word_1_382' title='bbox 999 4823 1245 4908; x_wconf 87' lang='lat' dir='ltr'><strong>deformatum,</strong></span> <span class='ocrx_word' id='word_1_383' title='bbox 1266 4826 1327 4893; x_wconf 89' lang='lat' dir='ltr'><strong>alii</strong></span> <span class='ocrx_word' id='word_1_384' title='bbox 1345 4832 1422 4895; x_wconf 88' lang='lat' dir='ltr'><strong>ante</strong></span> <span class='ocrx_word' id='word_1_385' title='bbox 1444 4848 1507 4893; x_wconf 90' lang='lat' dir='ltr'><strong>nos</strong></span> 
     </span>
    </p>
   </div>
   <div class='ocr_carea' id='block_1_8' title="bbox 0 0 1772 5384">
    <p class='ocr_par' dir='ltr' id='par_1_8' title="bbox 0 0 1772 5384">
     <span class='ocr_line' id='line_1_40' title="bbox 0 0 1772 5384; baseline 0 1"><span class='ocrx_word' id='word_1_386' title='bbox 0 0 1772 5384; x_wconf 95' lang='lat' dir='ltr'><strong> </strong></span> 
     </span>
    </p>
   </div>
  </div>
 </body>
</html>
