3534 5384
745 372 794 414 ex.
819 356 912 426 ‘2539
934 371 1000 423 soc.
1480 357 1538 415 265

209 507 318 575 rende
336 511 396 573 est.
414 519 492 571 nro:
509 509 607 571 Num.
627 503 968 585 7,1hdescribuntur
987 532 1003 566 «
1025 507 1126 594 plena
1141 502 1274 573 incensi
1293 521 1327 582 »3
1346 511 1425 571 sunt
1444 507 1538 573 navi-

209 613 321 696 culae,
346 615 382 679 in
405 611 531 702 quibus
553 610 761 678 offerebatur
780 617 813 679 et
833 612 1072 680 asservabatur
1093 612 1284 680 incensum.
1315 627 1411 703 usurp
1432 616 1530 680 Num.

208 727 288 805 r,13
303 719 544 787 describuntur
559 718 660 785 luisse
677 747 692 779 «
709 719 814 808 plena
825 719 938 786 simila
953 740 1137 808 conspersa
1152 719 1228 787 oleo
1247 748 1276 786 ».
1295 727 1398 788 Porro
1411 721 1538 788 versio-

208 849 268 894 nes
294 828 379 894 haec
403 825 572 892 vocabula
592 825 793 914 exprimunt
813 824 1016 892 nominibus
1038 847 1197 892 vasorum
1218 829 1276 910 iis,
1304 851 1391 917 quae
1417 829 1452 893 in
1476 849 1538 893 sua

209 933 354 1026 quisque
375 932 497 1018 lingua
516 931 668 1021 proxime
684 930 846 998 accedere
861 931 1032 1021 putabant
1046 932 1090 999 ad
1101 933 1249 1001 formam
1265 936 1352 1002 vasis
1367 933 1535 1016 hebraici3

209 1061 297 1130 quae
321 1044 437 1106 tamen
462 1039 495 1104 h.
518 1037 543 1105 l.
565 1059 856 1127 supervacaneum
879 1043 929 1104 est
950 1059 1138 1106 recensere.
1161 1041 1387 1108 Acetahulum
1406 1045 1458 1106 est
1479 1062 1538 1106 vas

209 1151 343 1214 acetum
357 1144 489 1212 habens
501 1144 545 1211 ad
558 1144 802 1231 intingendum
812 1165 949 1234 panem.
965 1167 997 1210 v.
1013 1151 1056 1211 30
1075 1169 1091 1208 a
1100 1147 1146 1211 Et
1155 1167 1262 1234 pones
1273 1169 1375 1237 super
1388 1168 1538 1213 mensam

207 1273 314 1342 panes
328 1250 577 1341 propositionis
593 1250 631 1316 iu
646 1264 828 1340 compecto
842 1272 916 1317 meo
931 1271 1062 1341 semper
1078 1278 1107 1319 ».
1125 1252 1291 1343 Loquitur
1308 1254 1351 1321 de
1371 1254 1423 1320 his
1441 1254 1538 1342 pani-

210 1359 274 1426 bus
292 1357 391 1448 quasi
410 1358 452 1424 de
471 1380 509 1424 re
528 1363 619 1424 nota.

671 1528 696 1577 i·
714 1525 888 1574 Candelabrum
902 1529 949 1573 Er.
964 1529 1084 1586 mal-as.

254 1693 338 1779 Arp.
357 1695 445 1756 —E
464 1690 539 1756 basi
557 1689 709 1760 nascitur
723 1689 860 1770 hastile,
886 1689 978 1779 quod
993 1710 1164 1756 summum
1185 1691 1220 1756 in
1244 1695 1392 1780 quatuor
1415 1691 1538 1758 calices

210 1797 438 1886 superpositos
452 1795 643 1862 efflorescit.
666 1801 690 1861 E
713 1795 822 1862 tribus
835 1796 872 1862 in
889 1795 1005 1862 hastili
1021 1795 1121 1862 nodis
1138 1803 1327 1865 nascuntur
1341 1798 1429 1862 rami
1453 1797 1537 1864 late-

209 1904 298 1970 rales
313 1901 402 1982 bini,
420 1901 667 1969 efflorescentes
682 1902 810 1988 singuli
823 1903 860 1968 in
881 1907 950 1968 tres
964 1902 1084 1968 calices
1103 1903 1347 1992 superpositos
1369 1907 1405 1969 ln
1420 1903 1536 1970 calici-

211 2009 274 2076 bus
292 2009 440 2096 singulis
464 2031 482 2075 e
510 2009 614 2075 calice
637 2007 790 2076 nascitur
808 2008 994 2098 sphaerula
1011 2031 1070 2075 seu
1094 2008 1223 2091 nodus,
1249 2031 1266 2076 e
1291 2009 1383 2076 nodo
1408 2009 1533 2077 lilium.

210 2123 355 2204 Lampas
379 2135 539 2205 supremo
556 2113 632 2180 lilio
656 2114 855 2204 imponitur,
887 2121 925 2181 ul
946 2115 1203 2204 sintlampades
1228 2115 1369 2183 omnino
1392 2120 1534 2206 septem.

212 2223 333 2290 Omnia
348 2245 389 2288 cx
401 2243 487 2289 auro
504 2220 741 2288 conficiuntur.

257 2351 290 2394 v.
310 2335 351 2396 31
373 2357 388 2388 a
406 2327 526 2394 Facies
545 2340 578 2394 et
593 2326 836 2394 caudelabrum
851 2327 977 2394 ductile
992 2327 1033 2394 cle
1049 2351 1133 2394 auro
1149 2329 1372 2396 metudisss'mo
1392 2357 1425 2412 »‚
1446 2329 1537 2419 quod

212 2435 289 2502 ideo
305 2442 400 2519 a1,8;
423 2440 526 2516 39,36
548 2433 635 2522 (37);
657 2439 731 2500 Lev.
759 2438 838 2517 2l,l
862 2441 1002 2501 vocatur
1023 2463 1039 2496 u
1061 2435 1309 2502 candelabrum
1330 2436 1497 2502 mundum
1520 2463 1534 2495 s

215 2542 331 2631 (Ka.);
355 2570 371 2602 a
396 2540 517 2607 hastile
531 2541 605 2606 eius
624 2553 656 2606 et
676 2540 843 2624 calamos,
863 2541 1007 2631 scyphos
1015 2555 1048 2606 et
1056 2540 1256 2631 sphaerulas
1268 2564 1308 2609 ac
1322 2540 1398 2608 lilia
1411 2565 1453 2608 aa
1463 2542 1537 2629 ipso

215 2647 463 2739 [procedentia]
488 2675 504 2708 »
525 2658 636 2713 errmt.
655 2661 747 2710 nrum
769 2647 875 2736 (lem.)
906 2647 1001 2736 Vulp.
1027 2649 1118 2714 LXX
1129 2648 1307 2715 commode
1325 2647 1479 2715 relerunt
1494 2648 1538 2714 ad

212 2771 325 2827 narra,
339 2775 444 2841 ergo:
462 2753 909 2843 procedentecendelabro.
928 2759 1034 2822 Sensu
1048 2754 1118 2820 lare
1135 2754 1254 2820 eodem
1272 2753 1389 2820 Dillm.
1410 2776 1422 2818 :
1438 2761 1538 2822 erunt

212 2884 251 2928 ex
272 2883 329 2942 eo,
350 2867 450 2928 erunt
465 2882 573 2926 unum
588 2881 666 2926 cum
684 2860 761 2942 illo,
777 2881 968 2949 provocans
986 2859 1029 2926 ad
1042 2883 1075 2926 v.
1096 2867 1148 2942 19,
1171 2860 1230 2927 ubi
1246 2865 1361 2928 tamen
1373 2860 1474 2927 lectio
1489 2867 1538 2928 est

212 2969 353 3034 incerta.
371 2970 444 3034 Vat.
461 2966 621 3032 suffixum
635 2967 715 3033 lem.
731 2967 836 3032 refert
854 2965 898 3033 ad
914 2987 1016 3032 masc.
1036 2981 1093 3030 aar
1113 2973 1235 3033 :erunt
1249 2989 1289 3032 ex
1302 2989 1395 3033 aura.
1412 2982 1462 3055 'pt
1487 2967 1537 3032 fe-

212 3094 302 3156 mur,
322 3096 363 3140 ea
388 3080 436 3139 est
461 3095 541 3162 pars
563 3073 731 3162 corporis,
753 3073 846 3139 unde
861 3094 963 3139 crura
979 3079 1193 3162 separantur,
1216 3079 1250 3140 et
1270 3073 1306 3139 in
1330 3073 1536 3140 candelabro

213 3180 397 3268 opponitur
417 3180 546 3245 calamo
560 3201 621 3246 seu
636 3185 757 3246 trunco
774 3193 833 3270 sup
851 3197 858 3238 t
880 3200 963 3264 ergo
981 3179 1069 3245 illud
1083 3201 1152 3246 non
1171 3183 1220 3246 est
1244 3179 1383 3262 hastile,
1406 3186 1535 3265 καυλὲς,

213 3303 283 3351 aru
300 3284 404 3372 (Chal
414 3284 454 3374 l.)
466 3339 473 3366 ,
484 3285 543 3352 sed
561 3301 628 3349 oo:
643 3285 732 3352 hosis
749 3284 874 3374 (Spr·.);
893 3291 926 3352 et
936 3307 1081 3374 sequens
1101 3300 1161 3374 usp
1180 3285 1298 3375 (sing.)
1314 3286 1447 3376 estipse
1459 3308 1539 3352 can·

212 3391 345 3458 delubri
361 3403 516 3475 eramus,
532 3392 666 3459 hastile.
687 3397 729 3458 st
743 3397 879 3482 praeter
890 3391 987 3458 illum
1002 3414 1111 3459 unum
1126 3407 1184 3484 sup
1205 3392 1376 3459 habentur
1392 3414 1448 3459 sex
1463 3406 1536 3484 cup

213 3499 351 3580 calami,
367 3500 465 3577 rami,
484 3499 622 3565 brachia
637 3521 677 3564 ex
691 3496 751 3564 illo
768 3520 837 3564 uno
852 3504 972 3565 trunco
990 3498 1210 3588 procedentia
1232 3521 1239 3567 :
1257 3523 1288 3566 v.
1307 3505 1349 3564 32
1368 3529 1382 3560 «
1399 3500 1467 3567 Ser
1485 3521 1539 3565 ca·

214 3603 299 3670 lami
322 3605 540 3694 epredieatur
558 3605 600 3671 de
626 3603 803 3685 lateribus,
820 3617 886 3671 tres
901 3627 942 3670 as
958 3627 1025 3670 urm
1045 3605 1166 3688 latere,
1185 3617 1218 3671 et
1243 3617 1307 3672 eres
1325 3629 1367 3671 eu
1380 3606 1487 3672 allero
1506 3634 1536 3672 n.

216 3715 261 3777 Ex
272 3734 482 3801 unoquoque
496 3711 629 3778 calamo
648 3711 874 3799 egrediuntur
885 3717 953 3778 tres
965 3711 1087 3800 scyphi
1101 3733 1161 3778 seu
1171 3713 1285 3801 potius
1301 3711 1424 3778 calices
1436 3713 1537 3800 (uras,

213 3817 273 3883 clr.
297 3823 382 3885 Gen.
400 3824 480 3898 tlh
495 3817 607 3907 sqq.),
630 3819 752 3883 llorum
766 3818 887 3884 calices
903 3817 1088 3885 imitantes.
1111 3817 1247 3903 Singuli
1268 3818 1387 3884 calices
1410 3819 1540 3884 habent

212 3938 322 3997 aruer,
337 3925 430 4012 quod
441 3927 476 3989 in
488 3923 656 3990 columnis
670 3924 833 3990 corollam
848 3946 909 3990 seu
922 3924 1109 4013 capitulum
1125 3923 1297 4010 designat,
1314 3946 1397 4010 ergo
1408 3925 1444 3989 in
1460 3946 1540 3989 can-

211 4029 355 4097 delabro
374 4029 590 4119 sphaerulae,
606 4049 824 4118 σφαιρωτῆρες,
845 4029 964 4097 Chald.
982 4033 1060 4118 Syr.
1083 4031 1214 4096 malum
1224 4031 1414 4120 punicum·
1427 4035 1460 4096 et
1479 4043 1538 4098 nrt

212 4137 331 4224 florem
348 4159 424 4218 seu,
438 4137 489 4203 uti
503 4136 594 4204 belle
608 4137 705 4226 Vulp.
723 4136 844 4204 Chald.
855 4141 935 4226 Spe.
948 4137 1093 4216 habent,
1113 4135 1225 4202 lilium
1239 4159 1246 4204 ε
1261 4159 1328 4225 quo
1345 4136 1414 4202 lilio
1432 4137 1540 4203 conli-

213 4249 315 4309 nelur
335 4241 507 4332 lampadis
525 4244 650 4309 oleum.
673 4242 764 4309 Calin
784 4244 963 4310 cllloresoil
987 4243 1023 4310 in
1044 4242 1279 4332 sphaerulam,
1300 4244 1486 4332 sphaerula
1504 4243 1539 4310 in

213 4348 338 4415 lilium.
356 4371 388 4416 v.
402 4354 445 4415 33
463 4377 479 4410 a
498 4351 573 4416 Tres
582 4348 704 4440 scyphi
714 4349 837 4439 [quasi]
853 4350 890 4415 r'n
905 4345 1002 4416 aseris
1017 4377 1053 4431 »,
1067 4371 1125 4416 seu
1141 4351 1254 4439 potius
1261 4348 1359 4439 floris
1369 4348 1540 4440 arrsypela-

214 4455 267 4521 lae
283 4486 298 4517 a
316 4454 469 4537 modum,
484 4478 547 4544 per
559 4455 709 4523 calamos
725 4455 896 4544 siupulos,
913 4455 1163 4546 sphaerulaque
1176 4456 1301 4546 [simul]
1316 4467 1348 4522 el
1364 4455 1496 4542 lilium,·
1508 4469 1540 4522 el

216 4573 279 4628 tres
289 4561 471 4647 [similiter]
485 4561 608 4651 scyphi
618 4562 1018 4629 instaraucisincalamo
1027 4562 1147 4646 altero,
1156 4563 1405 4652 sphaerulaque
1416 4561 1540 4652 [simul]

216 4681 248 4733 ct
264 4669 402 4736 lilium:
423 4667 484 4734 hoc
503 4667 567 4734 erit
583 4691 667 4758 opus
682 4691 742 4735 sea
759 4667 987 4748 calamorum,
1010 4669 1072 4759 qui
1084 4667 1297 4758 producendi
1311 4681 1391 4734 suut
1406 4667 1447 4734 (le
1461 4668 1540 4734 has-

216 4773 271 4840 tili
286 4802 302 4837 »
316 4781 515 4842 sentrunco.
532 4774 759 4861 Singuliesex
773 4773 914 4842 calamis
924 4776 1120 4862 producunt
1131 4775 1250 4842 calices
1260 4774 1378 4857 trinos,
1397 4775 1539 4844 fortasse
1597 4852 1601 4861 Ι
