3534 5384
719 363 758 406 EX
779 363 915 408 AEGl'PTO
936 363 965 408 ΙΝ
987 365 1076 408 alsat.

549 561 569 612 l.
583 563 700 614 Novella
713 561 748 613 de
762 561 854 613 viduis
867 567 895 614 et
907 563 1020 628 puplllls
1034 569 1085 613 Ex.
1102 561 1241 628 rueret.

275 733 360 820 Arp.
376 768 421 779 -
440 728 706 796 Commendatur
720 727 829 818 pietas
843 727 880 794 in
896 728 989 810 illos,
1007 726 1125 794 addita
1140 727 1407 796 comminatione
1423 750 1490 810 eos,
1506 728 1566 818 qui

230 839 307 906 illos
321 835 612 917 contristaverint,
635 857 654 901 a
670 839 735 902 lleo
745 835 905 925 punitum
918 834 962 901 iri
976 834 1014 900 in
1028 837 1098 902 suis
1111 835 1276 902 uxoribus
1291 841 1325 901 et
1339 835 1471 901 liberis.

274 945 376 1012 Stilus
390 965 459 1010 non
478 946 527 1008 est
538 943 632 1009 idem
651 945 754 1032 atque
769 963 844 1032 cap.
865 947 905 1008 21
923 963 993 1031 sq.;
1010 957 1056 1006 mv
1074 965 1106 1007 v.
1124 947 1165 1008 23
1189 964 1259 1009 non
1276 941 1419 1009 inchoat
1437 963 1565 1010 novum

230 1050 443 1132 membrum,
467 1047 527 1116 sed
550 1069 682 1115 meram
707 1047 913 1114 sententiam
939 1048 1221 1117 conditionalem.
1247 1047 1352 1116 Stilus
1376 1054 1426 1114 est
1454 1047 1564 1114 affinis

229 1157 377 1226 aliarum
398 1157 657 1246 pericoparum,
680 1176 766 1244 quas
787 1154 891 1242 lloysi
919 1154 1120 1222 tribuendas
1138 1177 1333 1235 censemus
1358 1177 1391 1221 v.
1420 1175 1454 1241 g.
1485 1159 1560 1221 Lev.

229 1270 273 1331 25
290 1287 342 1354 sq.
367 1263 518 1330 Habetur
536 1259 649 1350 potius
671 1260 730 1351 pia
750 1259 946 1328 adhortatio
968 1283 1073 1350 Qum
1092 1260 1163 1344 lex;
1180 1284 1250 1329 non
1271 1260 1437 1328 indicitur
1455 1283 1564 1350 poena

231 1370 341 1438 civilis
364 1367 588 1456 neglecturis,
612 1366 672 1434 sed
700 1388 812 1456 poena
839 1367 911 1434 sola
939 1367 1117 1436 ordinaria
1145 1367 1203 1434 Dei
1230 1366 1447 1458 providentia
1471 1367 1564 1433 inlli-

230 1477 357 1564 gendo.

273 1606 305 1649 v.
324 1589 367 1648 22
387 1609 402 1644 u
430 1578 749 1670 Viduaectpupillo
765 1602 834 1646 noa
846 1579 1011 1646 nocebitis
1027 1608 1043 1642 »
1062 1579 1175 1670 (Zach.
1192 1580 1299 1670 7,10).
1315 1579 1450 1670 Reliqui
1464 1602 1562 1670 prae-

228 1689 344 1776 figunt
358 1687 464 1755 omni.
483 1710 515 1753 v.
533 1693 575 1752 23
593 1714 609 1747 «
632 1686 671 1752 Si
690 1685 860 1752 laeseritis
882 1709 936 1752 eos
959 1713 995 1768 a,
1017 1724 1061 1735 —
1081 1689 1183 1752 llebr.
1201 1689 1297 1754 Sunt.
1322 1685 1441 1753 Chalci.
1465 1709 1559 1771 eam,

229 1794 417 1885 (quemlibet
432 1816 553 1861 corum
567 1832 611 1843 -
625 1819 641 1852 ι(
662 1792 943 1879 vociferabuntur
957 1791 1005 1859 acl
1017 1815 1080 1879 me,
1100 1805 1131 1858 et
1144 1815 1206 1882 epo
1220 1793 1363 1860 audiam
1379 1791 1561 1860 clariorem

228 1925 347 1970 eorum
363 1931 393 1985 »,
413 1931 429 1962 a
445 1900 489 1967 ad
504 1922 607 1989 quem
617 1899 711 1966 velut
721 1901 863 1967 unicum
876 1921 977 1966 suum
992 1898 1203 1967 adiutorium
1215 1899 1344 1967 habent
1357 1899 1530 1986 retugium
1545 1927 1560 1960 a

231 2008 306 2096 (Syl
329 2007 370 2098 .);
387 2032 419 2074 v.
437 2013 480 2074 27
501 2034 517 2066 «
534 2019 566 2072 et
581 2005 820 2096 indiqnabitur
835 2011 938 2096 ferror·
957 2029 1068 2087 mous,
1081 2005 1343 2097 percutiamque
1353 2029 1411 2072 uos
1425 2005 1559 2094 plodio,

227 2127 372 2182 cierunt
388 2136 510 2181 uxores
522 2124 651 2180 oestrus
664 2111 788 2179 viduae
803 2124 835 2178 et
849 2112 921 2201 filii
934 2111 1180 2202 vestripupilli
1196 2140 1226 2179 a.
1451 2111 1453 2114 ’

619 2359 647 2410 g.
662 2347 779 2397 Novella
792 2345 827 2398 de
842 2348 940 2411 egenis
954 2353 1004 2398 Ex.
1020 2347 1163 2408 ‘raas-27.

271 2524 355 2610 Arp.
378 2559 423 2570 -
446 2524 617 2609 Pauperes
642 2541 713 2586 non
735 2518 919 2608 premendi
938 2520 975 2585 in
1000 2519 1125 2587 debitis
1147 2524 1180 2586 ct
1201 2522 1311 2587 usuris
1326 2520 1556 2604 exsolvendis3

229 2629 366 2694 unicum
386 2627 547 2716 pallium,
564 2627 590 2692 si
611 2626 648 2692 in
660 2625 787 2716 pignus
807 2631 982 2714 receptum
994 2626 1116 2708 luerit,
1133 2631 1212 2693 ante
1227 2631 1362 2694 noctem
1381 2628 1556 2694 reddatur.

271 2739 357 2801 Haec
369 2734 486 2800 affinia
497 2737 576 2798 sunt
588 2731 866 2800 exhortationum
877 2755 909 2798 v.
922 2739 1035 2800 21-27.
1050 2735 1123 2799 Non
1134 2733 1294 2800 statuitur
1306 2755 1422 2823 poena
1436 2733 1556 2815 civilia,

226 2841 283 2908 sed
311 2841 370 2908 nei
398 2837 617 2929 providentia
645 2839 751 2905 ultrix
780 2862 812 2905 v.
840 2845 882 2904 27
919 2838 1183 2906 demonstratur.
1213 2839 1363 2906 Habetur
1385 2855 1431 2904 nu
1459 2839 1557 2906 initio

226 2971 257 3014 v.
278 2954 320 3016 25
339 2969 405 3036 sq.,
420 2945 519 3036 quasi
537 2944 758 3011 subnectatur
783 2969 813 3013 v.
842 2951 947 3012 25-27
970 2945 1120 3012 extensio
1140 2945 1311 3034 quaedam
1327 2945 1414 3034 legis
1430 2947 1557 3012 miseri-

226 3053 362 3120 cordiae
386 3058 487 3119 antea
504 3051 664 3119 traditae.
684 3051 782 3118 Haud
809 3051 955 3132 mirum,
973 3056 1124 3139 Moysen,
1143 3051 1204 3141 qui
1222 3057 1272 3118 tot
1291 3052 1384 3140 leges
1400 3053 1558 3141 antiquas

226 3158 417 3245 collegerit,
440 3159 650 3249 quandoque
670 3157 774 3224 ctiam
800 3180 920 3224 earum
946 3157 1062 3224 stilum
1080 3157 1221 3226 imitari.
1244 3182 1276 3226 v.
1296 3165 1337 3226 25
1360 3189 1374 3220 «
1397 3158 1436 3227 Si
1453 3181 1557 3248 pecu-

226 3264 321 3332 niam
345 3277 502 3332 mutuam
521 3263 655 3331 dederis
674 3264 806 3354 populo
826 3286 901 3331 meo
916 3264 1079 3354 praepeti,
1097 3265 1171 3354 [qai
1183 3264 1326 3351 habitat]
1343 3276 1471 3350 tecum,
1488 3287 1555 3331 non

227 3370 361 3461 urqebis
384 3393 462 3438 cum
481 3371 583 3462 quasi
601 3383 751 3458 exactor,
779 3393 840 3438 nec
865 3371 979 3437 testeris
1002 3372 1170 3460 opprimes
1197 3399 1227 3437 n.
1254 3371 1357 3438 Hebr.
1376 3358 1473 3438 :nori
1491 3371 1556 3437 eris

227 3478 259 3544 ei
285 3477 385 3567 quasi
409 3477 566 3562 creditor,
591 3500 660 3543 aon
685 3478 867 3569 imponetis
891 3477 925 3544 ei
952 3501 1101 3545 restrium.
1132 3481 1202 3544 [luo
1229 3478 1458 3568 prohibentur
1480 3499 1488 3546 :
1512 3500 1555 3545 ne

230 3611 245 3645 α
270 3585 465 3675 importune
484 3588 518 3650 ct
540 3606 655 3652 severe
679 3590 826 3671 urgeant
851 3584 961 3651 mutui
985 3583 1215 3651 redditionem
1235 3613 1250 3646 u
1270 3584 1439 3674 (Bursa),
1459 3591 1493 3651 et
1512 3607 1555 3650 ne

227 3712 365 3758 usuram
377 3691 528 3777 exigant.
549 3691 682 3757 Etenim
700 3696 777 3758 Lev.
798 3697 899 3771 2535
918 3713 992 3780 sqq.
1010 3690 1228 3757 interdicitur
1244 3713 1348 3758 usura
1367 3713 1387 3756 a
1403 3713 1554 3780 paupere

226 3796 394 3882 Hebraeo,
414 3802 448 3864 et
469 3801 565 3865 Dent.
592 3804 696 3881 23,19
723 3821 773 3887 sq.
807 3801 863 3885 (20
888 3797 955 3888 sq.)
977 3797 1137 3886 aquovis
1157 3797 1311 3865 llebraeo
1336 3796 1552 3887 accipienda,

226 3903 439 3992 permittitur
454 3908 568 3971 autem
589 3903 633 3970 ab
652 3903 772 3971 alienis
793 3903 942 3993 petenda
965 3927 971 3971 :
988 3903 1047 3970 sed
1060 3909 1144 3969 nota
1158 3925 1280 3970 usurae
1294 3905 1434 3970 nomine
1450 3902 1554 3970 etiam

224 4010 341 4076 venire
355 4011 492 4092 foenuS,
515 4009 609 4097 quod
625 4011 767 4077 omnino
782 4015 832 4078 est
846 4010 987 4077 iustum.

267 4138 299 4183 v.
317 4123 360 4181 26
382 4142 399 4178 «
421 4115 461 4180 Si
474 4117 605 4206 piparas
623 4140 646 4182 o
655 4116 820 4206 proximo
839 4129 897 4182 tuo
914 4117 1085 4206 acceperis
1105 4115 1345 4183 vestimentum
1364 4145 1379 4178 »
1399 4115 1555 4206 superius

222 4225 255 4286 et
272 4222 432 4308 exterius,
450 4223 544 4311 quod
563 4223 653 4290 inter
667 4223 819 4290 laborem
832 4222 1081 4311 deponebatur,
1106 4221 1165 4290 sed
1180 4244 1248 4312 quo
1264 4227 1366 4289 noctu
1377 4221 1553 4290 dormien-

223 4332 270 4393 tes
298 4327 580 4412 obvolvebantur,
608 4357 624 4390 «
650 4342 731 4395 onte
757 4328 840 4395 solis
860 4351 1017 4396 occasum
1040 4327 1160 4396 reddes
1187 4327 1219 4394 ei
1242 4357 1257 4390 n
1288 4329 1550 4417 (Deut.2'a,13).

222 4431 395 4520 Agiturde
406 4457 557 4526 paupere
573 4437 713 4503 unicum
727 4436 875 4502 habente
887 4434 1033 4526 pallium
1048 4435 1183 4525 (lost).
1196 4459 1228 4500 v.
1248 4441 1289 4500 27
1304 4465 1318 4494 «
1335 4437 1451 4525 ipsam
1462 4435 1552 4500 enim

222 4552 270 4604 est
291 4539 417 4626 solunt,
436 4563 503 4629 quo
531 4543 693 4630 operitur,
717 4541 957 4608 indrrrrrentzrm
977 4542 1090 4608 carnis
1112 4542 1201 4626 eius,
1226 4564 1285 4607 nec
1310 4541 1408 4608 babet
1433 4540 1549 4623 ulirrrl,

223 4645 258 4712 in
272 4669 338 4736 quo
354 4645 503 4714 dorrrciat
518 4676 548 4715 u.
566 4651 668 4716 Hebr.
685 4671 697 4713 .·
713 4648 798 4738 quia
813 4648 925 4737 ipsum
947 4660 994 4715 est
1014 4649 1262 4739 operimentum
1277 4648 1368 4730 eius,
1386 4648 1459 4738 ipsa
1479 4647 1552 4714 sola

223 4752 321 4820 restis
333 4753 421 4844 pelli
436 4754 509 4821 etus
527 4777 539 4819 .·
562 4755 598 4820 in
614 4778 764 4845 quorsum
786 4755 956 4821 ilornriet?
973 4761 1084 4839 ἱμάτιεν
1106 4757 1345 4843 αἱσχημεσύνης,
1373 4776 1441 4843 quo
1459 4753 1551 4820 indi-
