3534 5384
780 400 829 444 rx.
852 385 934 454 itm.
1464 392 1518 450 aur

193 538 277 588 Num.
292 537 336 597 3,3
356 537 463 587 mentio
481 536 600 587 babetur
616 553 628 583 r
644 538 836 597 sacerdotum,
851 539 901 601 qul
920 540 996 588 uncti
1017 543 1083 589 sunt
1097 554 1122 601 r,
1135 542 1162 589 et
1177 539 1244 591 Lev.
1264 540 1324 601 tui
1338 540 1437 593 iisdem
1456 545 1521 593 (lici⁴

191 629 254 677 tur:
271 642 283 673 ι
300 627 393 677 oleum
407 626 511 690 quippe
528 628 642 677 sanetae
661 627 800 677 unctionis
815 629 858 675 est
876 638 1065 690 supervos».
1084 625 1140 679 Sed
1155 628 1291 692 imprimis
1305 632 1520 694 perpendendas

191 719 283 767 textus
304 715 356 765 Ex.
372 714 451 774 luti
471 713 545 782 (tiit
565 731 576 762 r
596 714 630 764 Et
647 727 738 778 unges
759 727 823 776 eos,
838 717 911 765 sicut
929 716 1035 765 unxisti
1058 717 1167 779 patrem
1188 728 1331 779 aarum...
1347 733 1403 783 quo
1426 724 1520 771 unctio

190 817 287 856 eorum
300 802 349 853 fiat
363 805 432 867 ipsis
446 804 475 854 in
493 803 679 854 sacerdotium
694 805 860 867 perpetuum
876 819 900 854 ι.
918 803 973 853 Ubi
987 809 1069 855 notes
1088 810 1250 857 contextum
1269 820 1274 855 :
1289 821 1316 856 v.
1332 808 1391 859 t-tl
1409 809 1520 859 iubetur

189 893 400 944 tabernaculum
413 892 484 957 erigi
498 899 526 943 et
544 895 697 943 cumomni
716 904 767 943 sua
781 893 948 955 supellectili
967 894 1036 956 ungi
1062 894 1141 954 ole0;
1155 908 1182 943 v.
1201 895 1231 944 lt
1246 908 1288 959 sq.
1310 896 1440 947 iubentur
1463 900 1517 948 tam

190 982 284 1033 Aaron
296 994 380 1047 quam
395 980 446 1031 filii
460 982 586 1032 investiri
600 983 628 1033 et
639 982 720 1043 ungi3
735 994 763 1030 v.
783 980 861 1031 tt·36
876 984 1008 1032 narratur
1024 986 1151 1032 erectum
1166 996 1228 1033 cum
1243 985 1410 1047 supellectili
1425 987 1518 1037 taber-

189 1070 319 1123 naculum
325 1084 332 1131 ;
347 1070 414 1121 dein
427 1072 559 1121 continua
573 1071 733 1120 narratione
748 1070 817 1121 Lev.
835 1070 880 1120 l-7
896 1070 1036 1133 quaedam
1051 1071 1085 1121 de
1101 1070 1248 1123 sacrificiis
1263 1074 1341 1136 leges
1357 1074 1515 1133 traduntur;

188 1160 303 1210 tandem
313 1159 381 1210 Lev.
398 1160 424 1219 8,
440 1160 515 1224 quod
529 1171 617 1222 supra
630 1158 761 1217 diximus,
775 1161 905 1209 narratur
917 1159 1040 1221 primum
1053 1162 1175 1211 aaronis
1189 1162 1356 1213 investitura
1368 1168 1396 1213 et
1410 1167 1514 1222 unctio,

190 1247 256 1298 dein
270 1247 390 1298 filiorum
404 1249 488 1298 tacita
499 1250 631 1298 unctione
642 1249 817 1307 investitura,
832 1248 944 1298 tandem
954 1248 1125 1298 sacriticium
1137 1262 1189 1311 pro
1200 1250 1311 1301 Aarouo
1324 1253 1351 1301 ct
1360 1250 1425 1302 stilis
1438 1253 1518 1303 obla-

191 1344 259 1396 tum,
276 1337 324 1386 ubi
338 1340 367 1386 et
380 1337 474 1386 Aaron
484 1341 512 1387 et
526 1335 578 1385 tilii
591 1337 727 1399 sanguine
740 1340 768 1386 et
782 1338 921 1387 unctionis
931 1336 995 1387 oleo
1016 1340 1213 1401 asperguntur.
1231 1338 1266 1389 Et
1280 1346 1360 1399 nota,
1375 1340 1442 1391 Lev.
1456 1341 1517 1401 235

189 1424 224 1475 de
238 1424 362 1489 partibus
378 1426 522 1486 victimae,
539 1438 611 1489 quae
627 1426 732 1474 Aaroni
747 1428 776 1475 et
790 1422 856 1474 tiliis
870 1424 985 1484 cedant,
1000 1424 1054 1475 dici
1072 1439 1078 1474 :
1096 1441 1107 1472 r
1125 1425 1202 1476 Haec
1216 1429 1259 1477 est
1273 1430 1367 1479 unctio
1383 1429 1475 1481 Aaron
1492 1437 1518 1478 ct

189 1503 283 1564 unctio
297 1513 418 1563 filiorum
433 1514 494 1563 eius
507 1528 536 1573 r,
547 1513 595 1563 ubi
608 1514 768 1564 unctionem
788 1514 861 1563 idem
883 1526 984 1564 sonare
1005 1514 1090 1578 atque
1105 1516 1269 1566 memoriale
1283 1517 1437 1578 unctionis,
1454 1532 1518 1567 corr-

189 1604 283 1653 textus
295 1601 427 1651 declarat.
444 1600 623 1665 Eaedemque
636 1603 731 1665 partes
746 1616 772 1651 v.
788 1599 820 1651 35
836 1600 966 1653 dicuntur
981 1614 1044 1653 osse
1059 1614 1103 1664 ea,
1120 1618 1131 1650 r
1147 1616 1220 1668 quae
1234 1606 1370 1669 praecipit
1383 1607 1518 1657 Dominus¹

189 1692 254 1741 dare
269 1690 310 1740 eis
321 1692 350 1739 in
365 1689 422 1749 die,
438 1702 492 1753 quo
510 1690 590 1740 unxit
607 1702 657 1741 eos
673 1705 698 1741 r.
711 1690 918 1741 concludamus
936 1690 1099 1742 testimonio
1114 1692 1167 1741 lor.
1192 1693 1256 1743 Aut.
1274 1693 1325 1743 lll.
1342 1694 1408 1745 8.6:
1428 1710 1440 1743 r
1456 1696 1517 1745 hos-

188 1781 289 1830 tiarum
307 1780 445 1843 sanguine
473 1781 501 1829 ct
518 1779 685 1829 vestimenta
703 1780 822 1829 aaronis
841 1783 869 1829 et
888 1780 981 1842 ipsum
1000 1792 1063 1829 cum
1086 1778 1153 1829 fillis
1173 1782 1343 1844 conspersit,
1357 1796 1431 1845 aqua
1450 1787 1515 1833 vira

187 1871 216 1918 ct
238 1869 301 1919 oleo
324 1868 487 1931 purificans,
509 1879 564 1931 quo
588 1867 641 1917 Dei
665 1864 763 1918 fierent
787 1867 947 1917 sacerdotes
964 1882 990 1916 r.
1006 1868 1076 1917 Rem
1101 1868 1275 1933 aliquantum
1299 1870 1429 1922 obscurat
1450 1872 1515 1929 los„

186 1956 278 2007 oleum
297 1958 431 2020 copulans
449 1970 539 2019 aquae
561 1959 589 2005 et
607 1968 743 2020 separans
764 1969 781 2005 a
799 1956 948 2019 sauguine.
962 1954 1092 2007 Ceterum
1112 1957 1166 2007 hec
1187 1960 1214 2009 et
1235 1958 1338 2009 similia
1359 1960 1517 2010 testimonia

187 2058 245 2097 rent
263 2057 320 2095 non
339 2045 472 2094 dirimunt
488 2058 494 2093 :
511 2044 703 2095 demonstrant
722 2045 822 2108 prexia
842 2049 870 2094 et
889 2044 1053 2107 opinionem
1071 2048 1261 2109 posteriorum
1280 2049 1446 2111 temporum.
1464 2050 1516 2099 Nc-

187 2146 326 2198 quaquam
343 2146 411 2184 vero
425 2133 577 2183 damnandi
596 2137 660 2183 sunt
675 2131 795 2183 Hebraei
809 2133 1015 2196 posterioribus
1028 2135 1203 2198 temporibus
1217 2136 1428 2187 introducentes
1442 2136 1514 2188 torte

187 2224 346 2274 unctionem
366 2222 534 2286 simplicium
552 2220 744 2281 sacerdotum,
758 2233 831 2285 quae
850 2233 932 2273 sacro
955 2226 1033 2273 textu
1051 2223 1208 2273 certissime
1228 2237 1286 2275 non
1304 2226 1513 2289 prohibebatur.

188 2313 290 2361 Annon
303 2312 454 2361 christiana
472 2311 590 2361 ecclesia
603 2310 699 2375 plures
713 2310 832 2359 sancivit
851 2310 999 2361 unctiones
1011 2315 1124 2375 praeter
1139 2324 1201 2373 eas,
1219 2326 1289 2377 quas
1309 2314 1370 2378 ipse
1387 2313 1516 2365 Christus

188 2400 324 2451 instituit?

223 2487 484 2554 Componendorum
499 2492 641 2548 textuum,
656 2488 705 2551 qui
722 2488 844 2551 speciem
863 2487 1014 2552 quamdam
1037 2500 1106 2551 prae
1124 2502 1154 2539 se
1169 2488 1262 2540 ierunt
1275 2490 1513 2543 contradictionis.

187 2578 288 2641 triplex
308 2591 340 2629 se
363 2577 445 2629 cifert
467 2579 522 2627 vis.
540 2578 633 2627 Prima
656 2582 766 2637 censet,
780 2577 941 2628 sacerdotes
962 2578 1112 2641 simplices
1133 2578 1230 2629 eadem
1251 2584 1336 2641 atque
1357 2580 1515 2643 pontificem

186 2668 317 2718 unctione
331 2668 488 2719 consecrari
502 2667 695 2725 consuevisse,
709 2665 869 2729 sodalique
882 2666 911 2715 in
930 2664 1100 2729 quibusdam
1116 2667 1238 2717 textibus
1255 2668 1339 2718 talem
1354 2670 1513 2719 unctionem

186 2754 353 2807 affirmantia
371 2756 517 2806 excidisse.
535 2754 665 2805 Secunda
677 2754 768 2814 tenet,
785 2754 877 2804 solum
896 2755 1023 2817 primitus
1037 2753 1203 2818 pontificem
1218 2756 1350 2805 unctione
1369 2769 1432 2807 esse
1446 2772 1514 2807 con-

185 2846 336 2905 secratum,
355 2845 404 2894 sed
426 2846 521 2908 aliqua
540 2843 705 2907 quibusdam
725 2843 847 2893 textibus
866 2841 1060 2893 additamenta
1082 2844 1251 2905 accrevisse,
1268 2857 1323 2907 quo
1342 2846 1514 2909 simplicibus

185 2934 269 2983 etlam
282 2933 473 2983 sacerdotibus
483 2934 644 2983 unctionem
654 2933 827 2982 concessisse
845 2930 955 2993 Moyses
970 2930 1123 2982 videretur.
1139 2932 1234 2981 Tertia
1246 2934 1339 2984 textus
1350 2946 1449 2984 omnes
1463 2949 1513 2996 pre

185 3022 303 3083 integris
325 3023 354 3071 et
375 3022 543 3084 incorruptis
565 3020 659 3071 babet.
678 3019 724 3071 Sc.
741 3025 798 3071 tam
820 3017 947 3082 pontiiex
968 3032 1053 3082 quam
1076 3020 1237 3071 sacerdotes
1260 3022 1447 3084 ungebantur,
1464 3025 1513 3071 sul

184 3122 242 3160 non
255 3110 386 3159 unctione
398 3110 505 3160 eadem.
521 3109 605 3161 Solus
614 3108 740 3173 pontiiex
753 3108 916 3172 ungebatur
926 3109 956 3157 in
967 3109 1061 3173 eapite
1078 3104 1100 3173 ir
1113 3113 1269 3174 unguento,
1283 3110 1356 3173 quod
1372 3110 1512 3162 descendit

184 3200 214 3249 in
232 3198 361 3259 barbani,
376 3197 491 3249 barbam
511 3200 605 3249 Aaron
621 3197 661 3262 r),
678 3203 794 3261 eratque
812 3192 872 3246 κατ’
889 3190 979 3263 lippis
997 3213 1009 3244 ι
1024 3196 1157 3247 sacerdos
1176 3202 1277 3248 unctus
1289 3214 1313 3247 r.
1330 3198 1441 3263 Reliqui
1460 3214 1513 3249 un-

183 3286 321 3351 gebantur
339 3288 500 3350 aspersione
516 3287 571 3337 olei
589 3288 729 3338 unctionis
751 3285 803 3336 Ex.
820 3286 917 3346 ‘tatu
935 3285 1005 3336 Lev.
1025 3285 1098 3346 8‚30.
1113 3285 1214 3347 Dices,
1231 3287 1391 3338 sacerdotes
1413 3298 1513 3339 unctos

184 3389 247 3426 esso
260 3377 328 3426 sicut
342 3374 503 3439 pontificem
520 3372 579 3437 (lix.
597 3374 686 3443 ⁴⁰›13i
702 3388 709 3423 :
723 3375 772 3425 sed
791 3372 863 3425 illud
883 3374 952 3423 sicat
971 3374 1039 3424 satis
1055 3374 1211 3438 explicatur
1228 3375 1262 3425 de
1278 3376 1448 3440 aequalitate
1463 3392 1511 3441 gc·

184 3466 290 3525 narica,
308 3478 364 3516 non
380 3476 446 3515 vero
460 3463 618 3528 particulari
634 3464 726 3529 quoad
740 3462 864 3515 infimam
886 3462 1028 3514 unctionis
1048 3465 1182 3527 speciem.
1197 3464 1280 3515 Dices
1296 3478 1393 3529 porro,
1408 3470 1512 3517 unctiu-

184 3566 249 3604 nem
271 3566 321 3617 per
344 3555 536 3617 aspersionem
560 3555 608 3603 vix
630 3551 720 3603 videri
742 3555 810 3602 satis
835 3550 962 3617 dignam.
986 3550 1170 3615 Respondeo,
1192 3553 1221 3601 in
1244 3553 1340 3615 rebus,
1362 3567 1434 3619 quae
1458 3558 1513 3604 sint

184 3643 366 3693 institutionis
387 3644 523 3705 positivae
550 3640 676 3703 divinae,
697 3641 763 3705 quid
784 3641 900 3703 dignum
927 3642 963 3690 sit
987 3646 1035 3691 aut
1056 3639 1217 3703 indignum,
1240 3640 1348 3693 definiri
1370 3643 1512 3694 voluntate

185 3732 353 3793 legislatoris
371 3732 432 3781 Dei.
451 3730 480 3782 Si
500 3730 607 3781 ablutio
620 3743 671 3793 per
685 3731 875 3793 aspersionem
892 3728 1014 3780 sufficiat
1036 3718 1141 3780 Christi
1159 3729 1312 3793 baptismo,
1328 3743 1385 3780 non
1404 3738 1447 3782 est
1466 3747 1512 3781 cur

186 3831 332 3883 negemus,
348 3822 509 3871 unctionem
522 3832 572 3883 per
589 3820 782 3882 aspersionem
795 3817 939 3868 suffecisse
954 3818 1114 3868 sacerdotio
1128 3819 1262 3869 mosaico.

221 3908 316 3969 Dices,
333 3906 383 3958 Ex.
396 3908 473 3969 28„ss
489 3908 578 3959 iuberi
598 3909 718 3957 Aaronis
737 3912 766 3959 et
786 3906 908 3957 liliorum
926 3908 994 3969 unpt
1009 3914 1033 3955 et
1047 3905 1158 3971 impleri
1175 3920 1281 3967 manus,
1299 3920 1366 3969 ergo
1381 3910 1511 3959 sacerdo-

184 4000 243 4047 tum
256 3998 422 4061 simplicium
436 4000 534 4047 unctas
552 4009 616 4047 esse
629 4010 734 4045 manus.
753 3995 808 4045 Sed
823 3998 902 4047 textu
921 4008 978 4051 non
998 3996 1133 4058 probatur
1147 3995 1281 4059 specialis
1295 3997 1434 4047 unctionis
1449 4010 1511 4045 ma-

184 4099 270 4135 nuum
284 4088 353 4136 ritus
370 4099 375 4133 :
391 4088 526 4150 primum,
541 4086 608 4149 quia
625 4097 706 4136 secus
726 4084 875 4134 dicendum
897 4084 949 4133 erit
967 4082 1111 4147 pontificis
1129 4085 1196 4142 item
1210 4097 1312 4135 manus
1326 4097 1388 4134 esse
1399 4089 1509 4139 unctes.

185 4175 259 4239 quod
277 4175 370 4225 nuilus
388 4172 508 4224 aiirrmat
526 4174 628 4224 textus.
645 4172 716 4223 Dein
736 4172 858 4237 impletio
880 4185 1025 4233 manuum,
1042 4174 1083 4221 uti
1106 4171 1141 4222 ad
1163 4171 1242 4238 aaut
1265 4172 1439 4234 dicebamus,
1456 4187 1512 4223 non

183 4269 242 4314 tam
265 4262 405 4326 signtucet
424 4263 569 4327 physicam
592 4274 725 4311 manuum
748 4262 953 4324 impletionem,
969 4272 1053 4324 quam
1076 4263 1170 4324 potius
1191 4260 1369 4312 collationem
1387 4264 1513 4326 poteste-

184 4352 222 4402 tis
235 4365 242 4413 ;
256 4364 323 4415 ergo
337 4352 531 4415 sequestratio
546 4364 674 4399 manuum
693 4350 730 4399 ib.
745 4350 906 4400 necessario
921 4348 1103 4413 intelligenda
1126 4352 1169 4400 est
1183 4349 1218 4399 de
1232 4352 1356 4414 ipsarum
1379 4363 1513 4401 manuum

185 4443 314 4491 unctione
328 4441 436 4504 aliqua,
452 4440 502 4489 sed
516 4440 588 4489 sicut
604 4439 743 4503 impletio,
760 4439 800 4489 ita
814 4440 912 4488 unctio
931 4439 1061 4489 menibus
1084 4438 1168 4488 tribui
1183 4440 1287 4502 potuit,
1304 4440 1371 4502 quia
1385 4442 1513 4489 manibus

185 4531 359 4593 potissimum
378 4530 543 4579 exercentur
560 4529 698 4587 actiones,
720 4540 837 4590 quarum
856 4525 1056 4577 iurisdictionis
1077 4527 1226 4577 collatione
1246 4532 1273 4577 et
1295 4528 1436 4577 unctionis
1461 4532 1513 4577 ritu

186 4620 351 4682 potestatem
366 4618 465 4679 accipit
483 4616 623 4668 sacerdos.
641 4614 765 4667 Tandem
783 4616 837 4666 dici
856 4617 967 4679 potest,
984 4614 1069 4665 tribui
1086 4614 1123 4665 ib.
1141 4614 1270 4666 manibus
1289 4618 1449 4667 unctionem
1465 4631 1513 4678 prr

186 4706 364 4770 synallagen,
379 4704 454 4770 quod
472 4705 572 4755 iisdem
589 4705 627 4755 ibi
645 4706 686 4755 uti
704 4704 774 4755 alias
795 4704 932 4753 tribuatur
949 4703 1087 4767 impletio.
1105 4702 1180 4767 Ergo
1202 4716 1260 4754 non
1280 4704 1416 4769 probatur
1439 4706 1507 4753 ritus

186 4808 319 4847 manuum
334 4794 537 4858 augendarum.
