<?xml version="1.0" encoding="UTF-8"?>
<!DOCTYPE html PUBLIC "-//W3C//DTD XHTML 1.0 Transitional//EN"
    "http://www.w3.org/TR/xhtml1/DTD/xhtml1-transitional.dtd">
<html xmlns="http://www.w3.org/1999/xhtml" xml:lang="en" lang="en">
 <head>
  <title>
</title>
<meta http-equiv="Content-Type" content="text/html;charset=utf-8" />
  <meta name='ocr-system' content='tesseract 3.04.00' />
  <meta name='ocr-capabilities' content='ocr_page ocr_carea ocr_par ocr_line ocrx_word'/>
</head>
<body>
  <div class='ocr_page' id='page_1' title='image "./commentariusine00hummgoog/commentariusine00hummgoog_0527.png"; bbox 0 0 3534 5384; ppageno 0'>
   <div class='ocr_carea' id='block_1_1' title="bbox 734 355 1523 427">
    <p class='ocr_par' dir='ltr' id='par_1_1' title="bbox 734 355 1523 427">
     <span class='ocr_line' id='line_1_1' title="bbox 734 355 1523 427; baseline 0.001 -12"><span class='ocrx_word' id='word_1_1' title='bbox 734 372 799 415; x_wconf 75' lang='lat' dir='ltr'><strong>tur.</strong></span> <span class='ocrx_word' id='word_1_2' title='bbox 824 355 896 427; x_wconf 64' lang='lat'>2⁶2,8</span> <span class='ocrx_word' id='word_1_3' title='bbox 918 369 979 422; x_wconf 85' lang='lat' dir='ltr'><strong>suu.</strong></span> <span class='ocrx_word' id='word_1_4' title='bbox 1464 355 1523 416; x_wconf 80' lang='lat'><strong>509</strong></span> 
     </span>
    </p>
   </div>
   <div class='ocr_carea' id='block_1_2' title="bbox 189 503 1525 1552">
    <p class='ocr_par' dir='ltr' id='par_1_2' title="bbox 189 503 1525 1552">
     <span class='ocr_line' id='line_1_2' title="bbox 190 503 1522 597; baseline -0.002 -24"><span class='ocrx_word' id='word_1_5' title='bbox 190 507 248 592; x_wconf 83' lang='lat' dir='ltr'><strong>tis,</strong></span> <span class='ocrx_word' id='word_1_6' title='bbox 265 506 349 597; x_wconf 83' lang='lat' dir='ltr'><strong>quia</strong></span> <span class='ocrx_word' id='word_1_7' title='bbox 364 505 458 572; x_wconf 84' lang='lat' dir='ltr'><strong>cibus</strong></span> <span class='ocrx_word' id='word_1_8' title='bbox 471 503 565 571; x_wconf 81' lang='lat' dir='ltr'><strong>illius</strong></span> <span class='ocrx_word' id='word_1_9' title='bbox 578 517 625 570; x_wconf 84' lang='lat' dir='ltr'><strong>est</strong></span> <span class='ocrx_word' id='word_1_10' title='bbox 642 533 672 570; x_wconf 86' lang='lat'><strong>».</strong></span> <span class='ocrx_word' id='word_1_11' title='bbox 690 527 723 571; x_wconf 86' lang='lat' dir='ltr'><strong>v.</strong></span> <span class='ocrx_word' id='word_1_12' title='bbox 747 511 768 571; x_wconf 88' lang='lat'>8</span> <span class='ocrx_word' id='word_1_13' title='bbox 787 533 802 566; x_wconf 69' lang='grc' dir='ltr'><strong>ι(</strong></span> <span class='ocrx_word' id='word_1_14' title='bbox 820 504 1041 571; x_wconf 79' lang='lat' dir='ltr'><strong>Morticinunt</strong></span> <span class='ocrx_word' id='word_1_15' title='bbox 1055 516 1087 570; x_wconf 87' lang='lat' dir='ltr'><strong>et</strong></span> <span class='ocrx_word' id='word_1_16' title='bbox 1103 517 1238 594; x_wconf 79' lang='lat' dir='ltr'><strong>eaptrnn</strong></span> <span class='ocrx_word' id='word_1_17' title='bbox 1258 512 1291 587; x_wconf 86' lang='lat' dir='ltr'><strong>[a</strong></span> <span class='ocrx_word' id='word_1_18' title='bbox 1311 504 1427 594; x_wconf 82' lang='lat' dir='ltr'><strong>bestia]</strong></span> <span class='ocrx_word' id='word_1_19' title='bbox 1452 527 1522 570; x_wconf 91' lang='lat' dir='ltr'><strong>non</strong></span> 
     </span>
     <span class='ocr_line' id='line_1_3' title="bbox 189 609 1519 701; baseline -0.002 -21"><span class='ocrx_word' id='word_1_20' title='bbox 189 611 381 694; x_wconf 82' lang='lat' dir='ltr'><strong>comedent,</strong></span> <span class='ocrx_word' id='word_1_21' title='bbox 400 609 672 700; x_wconf 81' lang='lat' dir='ltr'><strong>neapolluentur</strong></span> <span class='ocrx_word' id='word_1_22' title='bbox 685 611 722 678; x_wconf 83' lang='lat' dir='ltr'><strong>in</strong></span> <span class='ocrx_word' id='word_1_23' title='bbox 732 610 782 676; x_wconf 83' lang='lat' dir='ltr'><strong>eis</strong></span> <span class='ocrx_word' id='word_1_24' title='bbox 796 639 827 678; x_wconf 84' lang='grc'><strong>».</strong></span> <span class='ocrx_word' id='word_1_25' title='bbox 841 611 888 678; x_wconf 81' lang='lat' dir='ltr'><strong>ef.</strong></span> <span class='ocrx_word' id='word_1_26' title='bbox 904 615 958 677; x_wconf 71' lang='grc' dir='ltr'><strong>ΕΖ.</strong></span> <span class='ocrx_word' id='word_1_27' title='bbox 977 617 1074 691; x_wconf 68' lang='lat' dir='ltr'><strong>tun</strong></span> <span class='ocrx_word' id='word_1_28' title='bbox 1092 610 1247 700; x_wconf 79' lang='lat' dir='ltr'>itemque</span> <span class='ocrx_word' id='word_1_29' title='bbox 1260 616 1336 678; x_wconf 86' lang='lat' dir='ltr'><strong>Lev.</strong></span> <span class='ocrx_word' id='word_1_30' title='bbox 1357 619 1454 694; x_wconf 83' lang='lat'>17‚15</span> <span class='ocrx_word' id='word_1_31' title='bbox 1468 633 1519 701; x_wconf 90' lang='lat' dir='ltr'><strong>sq.</strong></span> 
     </span>
     <span class='ocr_line' id='line_1_4' title="bbox 193 716 1520 808; baseline 0.004 -27"><span class='ocrx_word' id='word_1_32' title='bbox 193 748 209 781; x_wconf 90' lang='lat'>«</span> <span class='ocrx_word' id='word_1_33' title='bbox 226 722 300 808; x_wconf 76' lang='lat' dir='ltr'><strong>Epo</strong></span> <span class='ocrx_word' id='word_1_34' title='bbox 313 740 389 785; x_wconf 83' lang='lat' dir='ltr'><strong>sum</strong></span> <span class='ocrx_word' id='word_1_35' title='bbox 400 718 567 784; x_wconf 82' lang='lat' dir='ltr'><strong>Dominus</strong></span> <span class='ocrx_word' id='word_1_36' title='bbox 581 746 612 782; x_wconf 86' lang='lat'><strong>».</strong></span> <span class='ocrx_word' id='word_1_37' title='bbox 629 716 790 806; x_wconf 85' lang='lat' dir='ltr'><strong>Sequitur</strong></span> <span class='ocrx_word' id='word_1_38' title='bbox 802 717 975 804; x_wconf 85' lang='lat' dir='ltr'><strong>generalis</strong></span> <span class='ocrx_word' id='word_1_39' title='bbox 986 716 1198 784; x_wconf 78' lang='lat' dir='ltr'>sacerdotum</span> <span class='ocrx_word' id='word_1_40' title='bbox 1210 717 1406 785; x_wconf 81' lang='lat' dir='ltr'>adhortatio</span> <span class='ocrx_word' id='word_1_41' title='bbox 1424 740 1455 783; x_wconf 91' lang='lat' dir='ltr'><strong>v.</strong></span> <span class='ocrx_word' id='word_1_42' title='bbox 1474 724 1493 784; x_wconf 88' lang='grc'>9</span> <span class='ocrx_word' id='word_1_43' title='bbox 1512 740 1520 786; x_wconf 91' lang='lat'>:</span> 
     </span>
     <span class='ocr_line' id='line_1_5' title="bbox 194 823 1523 913; baseline 0.002 -25"><span class='ocrx_word' id='word_1_44' title='bbox 194 853 210 888; x_wconf 83' lang='lat'><strong>‹&lt;</strong></span> <span class='ocrx_word' id='word_1_45' title='bbox 232 823 633 913; x_wconf 73' lang='lat' dir='ltr'><strong>custodiantpraecepta</strong></span> <span class='ocrx_word' id='word_1_46' title='bbox 652 846 728 892; x_wconf 88' lang='lat' dir='ltr'><strong>mea</strong></span> <span class='ocrx_word' id='word_1_47' title='bbox 749 851 766 886; x_wconf 91' lang='lat'>»</span> <span class='ocrx_word' id='word_1_48' title='bbox 785 824 841 913; x_wconf 75' lang='lat' dir='ltr'><strong>(oi.</strong></span> <span class='ocrx_word' id='word_1_49' title='bbox 865 829 982 907; x_wconf 83' lang='lat' dir='ltr'><strong>1s,30;</strong></span> <span class='ocrx_word' id='word_1_50' title='bbox 1001 827 1081 892; x_wconf 88' lang='lat' dir='ltr'><strong>Gen.</strong></span> <span class='ocrx_word' id='word_1_51' title='bbox 1100 823 1207 913; x_wconf 57' lang='lat' dir='ltr'><strong>ton),</strong></span> <span class='ocrx_word' id='word_1_52' title='bbox 1231 853 1245 884; x_wconf 93' lang='lat'>«</span> <span class='ocrx_word' id='word_1_53' title='bbox 1263 836 1301 890; x_wconf 88' lang='lat' dir='ltr'><strong>nt</strong></span> <span class='ocrx_word' id='word_1_54' title='bbox 1319 845 1389 890; x_wconf 90' lang='lat' dir='ltr'><strong>non</strong></span> <span class='ocrx_word' id='word_1_55' title='bbox 1408 825 1523 891; x_wconf 83' lang='lat' dir='ltr'><strong>subia-</strong></span> 
     </span>
     <span class='ocr_line' id='line_1_6' title="bbox 191 929 1520 1022; baseline -0.002 -23"><span class='ocrx_word' id='word_1_56' title='bbox 191 945 291 1000; x_wconf 82' lang='lat' dir='ltr'><em>ceant</em></span> <span class='ocrx_word' id='word_1_57' title='bbox 309 945 449 1022; x_wconf 83' lang='lat' dir='ltr'><strong>peccato</strong></span> <span class='ocrx_word' id='word_1_58' title='bbox 470 942 503 996; x_wconf 88' lang='lat' dir='ltr'><strong>et</strong></span> <span class='ocrx_word' id='word_1_59' title='bbox 526 931 720 998; x_wconf 84' lang='lat' dir='ltr'><strong>moriantur</strong></span> <span class='ocrx_word' id='word_1_60' title='bbox 743 930 793 1013; x_wconf 81' lang='lat' dir='ltr'><strong>[in</strong></span> <span class='ocrx_word' id='word_1_61' title='bbox 820 930 1043 1018; x_wconf 77' lang='lat' dir='ltr'><strong>sanctuario],</strong></span> <span class='ocrx_word' id='word_1_62' title='bbox 1067 952 1143 997; x_wconf 83' lang='lat' dir='ltr'><strong>cunr</strong></span> <span class='ocrx_word' id='word_1_63' title='bbox 1158 929 1352 1020; x_wconf 80' lang='lat' dir='ltr'><strong>polluerint</strong></span> <span class='ocrx_word' id='word_1_64' title='bbox 1374 929 1464 996; x_wconf 75' lang='lat' dir='ltr'><strong>und</strong></span> <span class='ocrx_word' id='word_1_65' title='bbox 1491 958 1520 997; x_wconf 76' lang='lat' dir='ltr'><strong>o.</strong></span> 
     </span>
     <span class='ocr_line' id='line_1_7' title="bbox 191 1037 1525 1126; baseline -0.001 -20"><span class='ocrx_word' id='word_1_66' title='bbox 191 1038 282 1106; x_wconf 89' lang='lat' dir='ltr'><strong>Nihil</strong></span> <span class='ocrx_word' id='word_1_67' title='bbox 300 1039 343 1105; x_wconf 92' lang='lat' dir='ltr'><strong>de</strong></span> <span class='ocrx_word' id='word_1_68' title='bbox 362 1037 560 1105; x_wconf 81' lang='lat' dir='ltr'><strong>sanctuario</strong></span> <span class='ocrx_word' id='word_1_69' title='bbox 579 1037 686 1104; x_wconf 89' lang='lat' dir='ltr'><strong>habet</strong></span> <span class='ocrx_word' id='word_1_70' title='bbox 709 1039 828 1123; x_wconf 67' lang='lat' dir='ltr'><strong>Heba,</strong></span> <span class='ocrx_word' id='word_1_71' title='bbox 854 1044 888 1103; x_wconf 88' lang='lat' dir='ltr'><strong>et</strong></span> <span class='ocrx_word' id='word_1_72' title='bbox 906 1040 1000 1104; x_wconf 85' lang='lat' dir='ltr'><strong>LXX</strong></span> <span class='ocrx_word' id='word_1_73' title='bbox 1016 1039 1083 1103; x_wconf 86' lang='lat' dir='ltr'><strong>tria</strong></span> <span class='ocrx_word' id='word_1_74' title='bbox 1104 1037 1312 1126; x_wconf 81' lang='lat' dir='ltr'>pronomina</span> <span class='ocrx_word' id='word_1_75' title='bbox 1335 1037 1525 1125; x_wconf 78' lang='lat' dir='ltr'>singularia</span> 
     </span>
     <span class='ocr_line' id='line_1_8' title="bbox 192 1142 1521 1235; baseline -0.002 -23"><span class='ocrx_word' id='word_1_76' title='bbox 192 1146 346 1213; x_wconf 77' lang='lat' dir='ltr'><strong>referunt</strong></span> <span class='ocrx_word' id='word_1_77' title='bbox 360 1143 405 1211; x_wconf 90' lang='lat' dir='ltr'><strong>ad</strong></span> <span class='ocrx_word' id='word_1_78' title='bbox 414 1155 612 1235; x_wconf 81' lang='lat' dir='ltr'><strong>praecepta.</strong></span> <span class='ocrx_word' id='word_1_79' title='bbox 629 1149 815 1234; x_wconf 84' lang='lat' dir='ltr'><strong>Praecepta</strong></span> <span class='ocrx_word' id='word_1_80' title='bbox 829 1150 962 1210; x_wconf 87' lang='lat' dir='ltr'><strong>servata</strong></span> <span class='ocrx_word' id='word_1_81' title='bbox 979 1144 1161 1210; x_wconf 83' lang='lat' dir='ltr'><strong>conferunt</strong></span> <span class='ocrx_word' id='word_1_82' title='bbox 1174 1142 1339 1211; x_wconf 89' lang='lat' dir='ltr'><strong>iustitiam</strong></span> <span class='ocrx_word' id='word_1_83' title='bbox 1355 1149 1388 1210; x_wconf 90' lang='lat' dir='ltr'><strong>et</strong></span> <span class='ocrx_word' id='word_1_84' title='bbox 1400 1147 1521 1226; x_wconf 86' lang='lat' dir='ltr'><strong>vitam,</strong></span> 
     </span>
     <span class='ocr_line' id='line_1_9' title="bbox 192 1249 1524 1342; baseline 0 -24"><span class='ocrx_word' id='word_1_85' title='bbox 192 1253 373 1342; x_wconf 79' lang='lat' dir='ltr'><strong>profanata</strong></span> <span class='ocrx_word' id='word_1_86' title='bbox 384 1258 562 1341; x_wconf 89' lang='lat' dir='ltr'><strong>peccatum</strong></span> <span class='ocrx_word' id='word_1_87' title='bbox 577 1256 612 1316; x_wconf 87' lang='lat' dir='ltr'><strong>et</strong></span> <span class='ocrx_word' id='word_1_88' title='bbox 626 1256 787 1317; x_wconf 90' lang='lat' dir='ltr'><strong>mortem.</strong></span> <span class='ocrx_word' id='word_1_89' title='bbox 806 1253 897 1327; x_wconf 81' lang='lat' dir='ltr'><strong>Quae</strong></span> <span class='ocrx_word' id='word_1_90' title='bbox 910 1272 1003 1317; x_wconf 92' lang='lat' dir='ltr'><strong>mors</strong></span> <span class='ocrx_word' id='word_1_91' title='bbox 1011 1249 1190 1336; x_wconf 81' lang='lat' dir='ltr'><strong>infligetur</strong></span> <span class='ocrx_word' id='word_1_92' title='bbox 1205 1254 1315 1332; x_wconf 87' lang='lat' dir='ltr'><strong>aDeo,</strong></span> <span class='ocrx_word' id='word_1_93' title='bbox 1329 1272 1397 1317; x_wconf 89' lang='lat' dir='ltr'><strong>non</strong></span> <span class='ocrx_word' id='word_1_94' title='bbox 1410 1271 1524 1318; x_wconf 88' lang='lat' dir='ltr'><strong>neees-</strong></span> 
     </span>
     <span class='ocr_line' id='line_1_10' title="bbox 192 1354 1525 1447; baseline 0.001 -24"><span class='ocrx_word' id='word_1_95' title='bbox 192 1359 281 1425; x_wconf 89' lang='lat' dir='ltr'><strong>sario</strong></span> <span class='ocrx_word' id='word_1_96' title='bbox 295 1357 605 1444; x_wconf 79' lang='lat' dir='ltr'><strong>transgressoribus</strong></span> <span class='ocrx_word' id='word_1_97' title='bbox 620 1356 791 1423; x_wconf 85' lang='lat' dir='ltr'><strong>omnibus.</strong></span> <span class='ocrx_word' id='word_1_98' title='bbox 814 1354 1037 1424; x_wconf 86' lang='lat' dir='ltr'><strong>Concluditur</strong></span> <span class='ocrx_word' id='word_1_99' title='bbox 1054 1356 1204 1422; x_wconf 80' lang='lat' dir='ltr'><strong>formula</strong></span> <span class='ocrx_word' id='word_1_100' title='bbox 1223 1355 1325 1424; x_wconf 87' lang='lat' dir='ltr'><strong>huius</strong></span> <span class='ocrx_word' id='word_1_101' title='bbox 1344 1357 1525 1447; x_wconf 76' lang='lat' dir='ltr'><strong>pericopae</strong></span> 
     </span>
     <span class='ocr_line' id='line_1_11' title="bbox 198 1461 1521 1552; baseline 0.002 -22"><span class='ocrx_word' id='word_1_102' title='bbox 198 1469 362 1531; x_wconf 89' lang='lat' dir='ltr'><strong>consueta</strong></span> <span class='ocrx_word' id='word_1_103' title='bbox 385 1466 519 1552; x_wconf 77' lang='lat'><strong>(21,15;</strong></span> <span class='ocrx_word' id='word_1_104' title='bbox 541 1468 656 1544; x_wconf 72' lang='lat'><strong>22‚16.</strong></span> <span class='ocrx_word' id='word_1_105' title='bbox 677 1465 733 1547; x_wconf 69' lang='lat'><strong>32]</strong></span> <span class='ocrx_word' id='word_1_106' title='bbox 758 1483 765 1529; x_wconf 93' lang='lat'><strong>:</strong></span> <span class='ocrx_word' id='word_1_107' title='bbox 786 1491 801 1523; x_wconf 74' lang='grc' dir='ltr'>α</span> <span class='ocrx_word' id='word_1_108' title='bbox 822 1464 898 1551; x_wconf 72' lang='lat' dir='ltr'><strong>Epo</strong></span> <span class='ocrx_word' id='word_1_109' title='bbox 918 1461 1099 1543; x_wconf 82' lang='lat' dir='ltr'><strong>Domineu,</strong></span> <span class='ocrx_word' id='word_1_110' title='bbox 1120 1461 1183 1552; x_wconf 81' lang='lat' dir='ltr'><strong>qni</strong></span> <span class='ocrx_word' id='word_1_111' title='bbox 1206 1463 1386 1552; x_wconf 78' lang='lat' dir='ltr'><strong>sanctifico</strong></span> <span class='ocrx_word' id='word_1_112' title='bbox 1411 1486 1466 1531; x_wconf 88' lang='lat' dir='ltr'><strong>eos</strong></span> <span class='ocrx_word' id='word_1_113' title='bbox 1493 1492 1521 1532; x_wconf 88' lang='lat'><strong>».</strong></span> 
     </span>
    </p>
   </div>
   <div class='ocr_carea' id='block_1_3' title="bbox 478 1710 1234 1773">
    <p class='ocr_par' dir='ltr' id='par_1_3' title="bbox 478 1710 1234 1773">
     <span class='ocr_line' id='line_1_12' title="bbox 478 1710 1234 1773; baseline 0.001 -15"><span class='ocrx_word' id='word_1_114' title='bbox 478 1711 645 1773; x_wconf 79' lang='lat' dir='ltr'><strong>Appeudiouta</strong></span> <span class='ocrx_word' id='word_1_115' title='bbox 657 1711 684 1758; x_wconf 79' lang='lat' dir='ltr'><strong>de</strong></span> <span class='ocrx_word' id='word_1_116' title='bbox 692 1710 840 1758; x_wconf 78' lang='lat' dir='ltr'><strong>sacerdotum</strong></span> <span class='ocrx_word' id='word_1_117' title='bbox 855 1711 1026 1758; x_wconf 76' lang='lat' dir='ltr'><strong>convictoribus</strong></span> <span class='ocrx_word' id='word_1_118' title='bbox 1038 1711 1096 1760; x_wconf 80' lang='lat' dir='ltr'><strong>Lea.</strong></span> <span class='ocrx_word' id='word_1_119' title='bbox 1112 1713 1234 1768; x_wconf 67' lang='lat' dir='ltr'><strong>nalo-16.</strong></span> 
     </span>
    </p>
   </div>
   <div class='ocr_carea' id='block_1_4' title="bbox 194 1891 1527 2402">
    <p class='ocr_par' dir='ltr' id='par_1_4' title="bbox 194 1891 1527 2402">
     <span class='ocr_line' id='line_1_13' title="bbox 229 1891 1525 1957; baseline 0.002 -16"><span class='ocrx_word' id='word_1_120' title='bbox 229 1899 259 1951; x_wconf 74' lang='lat' dir='ltr'><strong>&#39;n</strong></span> <span class='ocrx_word' id='word_1_121' title='bbox 276 1893 382 1942; x_wconf 79' lang='lat' dir='ltr'><strong>alienus</strong></span> <span class='ocrx_word' id='word_1_122' title='bbox 397 1894 475 1943; x_wconf 85' lang='lat' dir='ltr'><strong>varie</strong></span> <span class='ocrx_word' id='word_1_123' title='bbox 495 1904 547 1956; x_wconf 88' lang='lat' dir='ltr'><strong>pro</strong></span> <span class='ocrx_word' id='word_1_124' title='bbox 567 1893 699 1942; x_wconf 88' lang='lat' dir='ltr'><strong>contextu</strong></span> <span class='ocrx_word' id='word_1_125' title='bbox 718 1893 883 1957; x_wconf 74' lang='lat' dir='ltr'><strong>applicatur.</strong></span> <span class='ocrx_word' id='word_1_126' title='bbox 899 1891 1035 1956; x_wconf 80' lang='lat' dir='ltr'><strong>Designat</strong></span> <span class='ocrx_word' id='word_1_127' title='bbox 1057 1893 1199 1943; x_wconf 77' lang='lat' dir='ltr'><strong>hominem</strong></span> <span class='ocrx_word' id='word_1_128' title='bbox 1220 1905 1277 1942; x_wconf 89' lang='lat' dir='ltr'><strong>non</strong></span> <span class='ocrx_word' id='word_1_129' title='bbox 1299 1891 1451 1943; x_wconf 87' lang='lat' dir='ltr'><strong>hebraeum</strong></span> <span class='ocrx_word' id='word_1_130' title='bbox 1473 1891 1525 1943; x_wconf 85' lang='lat' dir='ltr'><strong>Ex.</strong></span> 
     </span>
     <span class='ocr_line' id='line_1_14' title="bbox 194 1979 1525 2048; baseline 0.002 -18"><span class='ocrx_word' id='word_1_131' title='bbox 194 1980 290 2041; x_wconf 81' lang='lat'>30‚33,</span> <span class='ocrx_word' id='word_1_132' title='bbox 305 1993 362 2032; x_wconf 89' lang='lat' dir='ltr'><strong>non</strong></span> <span class='ocrx_word' id='word_1_133' title='bbox 380 1981 555 2033; x_wconf 82' lang='lat' dir='ltr'><strong>sacerdotem</strong></span> <span class='ocrx_word' id='word_1_134' title='bbox 571 1981 641 2048; x_wconf 72' lang='grc'>(11.1.</span> <span class='ocrx_word' id='word_1_135' title='bbox 657 1981 685 2031; x_wconf 91' lang='lat' dir='ltr'><strong>et</strong></span> <span class='ocrx_word' id='word_1_136' title='bbox 697 1979 749 2030; x_wconf 75' lang='lat' dir='ltr'><strong>Ex.</strong></span> <span class='ocrx_word' id='word_1_137' title='bbox 764 1979 860 2041; x_wconf 56' lang='lat' dir='ltr'><strong>aas&amp;</strong></span> <span class='ocrx_word' id='word_1_138' title='bbox 875 1981 959 2031; x_wconf 89' lang='lat' dir='ltr'><strong>Num.</strong></span> <span class='ocrx_word' id='word_1_139' title='bbox 972 1981 1046 2042; x_wconf 82' lang='lat'><strong>3,10.</strong></span> <span class='ocrx_word' id='word_1_140' title='bbox 1061 1980 1109 2042; x_wconf 82' lang='lat'><strong>38;</strong></span> <span class='ocrx_word' id='word_1_141' title='bbox 1129 1979 1214 2048; x_wconf 81' lang='lat'><strong>18,7),</strong></span> <span class='ocrx_word' id='word_1_142' title='bbox 1231 1993 1288 2032; x_wconf 91' lang='lat' dir='ltr'><strong>non</strong></span> <span class='ocrx_word' id='word_1_143' title='bbox 1300 1981 1415 2031; x_wconf 87' lang='lat' dir='ltr'><strong>levitam</strong></span> <span class='ocrx_word' id='word_1_144' title='bbox 1430 1981 1525 2044; x_wconf 89' lang='lat' dir='ltr'><strong>(Num.</strong></span> 
     </span>
     <span class='ocr_line' id='line_1_15' title="bbox 198 2066 1527 2136; baseline 0 -17"><span class='ocrx_word' id='word_1_145' title='bbox 198 2070 273 2130; x_wconf 83' lang='grc'>1,51;</span> <span class='ocrx_word' id='word_1_146' title='bbox 293 2068 379 2135; x_wconf 73' lang='lat' dir='ltr'><strong>tau),</strong></span> <span class='ocrx_word' id='word_1_147' title='bbox 396 2083 453 2120; x_wconf 89' lang='lat' dir='ltr'><strong>non</strong></span> <span class='ocrx_word' id='word_1_148' title='bbox 467 2070 710 2134; x_wconf 85' lang='lat' dir='ltr'><strong>consanguineum</strong></span> <span class='ocrx_word' id='word_1_149' title='bbox 727 2066 819 2133; x_wconf 87' lang='lat' dir='ltr'><strong>(Dent.</strong></span> <span class='ocrx_word' id='word_1_150' title='bbox 834 2070 919 2132; x_wconf 75' lang='lat'><strong>25,5).</strong></span> <span class='ocrx_word' id='word_1_151' title='bbox 937 2067 1013 2132; x_wconf 79' lang='lat' dir='ltr'><strong>Ignis</strong></span> <span class='ocrx_word' id='word_1_152' title='bbox 1030 2069 1119 2136; x_wconf 83' lang='lat'>(¹0‚1;</span> <span class='ocrx_word' id='word_1_153' title='bbox 1135 2069 1216 2121; x_wconf 89' lang='lat' dir='ltr'><strong>Num.</strong></span> <span class='ocrx_word' id='word_1_154' title='bbox 1237 2069 1297 2132; x_wconf 78' lang='grc'><strong>3,1;</strong></span> <span class='ocrx_word' id='word_1_155' title='bbox 1315 2067 1405 2136; x_wconf 69' lang='lat' dir='ltr'><strong>nont)</strong></span> <span class='ocrx_word' id='word_1_156' title='bbox 1421 2074 1450 2119; x_wconf 83' lang='lat' dir='ltr'><strong>ot</strong></span> <span class='ocrx_word' id='word_1_157' title='bbox 1464 2070 1527 2132; x_wconf 82' lang='lat' dir='ltr'><strong>thy-</strong></span> 
     </span>
     <span class='ocr_line' id='line_1_16' title="bbox 195 2156 1527 2226; baseline 0.001 -19"><span class='ocrx_word' id='word_1_158' title='bbox 195 2159 298 2208; x_wconf 85' lang='lat' dir='ltr'><strong>miama</strong></span> <span class='ocrx_word' id='word_1_159' title='bbox 314 2156 376 2224; x_wconf 79' lang='lat' dir='ltr'>(Ex.</span> <span class='ocrx_word' id='word_1_160' title='bbox 396 2157 468 2226; x_wconf 74' lang='lat'><strong>30,9)</strong></span> <span class='ocrx_word' id='word_1_161' title='bbox 485 2172 542 2208; x_wconf 89' lang='lat' dir='ltr'><strong>non</strong></span> <span class='ocrx_word' id='word_1_162' title='bbox 556 2170 638 2208; x_wconf 86' lang='lat' dir='ltr'><strong>saera</strong></span> <span class='ocrx_word' id='word_1_163' title='bbox 648 2160 785 2208; x_wconf 76' lang='lat' dir='ltr'><strong>vocantur</strong></span> <span class='ocrx_word' id='word_1_164' title='bbox 796 2157 899 2209; x_wconf 83' lang='lat' dir='ltr'><strong>aliena.</strong></span> <span class='ocrx_word' id='word_1_165' title='bbox 915 2157 1003 2208; x_wconf 87' lang='lat' dir='ltr'><strong>Porro</strong></span> <span class='ocrx_word' id='word_1_166' title='bbox 1020 2160 1049 2208; x_wconf 91' lang='lat' dir='ltr'><strong>h.</strong></span> <span class='ocrx_word' id='word_1_167' title='bbox 1063 2159 1083 2207; x_wconf 94' lang='lat' dir='ltr'><strong>l.</strong></span> <span class='ocrx_word' id='word_1_168' title='bbox 1098 2158 1270 2222; x_wconf 71' lang='lat' dir='ltr'><strong>ottentycnae</strong></span> <span class='ocrx_word' id='word_1_169' title='bbox 1285 2171 1341 2208; x_wconf 90' lang='lat' dir='ltr'><strong>non</strong></span> <span class='ocrx_word' id='word_1_170' title='bbox 1363 2158 1527 2222; x_wconf 83' lang='lat' dir='ltr'><strong>intelligun-</strong></span> 
     </span>
     <span class='ocr_line' id='line_1_17' title="bbox 196 2246 1527 2311; baseline 0 -15"><span class='ocrx_word' id='word_1_171' title='bbox 196 2253 241 2296; x_wconf 87' lang='lat' dir='ltr'><strong>tur</strong></span> <span class='ocrx_word' id='word_1_172' title='bbox 262 2260 317 2298; x_wconf 89' lang='lat' dir='ltr'><strong>non</strong></span> <span class='ocrx_word' id='word_1_173' title='bbox 338 2247 468 2308; x_wconf 80' lang='lat' dir='ltr'><strong>hebraei,</strong></span> <span class='ocrx_word' id='word_1_174' title='bbox 493 2260 565 2311; x_wconf 88' lang='lat' dir='ltr'><strong>quos</strong></span> <span class='ocrx_word' id='word_1_175' title='bbox 584 2246 619 2297; x_wconf 85' lang='lat' dir='ltr'><strong>de</strong></span> <span class='ocrx_word' id='word_1_176' title='bbox 635 2247 740 2297; x_wconf 83' lang='lat' dir='ltr'><strong>sanctis</strong></span> <span class='ocrx_word' id='word_1_177' title='bbox 766 2259 823 2298; x_wconf 90' lang='lat' dir='ltr'><strong>non</strong></span> <span class='ocrx_word' id='word_1_178' title='bbox 845 2247 1014 2310; x_wconf 82' lang='lat' dir='ltr'><strong>participare</strong></span> <span class='ocrx_word' id='word_1_179' title='bbox 1036 2248 1152 2298; x_wconf 85' lang='lat' dir='ltr'><strong>evidens</strong></span> <span class='ocrx_word' id='word_1_180' title='bbox 1172 2251 1248 2309; x_wconf 83' lang='lat' dir='ltr'><strong>erat,</strong></span> <span class='ocrx_word' id='word_1_181' title='bbox 1269 2247 1318 2298; x_wconf 85' lang='lat' dir='ltr'><strong>sed</strong></span> <span class='ocrx_word' id='word_1_182' title='bbox 1336 2247 1452 2298; x_wconf 80' lang='lat' dir='ltr'><strong>hebraei</strong></span> <span class='ocrx_word' id='word_1_183' title='bbox 1471 2259 1527 2298; x_wconf 89' lang='lat' dir='ltr'><strong>non</strong></span> 
     </span>
     <span class='ocr_line' id='line_1_18' title="bbox 196 2333 463 2402; baseline -0.007 -17"><span class='ocrx_word' id='word_1_184' title='bbox 196 2335 356 2387; x_wconf 85' lang='lat' dir='ltr'><strong>sacerdotes</strong></span> <span class='ocrx_word' id='word_1_185' title='bbox 372 2333 463 2402; x_wconf 71' lang='lat' dir='ltr'><strong>(cat).</strong></span> 
     </span>
    </p>
   </div>
   <div class='ocr_carea' id='block_1_5' title="bbox 196 2517 1528 2717">
    <p class='ocr_par' dir='ltr' id='par_1_5' title="bbox 196 2517 1528 2717">
     <span class='ocr_line' id='line_1_19' title="bbox 240 2517 1528 2610; baseline 0.004 -26"><span class='ocrx_word' id='word_1_186' title='bbox 240 2542 273 2584; x_wconf 93' lang='lat' dir='ltr'><strong>v.</strong></span> <span class='ocrx_word' id='word_1_187' title='bbox 292 2526 332 2585; x_wconf 86' lang='lat'><strong>10</strong></span> <span class='ocrx_word' id='word_1_188' title='bbox 350 2547 366 2580; x_wconf 72' lang='grc' dir='ltr'>α</span> <span class='ocrx_word' id='word_1_189' title='bbox 391 2519 508 2584; x_wconf 80' lang='lat' dir='ltr'><strong>Omnis</strong></span> <span class='ocrx_word' id='word_1_190' title='bbox 528 2518 730 2608; x_wconf 74' lang='lat' dir='ltr'><strong>alieniqena</strong></span> <span class='ocrx_word' id='word_1_191' title='bbox 748 2541 818 2585; x_wconf 90' lang='lat' dir='ltr'><strong>non</strong></span> <span class='ocrx_word' id='word_1_192' title='bbox 837 2519 989 2586; x_wconf 78' lang='lat' dir='ltr'><strong>concedet</strong></span> <span class='ocrx_word' id='word_1_193' title='bbox 1008 2517 1050 2586; x_wconf 84' lang='lat' dir='ltr'><strong>de</strong></span> <span class='ocrx_word' id='word_1_194' title='bbox 1064 2520 1295 2610; x_wconf 77' lang='lat' dir='ltr'><strong>sanctificatis</strong></span> <span class='ocrx_word' id='word_1_195' title='bbox 1310 2550 1341 2588; x_wconf 78' lang='lat' dir='ltr'><strong>u.</strong></span> <span class='ocrx_word' id='word_1_196' title='bbox 1359 2525 1448 2589; x_wconf 87' lang='lat' dir='ltr'><strong>Haec</strong></span> <span class='ocrx_word' id='word_1_197' title='bbox 1467 2542 1528 2608; x_wconf 79' lang='lat' dir='ltr'><strong>ge-</strong></span> 
     </span>
     <span class='ocr_line' id='line_1_20' title="bbox 196 2624 1526 2717; baseline 0.002 -25"><span class='ocrx_word' id='word_1_198' title='bbox 196 2625 322 2692; x_wconf 91' lang='lat' dir='ltr'><strong>neralis</strong></span> <span class='ocrx_word' id='word_1_199' title='bbox 338 2624 571 2715; x_wconf 87' lang='lat' dir='ltr'><strong>praemittitur</strong></span> <span class='ocrx_word' id='word_1_200' title='bbox 588 2626 721 2713; x_wconf 84' lang='lat' dir='ltr'><strong>regula,</strong></span> <span class='ocrx_word' id='word_1_201' title='bbox 739 2647 817 2692; x_wconf 80' lang='lat' dir='ltr'><strong>mox</strong></span> <span class='ocrx_word' id='word_1_202' title='bbox 832 2625 1040 2714; x_wconf 88' lang='lat' dir='ltr'><strong>applicanda</strong></span> <span class='ocrx_word' id='word_1_203' title='bbox 1054 2631 1088 2692; x_wconf 92' lang='lat' dir='ltr'><strong>et</strong></span> <span class='ocrx_word' id='word_1_204' title='bbox 1108 2627 1323 2715; x_wconf 84' lang='lat' dir='ltr'><strong>explicanda.</strong></span> <span class='ocrx_word' id='word_1_205' title='bbox 1342 2655 1358 2688; x_wconf 74' lang='lat' dir='ltr'><strong>a</strong></span> <span class='ocrx_word' id='word_1_206' title='bbox 1375 2627 1526 2717; x_wconf 81' lang='lat' dir='ltr'><strong>Inqnc&#39;le&#39;-</strong></span> 
     </span>
    </p>
   </div>
   <div class='ocr_carea' id='block_1_6' title="bbox 197 2730 1532 4844">
    <p class='ocr_par' dir='ltr' id='par_1_6' title="bbox 197 2730 1532 4844">
     <span class='ocr_line' id='line_1_21' title="bbox 197 2730 1526 2820; baseline 0.002 -22"><span class='ocrx_word' id='word_1_207' title='bbox 197 2755 262 2798; x_wconf 92' lang='lat' dir='ltr'><strong>nus</strong></span> <span class='ocrx_word' id='word_1_208' title='bbox 277 2730 462 2798; x_wconf 82' lang='lat' dir='ltr'><strong>sacerdotis</strong></span> <span class='ocrx_word' id='word_1_209' title='bbox 480 2758 497 2791; x_wconf 74' lang='lat' dir='ltr'><strong>o</strong></span> <span class='ocrx_word' id='word_1_210' title='bbox 516 2731 613 2820; x_wconf 87' lang='lat' dir='ltr'><strong>(Gen.</strong></span> <span class='ocrx_word' id='word_1_211' title='bbox 641 2733 747 2815; x_wconf 56' lang='lat' dir='ltr'><strong>m),</strong></span> <span class='ocrx_word' id='word_1_212' title='bbox 764 2730 826 2819; x_wconf 91' lang='lat' dir='ltr'><strong>qui</strong></span> <span class='ocrx_word' id='word_1_213' title='bbox 840 2751 948 2820; x_wconf 91' lang='lat' dir='ltr'><strong>prope</strong></span> <span class='ocrx_word' id='word_1_214' title='bbox 967 2730 1068 2797; x_wconf 90' lang='lat' dir='ltr'><strong>illum</strong></span> <span class='ocrx_word' id='word_1_215' title='bbox 1081 2731 1216 2815; x_wconf 87' lang='lat' dir='ltr'><strong>incolit,</strong></span> <span class='ocrx_word' id='word_1_216' title='bbox 1237 2732 1299 2799; x_wconf 90' lang='lat' dir='ltr'><strong>sed</strong></span> <span class='ocrx_word' id='word_1_217' title='bbox 1314 2732 1434 2799; x_wconf 88' lang='lat' dir='ltr'><strong>eadem</strong></span> <span class='ocrx_word' id='word_1_218' title='bbox 1455 2757 1526 2800; x_wconf 90' lang='lat' dir='ltr'><strong>non</strong></span> 
     </span>
     <span class='ocr_line' id='line_1_22' title="bbox 197 2835 1530 2927; baseline 0.001 -24"><span class='ocrx_word' id='word_1_219' title='bbox 197 2838 302 2905; x_wconf 87' lang='lat' dir='ltr'><strong>habet</strong></span> <span class='ocrx_word' id='word_1_220' title='bbox 316 2839 405 2921; x_wconf 87' lang='lat' dir='ltr'><strong>iura,</strong></span> <span class='ocrx_word' id='word_1_221' title='bbox 425 2866 441 2900; x_wconf 66' lang='grc' dir='ltr'><strong>κ</strong></span> <span class='ocrx_word' id='word_1_222' title='bbox 457 2852 490 2903; x_wconf 88' lang='lat' dir='ltr'><strong>et</strong></span> <span class='ocrx_word' id='word_1_223' title='bbox 503 2835 735 2903; x_wconf 78' lang='lat' dir='ltr'><strong>mercenarius</strong></span> <span class='ocrx_word' id='word_1_224' title='bbox 750 2863 767 2897; x_wconf 87' lang='lat'>»</span> <span class='ocrx_word' id='word_1_225' title='bbox 785 2835 876 2924; x_wconf 84' lang='lat' dir='ltr'><strong>(Lev.</strong></span> <span class='ocrx_word' id='word_1_226' title='bbox 895 2841 1009 2919; x_wconf 84' lang='grc'>19,13;</span> <span class='ocrx_word' id='word_1_227' title='bbox 1027 2840 1084 2903; x_wconf 85' lang='lat' dir='ltr'><strong>Ex.</strong></span> <span class='ocrx_word' id='word_1_228' title='bbox 1100 2838 1215 2927; x_wconf 58' lang='lat'>2215)</span> <span class='ocrx_word' id='word_1_229' title='bbox 1235 2864 1251 2897; x_wconf 91' lang='lat'>«</span> <span class='ocrx_word' id='word_1_230' title='bbox 1268 2859 1338 2903; x_wconf 91' lang='lat' dir='ltr'><strong>non</strong></span> <span class='ocrx_word' id='word_1_231' title='bbox 1354 2852 1530 2905; x_wconf 77' lang='lat' dir='ltr'><strong>vescentur</strong></span> 
     </span>
     <span class='ocr_line' id='line_1_23' title="bbox 198 2940 1529 3024; baseline 0.002 -15"><span class='ocrx_word' id='word_1_232' title='bbox 198 2942 345 3010; x_wconf 76' lang='lat' dir='ltr'><strong>eneis».</strong></span> <span class='ocrx_word' id='word_1_233' title='bbox 363 2946 438 3008; x_wconf 93' lang='lat' dir='ltr'><strong>Non</strong></span> <span class='ocrx_word' id='word_1_234' title='bbox 449 2941 542 3008; x_wconf 90' lang='lat' dir='ltr'><strong>enim</strong></span> <span class='ocrx_word' id='word_1_235' title='bbox 557 2948 638 3008; x_wconf 89' lang='lat' dir='ltr'><strong>sunt</strong></span> <span class='ocrx_word' id='word_1_236' title='bbox 654 2940 696 3009; x_wconf 93' lang='lat' dir='ltr'><strong>de</strong></span> <span class='ocrx_word' id='word_1_237' title='bbox 713 2940 901 3008; x_wconf 86' lang='lat' dir='ltr'><strong>sacerdotis</strong></span> <span class='ocrx_word' id='word_1_238' title='bbox 913 2941 1058 3010; x_wconf 82' lang='lat' dir='ltr'><strong>familia.</strong></span> <span class='ocrx_word' id='word_1_239' title='bbox 1072 2965 1105 3009; x_wconf 91' lang='lat' dir='ltr'><strong>v.</strong></span> <span class='ocrx_word' id='word_1_240' title='bbox 1127 2949 1164 3010; x_wconf 87' lang='lat'><strong>11</strong></span> <span class='ocrx_word' id='word_1_241' title='bbox 1183 2970 1199 3004; x_wconf 79' lang='lat' dir='ltr'><strong>o</strong></span> <span class='ocrx_word' id='word_1_242' title='bbox 1220 2945 1327 3024; x_wconf 87' lang='lat' dir='ltr'><strong>Quem</strong></span> <span class='ocrx_word' id='word_1_243' title='bbox 1342 2956 1457 3010; x_wconf 87' lang='lat' dir='ltr'><strong>autem</strong></span> <span class='ocrx_word' id='word_1_244' title='bbox 1473 2968 1529 3011; x_wconf 91' lang='lat' dir='ltr'><strong>sa-</strong></span> 
     </span>
     <span class='ocr_line' id='line_1_24' title="bbox 199 3047 1527 3138; baseline -0.001 -24"><span class='ocrx_word' id='word_1_245' title='bbox 199 3047 313 3114; x_wconf 84' lang='lat' dir='ltr'><strong>cerdos</strong></span> <span class='ocrx_word' id='word_1_246' title='bbox 327 3049 444 3114; x_wconf 79' lang='lat' dir='ltr'><strong>emerit</strong></span> <span class='ocrx_word' id='word_1_247' title='bbox 461 3075 477 3108; x_wconf 86' lang='lat'>»</span> <span class='ocrx_word' id='word_1_248' title='bbox 487 3047 603 3137; x_wconf 81' lang='lat' dir='ltr'><strong>pretio</strong></span> <span class='ocrx_word' id='word_1_249' title='bbox 617 3047 768 3137; x_wconf 69' lang='lat' dir='ltr'><strong>arpenti,</strong></span> <span class='ocrx_word' id='word_1_250' title='bbox 788 3077 805 3110; x_wconf 79' lang='lat' dir='ltr'><strong>o</strong></span> <span class='ocrx_word' id='word_1_251' title='bbox 822 3047 929 3138; x_wconf 81' lang='lat' dir='ltr'><strong>etqui</strong></span> <span class='ocrx_word' id='word_1_252' title='bbox 942 3049 1146 3117; x_wconf 82' lang='lat' dir='ltr'><strong>vernaculus</strong></span> <span class='ocrx_word' id='word_1_253' title='bbox 1160 3049 1279 3117; x_wconf 75' lang='lat' dir='ltr'><strong>domnas</strong></span> <span class='ocrx_word' id='word_1_254' title='bbox 1294 3050 1367 3117; x_wconf 83' lang='lat' dir='ltr'><strong>eius</strong></span> <span class='ocrx_word' id='word_1_255' title='bbox 1381 3051 1492 3138; x_wconf 78' lang='lat' dir='ltr'><strong>feeerit</strong></span> <span class='ocrx_word' id='word_1_256' title='bbox 1511 3080 1527 3114; x_wconf 84' lang='lat'><strong>›&gt;</strong></span> 
     </span>
     <span class='ocr_line' id='line_1_25' title="bbox 200 3155 1530 3244; baseline -0.001 -20"><span class='ocrx_word' id='word_1_257' title='bbox 200 3155 296 3243; x_wconf 82' lang='lat' dir='ltr'><strong>(Gen.</strong></span> <span class='ocrx_word' id='word_1_258' title='bbox 324 3160 440 3237; x_wconf 81' lang='lat' dir='ltr'><strong>u,1t;</strong></span> <span class='ocrx_word' id='word_1_259' title='bbox 467 3160 568 3238; x_wconf 79' lang='lat'><strong>17‚12</strong></span> <span class='ocrx_word' id='word_1_260' title='bbox 584 3176 635 3244; x_wconf 88' lang='lat' dir='ltr'><strong>sq.</strong></span> <span class='ocrx_word' id='word_1_261' title='bbox 658 3155 801 3243; x_wconf 69' lang='grc'>21117),</span> <span class='ocrx_word' id='word_1_262' title='bbox 826 3156 849 3220; x_wconf 89' lang='lat' dir='ltr'><strong>i.</strong></span> <span class='ocrx_word' id='word_1_263' title='bbox 867 3178 898 3223; x_wconf 91' lang='lat' dir='ltr'><strong>e.</strong></span> <span class='ocrx_word' id='word_1_264' title='bbox 916 3177 1032 3223; x_wconf 87' lang='lat' dir='ltr'><strong>servus</strong></span> <span class='ocrx_word' id='word_1_265' title='bbox 1049 3156 1087 3222; x_wconf 93' lang='lat' dir='ltr'><strong>in</strong></span> <span class='ocrx_word' id='word_1_266' title='bbox 1109 3155 1212 3223; x_wconf 89' lang='lat' dir='ltr'><strong>domo</strong></span> <span class='ocrx_word' id='word_1_267' title='bbox 1233 3155 1306 3223; x_wconf 88' lang='lat' dir='ltr'><strong>eius</strong></span> <span class='ocrx_word' id='word_1_268' title='bbox 1325 3161 1441 3238; x_wconf 80' lang='lat' dir='ltr'><strong>natus,</strong></span> <span class='ocrx_word' id='word_1_269' title='bbox 1459 3185 1475 3218; x_wconf 88' lang='lat'>«</span> <span class='ocrx_word' id='word_1_270' title='bbox 1494 3155 1530 3222; x_wconf 84' lang='lat' dir='ltr'><strong>ln&#39;</strong></span> 
     </span>
     <span class='ocr_line' id='line_1_26' title="bbox 200 3259 1531 3352; baseline 0.001 -25"><span class='ocrx_word' id='word_1_271' title='bbox 200 3260 376 3328; x_wconf 79' lang='lat' dir='ltr'><strong>concedent</strong></span> <span class='ocrx_word' id='word_1_272' title='bbox 391 3283 433 3327; x_wconf 80' lang='lat' dir='ltr'><strong>ea</strong></span> <span class='ocrx_word' id='word_1_273' title='bbox 445 3259 494 3327; x_wconf 85' lang='lat' dir='ltr'><strong>eis</strong></span> <span class='ocrx_word' id='word_1_274' title='bbox 509 3288 524 3322; x_wconf 88' lang='lat'>»</span> <span class='ocrx_word' id='word_1_275' title='bbox 544 3282 553 3330; x_wconf 88' lang='lat'>:</span> <span class='ocrx_word' id='word_1_276' title='bbox 570 3260 662 3327; x_wconf 87' lang='lat' dir='ltr'><strong>servi</strong></span> <span class='ocrx_word' id='word_1_277' title='bbox 673 3265 745 3328; x_wconf 89' lang='lat' dir='ltr'><strong>tam</strong></span> <span class='ocrx_word' id='word_1_278' title='bbox 758 3260 904 3350; x_wconf 86' lang='lat' dir='ltr'><strong>emptitii</strong></span> <span class='ocrx_word' id='word_1_279' title='bbox 916 3283 1021 3351; x_wconf 87' lang='lat' dir='ltr'><strong>quam</strong></span> <span class='ocrx_word' id='word_1_280' title='bbox 1034 3263 1116 3330; x_wconf 90' lang='lat' dir='ltr'><strong>nati.</strong></span> <span class='ocrx_word' id='word_1_281' title='bbox 1133 3284 1165 3328; x_wconf 91' lang='lat' dir='ltr'><strong>v.</strong></span> <span class='ocrx_word' id='word_1_282' title='bbox 1183 3269 1225 3330; x_wconf 74' lang='lat'><strong>12</strong></span> <span class='ocrx_word' id='word_1_283' title='bbox 1247 3288 1263 3326; x_wconf 78' lang='lat' dir='ltr'><strong>a</strong></span> <span class='ocrx_word' id='word_1_284' title='bbox 1280 3262 1322 3330; x_wconf 83' lang='lat' dir='ltr'><strong>Si</strong></span> <span class='ocrx_word' id='word_1_285' title='bbox 1332 3262 1408 3352; x_wconf 80' lang='lat' dir='ltr'><strong>filia</strong></span> <span class='ocrx_word' id='word_1_286' title='bbox 1422 3285 1531 3330; x_wconf 86' lang='lat' dir='ltr'><strong>sacer-</strong></span> 
     </span>
     <span class='ocr_line' id='line_1_27' title="bbox 200 3365 1530 3460; baseline 0.002 -26"><span class='ocrx_word' id='word_1_287' title='bbox 200 3367 290 3435; x_wconf 81' lang='lat' dir='ltr'><strong>dot-is</strong></span> <span class='ocrx_word' id='word_1_288' title='bbox 311 3366 447 3437; x_wconf 78' lang='lat' dir='ltr'><strong>cuilibet</strong></span> <span class='ocrx_word' id='word_1_289' title='bbox 463 3391 505 3432; x_wconf 82' lang='lat' dir='ltr'><strong>ea</strong></span> <span class='ocrx_word' id='word_1_290' title='bbox 513 3365 645 3456; x_wconf 70' lang='lat' dir='ltr'><strong>popnelo</strong></span> <span class='ocrx_word' id='word_1_291' title='bbox 667 3394 684 3429; x_wconf 79' lang='lat' dir='ltr'><strong>u</strong></span> <span class='ocrx_word' id='word_1_292' title='bbox 700 3405 745 3416; x_wconf 89' lang='lat'>—</span> <span class='ocrx_word' id='word_1_293' title='bbox 759 3368 861 3433; x_wconf 84' lang='lat' dir='ltr'><strong>Hebr.</strong></span> <span class='ocrx_word' id='word_1_294' title='bbox 883 3367 956 3434; x_wconf 82' lang='lat' dir='ltr'><strong>ciro</strong></span> <span class='ocrx_word' id='word_1_295' title='bbox 976 3367 1107 3452; x_wconf 83' lang='lat' dir='ltr'><strong>alieno,</strong></span> <span class='ocrx_word' id='word_1_296' title='bbox 1126 3390 1225 3436; x_wconf 90' lang='lat' dir='ltr'><strong>sensu</strong></span> <span class='ocrx_word' id='word_1_297' title='bbox 1242 3391 1347 3460; x_wconf 87' lang='lat' dir='ltr'><strong>supra</strong></span> <span class='ocrx_word' id='word_1_298' title='bbox 1362 3369 1530 3459; x_wconf 90' lang='lat' dir='ltr'><strong>explicato</strong></span> 
     </span>
     <span class='ocr_line' id='line_1_28' title="bbox 199 3471 1531 3566; baseline 0.004 -29"><span class='ocrx_word' id='word_1_299' title='bbox 199 3514 243 3526; x_wconf 96' lang='lat'>-</span> <span class='ocrx_word' id='word_1_300' title='bbox 261 3504 277 3537; x_wconf 78' lang='lat' dir='ltr'><strong>o</strong></span> <span class='ocrx_word' id='word_1_301' title='bbox 293 3487 404 3564; x_wconf 84' lang='lat' dir='ltr'><strong>nupta</strong></span> <span class='ocrx_word' id='word_1_302' title='bbox 418 3471 544 3561; x_wconf 74' lang='lat' dir='ltr'><strong>fuerit,</strong></span> <span class='ocrx_word' id='word_1_303' title='bbox 560 3472 602 3540; x_wconf 84' lang='lat' dir='ltr'><strong>de</strong></span> <span class='ocrx_word' id='word_1_304' title='bbox 616 3472 685 3556; x_wconf 86' lang='lat' dir='ltr'><strong>ln&#39;s,</strong></span> <span class='ocrx_word' id='word_1_305' title='bbox 703 3494 792 3562; x_wconf 86' lang='lat' dir='ltr'><strong>quae</strong></span> <span class='ocrx_word' id='word_1_306' title='bbox 806 3473 1022 3563; x_wconf 74' lang='lat' dir='ltr'><strong>sanctificata</strong></span> <span class='ocrx_word' id='word_1_307' title='bbox 1034 3487 1132 3557; x_wconf 90' lang='lat' dir='ltr'><strong>sunt,</strong></span> <span class='ocrx_word' id='word_1_308' title='bbox 1152 3478 1197 3562; x_wconf 84' lang='lat' dir='ltr'><strong>[et</strong></span> <span class='ocrx_word' id='word_1_309' title='bbox 1216 3474 1257 3541; x_wconf 87' lang='lat' dir='ltr'><strong>de</strong></span> <span class='ocrx_word' id='word_1_310' title='bbox 1266 3475 1445 3566; x_wconf 77' lang='lat' dir='ltr'><strong>primitiis]</strong></span> <span class='ocrx_word' id='word_1_311' title='bbox 1462 3497 1531 3542; x_wconf 90' lang='lat' dir='ltr'><strong>non</strong></span> 
     </span>
     <span class='ocr_line' id='line_1_29' title="bbox 200 3578 1530 3669; baseline 0 -22"><span class='ocrx_word' id='word_1_312' title='bbox 200 3595 352 3649; x_wconf 82' lang='lat' dir='ltr'><strong>vescetur</strong></span> <span class='ocrx_word' id='word_1_313' title='bbox 372 3609 403 3648; x_wconf 88' lang='lat'><strong>».</strong></span> <span class='ocrx_word' id='word_1_314' title='bbox 425 3580 576 3646; x_wconf 85' lang='lat' dir='ltr'><strong>Pertinet</strong></span> <span class='ocrx_word' id='word_1_315' title='bbox 593 3579 669 3669; x_wconf 89' lang='lat' dir='ltr'><strong>ipsa</strong></span> <span class='ocrx_word' id='word_1_316' title='bbox 687 3580 757 3645; x_wconf 90' lang='lat' dir='ltr'><strong>iam</strong></span> <span class='ocrx_word' id='word_1_317' title='bbox 773 3578 817 3646; x_wconf 91' lang='lat' dir='ltr'><strong>ad</strong></span> <span class='ocrx_word' id='word_1_318' title='bbox 836 3580 1006 3647; x_wconf 85' lang='lat' dir='ltr'><strong>familiam</strong></span> <span class='ocrx_word' id='word_1_319' title='bbox 1024 3581 1159 3648; x_wconf 86' lang='lat' dir='ltr'><strong>laicam.</strong></span> <span class='ocrx_word' id='word_1_320' title='bbox 1180 3604 1212 3649; x_wconf 90' lang='lat' dir='ltr'><strong>v.</strong></span> <span class='ocrx_word' id='word_1_321' title='bbox 1237 3589 1278 3650; x_wconf 89' lang='grc'><strong>13</strong></span> <span class='ocrx_word' id='word_1_322' title='bbox 1296 3610 1312 3644; x_wconf 76' lang='grc' dir='ltr'><strong>ι(</strong></span> <span class='ocrx_word' id='word_1_323' title='bbox 1332 3582 1397 3650; x_wconf 79' lang='lat' dir='ltr'><strong>Sin</strong></span> <span class='ocrx_word' id='word_1_324' title='bbox 1416 3595 1530 3648; x_wconf 78' lang='lat' dir='ltr'><strong>nectent</strong></span> 
     </span>
     <span class='ocr_line' id='line_1_30' title="bbox 200 3685 1531 3778; baseline 0.001 -25"><span class='ocrx_word' id='word_1_325' title='bbox 200 3687 306 3755; x_wconf 80' lang='lat' dir='ltr'><strong>uidua</strong></span> <span class='ocrx_word' id='word_1_326' title='bbox 327 3686 382 3754; x_wconf 87' lang='lat' dir='ltr'><strong>vel</strong></span> <span class='ocrx_word' id='word_1_327' title='bbox 398 3685 581 3776; x_wconf 79' lang='lat' dir='ltr'><strong>repudiata</strong></span> <span class='ocrx_word' id='word_1_328' title='bbox 599 3699 631 3752; x_wconf 89' lang='lat' dir='ltr'><strong>et</strong></span> <span class='ocrx_word' id='word_1_329' title='bbox 651 3688 777 3776; x_wconf 80' lang='lat' dir='ltr'><strong>absque</strong></span> <span class='ocrx_word' id='word_1_330' title='bbox 795 3685 910 3753; x_wconf 83' lang='lat' dir='ltr'><strong>liberis</strong></span> <span class='ocrx_word' id='word_1_331' title='bbox 927 3709 1060 3754; x_wconf 81' lang='lat' dir='ltr'><strong>reuersa</strong></span> <span class='ocrx_word' id='word_1_332' title='bbox 1075 3689 1184 3776; x_wconf 82' lang='lat' dir='ltr'><strong>suerit</strong></span> <span class='ocrx_word' id='word_1_333' title='bbox 1200 3687 1249 3754; x_wconf 79' lang='lat' dir='ltr'><strong>act</strong></span> <span class='ocrx_word' id='word_1_334' title='bbox 1263 3687 1402 3755; x_wconf 85' lang='lat' dir='ltr'><strong>domum</strong></span> <span class='ocrx_word' id='word_1_335' title='bbox 1415 3688 1531 3778; x_wconf 83' lang='lat' dir='ltr'><strong>patris</strong></span> 
     </span>
     <span class='ocr_line' id='line_1_31' title="bbox 199 3791 1531 3885; baseline 0 -25"><span class='ocrx_word' id='word_1_336' title='bbox 199 3794 267 3876; x_wconf 85' lang='lat' dir='ltr'><strong>sui,</strong></span> <span class='ocrx_word' id='word_1_337' title='bbox 284 3793 372 3860; x_wconf 83' lang='lat' dir='ltr'><strong>sicut</strong></span> <span class='ocrx_word' id='word_1_338' title='bbox 383 3792 503 3884; x_wconf 79' lang='lat' dir='ltr'><strong>petella</strong></span> <span class='ocrx_word' id='word_1_339' title='bbox 519 3805 753 3875; x_wconf 80' lang='lat' dir='ltr'><strong>consueuerat,</strong></span> <span class='ocrx_word' id='word_1_340' title='bbox 770 3791 882 3858; x_wconf 75' lang='lat' dir='ltr'><strong>aleten</strong></span> <span class='ocrx_word' id='word_1_341' title='bbox 898 3792 982 3860; x_wconf 83' lang='lat' dir='ltr'><strong>cibis</strong></span> <span class='ocrx_word' id='word_1_342' title='bbox 994 3794 1105 3883; x_wconf 84' lang='lat' dir='ltr'><strong>patris</strong></span> <span class='ocrx_word' id='word_1_343' title='bbox 1118 3794 1175 3861; x_wconf 81' lang='lat' dir='ltr'><strong>sui</strong></span> <span class='ocrx_word' id='word_1_344' title='bbox 1191 3822 1221 3862; x_wconf 83' lang='grc'><strong>».</strong></span> <span class='ocrx_word' id='word_1_345' title='bbox 1240 3795 1416 3885; x_wconf 83' lang='lat' dir='ltr'><strong>Repetitur</strong></span> <span class='ocrx_word' id='word_1_346' title='bbox 1429 3815 1531 3883; x_wconf 86' lang='lat' dir='ltr'><strong>porro</strong></span> 
     </span>
     <span class='ocr_line' id='line_1_32' title="bbox 200 3897 1532 3989; baseline -0.001 -23"><span class='ocrx_word' id='word_1_347' title='bbox 200 3899 322 3988; x_wconf 86' lang='lat' dir='ltr'><strong>regula</strong></span> <span class='ocrx_word' id='word_1_348' title='bbox 343 3900 518 3987; x_wconf 82' lang='lat' dir='ltr'><strong>generalis</strong></span> <span class='ocrx_word' id='word_1_349' title='bbox 544 3920 552 3966; x_wconf 91' lang='lat'>:</span> <span class='ocrx_word' id='word_1_350' title='bbox 581 3927 598 3960; x_wconf 93' lang='lat'>«</span> <span class='ocrx_word' id='word_1_351' title='bbox 626 3898 744 3965; x_wconf 77' lang='lat' dir='ltr'><strong>Omnis</strong></span> <span class='ocrx_word' id='word_1_352' title='bbox 767 3897 968 3989; x_wconf 78' lang='lat' dir='ltr'><strong>alieniqena</strong></span> <span class='ocrx_word' id='word_1_353' title='bbox 987 3900 1187 3968; x_wconf 68' lang='lat' dir='ltr'><strong>contradendi</strong></span> <span class='ocrx_word' id='word_1_354' title='bbox 1211 3924 1253 3967; x_wconf 81' lang='lat' dir='ltr'><strong>ee</strong></span> <span class='ocrx_word' id='word_1_355' title='bbox 1272 3902 1318 3967; x_wconf 82' lang='lat' dir='ltr'><strong>eis</strong></span> <span class='ocrx_word' id='word_1_356' title='bbox 1339 3923 1409 3966; x_wconf 90' lang='lat' dir='ltr'><strong>non</strong></span> <span class='ocrx_word' id='word_1_357' title='bbox 1431 3901 1532 3967; x_wconf 83' lang='lat' dir='ltr'><strong>babet</strong></span> 
     </span>
     <span class='ocr_line' id='line_1_33' title="bbox 198 4003 1531 4097; baseline 0.001 -24"><span class='ocrx_word' id='word_1_358' title='bbox 198 4019 399 4097; x_wconf 86' lang='lat' dir='ltr'><strong>potestatem</strong></span> <span class='ocrx_word' id='word_1_359' title='bbox 420 4034 451 4072; x_wconf 90' lang='lat'><strong>».</strong></span> <span class='ocrx_word' id='word_1_360' title='bbox 475 4005 597 4074; x_wconf 76' lang='lat' dir='ltr'><strong>nulcta</strong></span> <span class='ocrx_word' id='word_1_361' title='bbox 619 4003 781 4073; x_wconf 83' lang='lat' dir='ltr'><strong>statuitur</strong></span> <span class='ocrx_word' id='word_1_362' title='bbox 798 4004 837 4072; x_wconf 90' lang='lat' dir='ltr'><strong>in</strong></span> <span class='ocrx_word' id='word_1_363' title='bbox 851 4023 925 4089; x_wconf 67' lang='grc' dir='ltr'><strong>θος,</strong></span> <span class='ocrx_word' id='word_1_364' title='bbox 944 4007 1005 4097; x_wconf 88' lang='lat' dir='ltr'><strong>qui</strong></span> <span class='ocrx_word' id='word_1_365' title='bbox 1021 4007 1278 4074; x_wconf 88' lang='lat' dir='ltr'><strong>inadvertenter</strong></span> <span class='ocrx_word' id='word_1_366' title='bbox 1292 4005 1401 4073; x_wconf 91' lang='lat' dir='ltr'><strong>dehis</strong></span> <span class='ocrx_word' id='word_1_367' title='bbox 1418 4029 1531 4074; x_wconf 88' lang='lat' dir='ltr'><strong>come-</strong></span> 
     </span>
     <span class='ocr_line' id='line_1_34' title="bbox 201 4110 1529 4204; baseline 0.001 -25"><span class='ocrx_word' id='word_1_368' title='bbox 201 4113 326 4196; x_wconf 88' lang='lat' dir='ltr'><strong>derint,</strong></span> <span class='ocrx_word' id='word_1_369' title='bbox 345 4136 376 4177; x_wconf 92' lang='lat' dir='ltr'><strong>v.</strong></span> <span class='ocrx_word' id='word_1_370' title='bbox 396 4119 436 4180; x_wconf 82' lang='lat' dir='ltr'><strong>u</strong></span> <span class='ocrx_word' id='word_1_371' title='bbox 454 4132 462 4178; x_wconf 73' lang='grc' dir='ltr'>ε</span> <span class='ocrx_word' id='word_1_372' title='bbox 483 4141 498 4173; x_wconf 89' lang='lat'>«</span> <span class='ocrx_word' id='word_1_373' title='bbox 518 4111 587 4193; x_wconf 80' lang='lat' dir='ltr'><strong>Qui</strong></span> <span class='ocrx_word' id='word_1_374' title='bbox 598 4110 782 4178; x_wconf 72' lang='lat' dir='ltr'><strong>concederet</strong></span> <span class='ocrx_word' id='word_1_375' title='bbox 802 4111 844 4178; x_wconf 85' lang='lat' dir='ltr'><strong>de</strong></span> <span class='ocrx_word' id='word_1_376' title='bbox 862 4112 1088 4201; x_wconf 75' lang='lat' dir='ltr'><strong>sanctificatis</strong></span> <span class='ocrx_word' id='word_1_377' title='bbox 1098 4134 1165 4203; x_wconf 84' lang='lat' dir='ltr'><strong>per</strong></span> <span class='ocrx_word' id='word_1_378' title='bbox 1186 4112 1420 4204; x_wconf 78' lang='lat' dir='ltr'><strong>iqnorante&#39;am</strong></span> <span class='ocrx_word' id='word_1_379' title='bbox 1438 4139 1454 4175; x_wconf 79' lang='lat' dir='ltr'><strong>n</strong></span> <span class='ocrx_word' id='word_1_380' title='bbox 1475 4115 1529 4201; x_wconf 76' lang='lat' dir='ltr'><strong>(cf.</strong></span> 
     </span>
     <span class='ocr_line' id='line_1_35' title="bbox 202 4217 1528 4310; baseline -0.001 -23"><span class='ocrx_word' id='word_1_381' title='bbox 202 4222 286 4309; x_wconf 61' lang='grc'><strong>13),</strong></span> <span class='ocrx_word' id='word_1_382' title='bbox 311 4249 328 4280; x_wconf 90' lang='lat'>«</span> <span class='ocrx_word' id='word_1_383' title='bbox 352 4217 456 4285; x_wconf 84' lang='lat' dir='ltr'><strong>addet</strong></span> <span class='ocrx_word' id='word_1_384' title='bbox 474 4219 634 4309; x_wconf 83' lang='lat' dir='ltr'><strong>quintam</strong></span> <span class='ocrx_word' id='word_1_385' title='bbox 648 4230 787 4309; x_wconf 80' lang='lat' dir='ltr'><strong>partem</strong></span> <span class='ocrx_word' id='word_1_386' title='bbox 806 4241 884 4284; x_wconf 84' lang='lat' dir='ltr'><strong>cunc</strong></span> <span class='ocrx_word' id='word_1_387' title='bbox 904 4242 954 4304; x_wconf 84' lang='lat' dir='ltr'><strong>en,</strong></span> <span class='ocrx_word' id='word_1_388' title='bbox 979 4218 1086 4310; x_wconf 82' lang='lat' dir='ltr'><strong>[quod</strong></span> <span class='ocrx_word' id='word_1_389' title='bbox 1106 4219 1264 4307; x_wconf 83' lang='lat' dir='ltr'><strong>comedit]</strong></span> <span class='ocrx_word' id='word_1_390' title='bbox 1287 4247 1317 4298; x_wconf 81' lang='lat'><strong>»‚</strong></span> <span class='ocrx_word' id='word_1_391' title='bbox 1343 4219 1398 4308; x_wconf 88' lang='lat' dir='ltr'><strong>(cf.</strong></span> <span class='ocrx_word' id='word_1_392' title='bbox 1421 4219 1528 4307; x_wconf 67' lang='lat' dir='ltr'><strong>ars),</strong></span> 
     </span>
     <span class='ocr_line' id='line_1_36' title="bbox 203 4324 1532 4417; baseline 0.004 -31"><span class='ocrx_word' id='word_1_393' title='bbox 203 4353 219 4387; x_wconf 72' lang='grc' dir='ltr'>α</span> <span class='ocrx_word' id='word_1_394' title='bbox 237 4341 269 4392; x_wconf 84' lang='lat' dir='ltr'><strong>et</strong></span> <span class='ocrx_word' id='word_1_395' title='bbox 284 4325 380 4392; x_wconf 85' lang='lat' dir='ltr'><strong>dabit</strong></span> <span class='ocrx_word' id='word_1_396' title='bbox 397 4324 568 4392; x_wconf 81' lang='lat' dir='ltr'><strong>sacerdoti</strong></span> <span class='ocrx_word' id='word_1_397' title='bbox 584 4325 622 4389; x_wconf 80' lang='lat' dir='ltr'><strong>in</strong></span> <span class='ocrx_word' id='word_1_398' title='bbox 642 4324 880 4392; x_wconf 83' lang='lat' dir='ltr'><strong>sanctuarium</strong></span> <span class='ocrx_word' id='word_1_399' title='bbox 897 4353 927 4391; x_wconf 77' lang='lat' dir='ltr'><strong>u.</strong></span> <span class='ocrx_word' id='word_1_400' title='bbox 950 4333 1029 4406; x_wconf 79' lang='lat'>5‚15</span> <span class='ocrx_word' id='word_1_401' title='bbox 1049 4326 1184 4393; x_wconf 85' lang='lat' dir='ltr'><strong>dandus</strong></span> <span class='ocrx_word' id='word_1_402' title='bbox 1204 4325 1415 4416; x_wconf 87' lang='lat' dir='ltr'><strong>praecipitur</strong></span> <span class='ocrx_word' id='word_1_403' title='bbox 1432 4347 1532 4417; x_wconf 90' lang='lat' dir='ltr'><strong>prae-</strong></span> 
     </span>
     <span class='ocr_line' id='line_1_37' title="bbox 201 4431 1531 4522; baseline 0 -24"><span class='ocrx_word' id='word_1_404' title='bbox 201 4445 297 4499; x_wconf 85' lang='lat' dir='ltr'><strong>terea</strong></span> <span class='ocrx_word' id='word_1_405' title='bbox 313 4432 401 4500; x_wconf 88' lang='lat' dir='ltr'><strong>aries</strong></span> <span class='ocrx_word' id='word_1_406' title='bbox 424 4455 432 4500; x_wconf 89' lang='lat'>:</span> <span class='ocrx_word' id='word_1_407' title='bbox 454 4454 500 4500; x_wconf 87' lang='lat' dir='ltr'><strong>se.</strong></span> <span class='ocrx_word' id='word_1_408' title='bbox 523 4431 573 4498; x_wconf 91' lang='lat' dir='ltr'><strong>ibi</strong></span> <span class='ocrx_word' id='word_1_409' title='bbox 591 4431 761 4518; x_wconf 85' lang='lat' dir='ltr'><strong>agebatur</strong></span> <span class='ocrx_word' id='word_1_410' title='bbox 783 4431 826 4498; x_wconf 91' lang='lat' dir='ltr'><strong>de</strong></span> <span class='ocrx_word' id='word_1_411' title='bbox 848 4437 946 4522; x_wconf 91' lang='lat' dir='ltr'><strong>parte</strong></span> <span class='ocrx_word' id='word_1_412' title='bbox 965 4437 1162 4501; x_wconf 88' lang='lat' dir='ltr'><strong>sanctornm</strong></span> <span class='ocrx_word' id='word_1_413' title='bbox 1181 4437 1266 4517; x_wconf 82' lang='lat' dir='ltr'><strong>Deo,</strong></span> <span class='ocrx_word' id='word_1_414' title='bbox 1285 4433 1342 4500; x_wconf 88' lang='lat' dir='ltr'><strong>hic</strong></span> <span class='ocrx_word' id='word_1_415' title='bbox 1364 4432 1407 4499; x_wconf 91' lang='lat' dir='ltr'><strong>de</strong></span> <span class='ocrx_word' id='word_1_416' title='bbox 1432 4437 1531 4520; x_wconf 89' lang='lat' dir='ltr'><strong>parte</strong></span> 
     </span>
     <span class='ocr_line' id='line_1_38' title="bbox 201 4535 1532 4629; baseline -0.002 -23"><span class='ocrx_word' id='word_1_417' title='bbox 201 4537 434 4606; x_wconf 87' lang='lat' dir='ltr'><strong>sacerdotibus</strong></span> <span class='ocrx_word' id='word_1_418' title='bbox 457 4541 631 4605; x_wconf 87' lang='lat' dir='ltr'><strong>reservata</strong></span> <span class='ocrx_word' id='word_1_419' title='bbox 655 4537 791 4626; x_wconf 77' lang='lat' dir='ltr'><strong>(Tost.);</strong></span> <span class='ocrx_word' id='word_1_420' title='bbox 809 4545 842 4605; x_wconf 90' lang='lat' dir='ltr'><strong>at</strong></span> <span class='ocrx_word' id='word_1_421' title='bbox 865 4549 938 4605; x_wconf 89' lang='lat' dir='ltr'><strong>erat</strong></span> <span class='ocrx_word' id='word_1_422' title='bbox 960 4561 1123 4629; x_wconf 86' lang='lat' dir='ltr'><strong>aequum,</strong></span> <span class='ocrx_word' id='word_1_423' title='bbox 1148 4539 1204 4607; x_wconf 91' lang='lat' dir='ltr'><strong>hic</strong></span> <span class='ocrx_word' id='word_1_424' title='bbox 1226 4540 1390 4607; x_wconf 88' lang='lat' dir='ltr'><strong>leviorem</strong></span> <span class='ocrx_word' id='word_1_425' title='bbox 1418 4535 1532 4624; x_wconf 77' lang='lat' dir='ltr'><strong>infligi</strong></span> 
     </span>
     <span class='ocr_line' id='line_1_39' title="bbox 202 4643 1530 4736; baseline -0.004 -22"><span class='ocrx_word' id='word_1_426' title='bbox 202 4647 378 4714; x_wconf 85' lang='lat' dir='ltr'><strong>mulctam.</strong></span> <span class='ocrx_word' id='word_1_427' title='bbox 396 4667 428 4710; x_wconf 78' lang='lat' dir='ltr'><strong>v,</strong></span> <span class='ocrx_word' id='word_1_428' title='bbox 452 4651 494 4712; x_wconf 83' lang='lat'><strong>15</strong></span> <span class='ocrx_word' id='word_1_429' title='bbox 512 4672 527 4705; x_wconf 77' lang='lat' dir='ltr'><strong>a</strong></span> <span class='ocrx_word' id='word_1_430' title='bbox 543 4644 614 4712; x_wconf 89' lang='lat' dir='ltr'><strong>Nec</strong></span> <span class='ocrx_word' id='word_1_431' title='bbox 636 4643 920 4712; x_wconf 78' lang='lat' dir='ltr'><strong>caruanu&#39;nabnnt</strong></span> <span class='ocrx_word' id='word_1_432' title='bbox 934 4671 950 4706; x_wconf 75' lang='lat' dir='ltr'><strong>a</strong></span> <span class='ocrx_word' id='word_1_433' title='bbox 976 4645 1183 4731; x_wconf 89' lang='lat' dir='ltr'><strong>sacerdotes,</strong></span> <span class='ocrx_word' id='word_1_434' title='bbox 1201 4647 1319 4736; x_wconf 88' lang='lat' dir='ltr'><strong>alique</strong></span> <span class='ocrx_word' id='word_1_435' title='bbox 1336 4646 1462 4712; x_wconf 88' lang='lat' dir='ltr'><strong>harum</strong></span> <span class='ocrx_word' id='word_1_436' title='bbox 1476 4665 1530 4710; x_wconf 89' lang='lat' dir='ltr'><strong>re-</strong></span> 
     </span>
     <span class='ocr_line' id='line_1_40' title="bbox 202 4750 1531 4844; baseline -0.004 -22"><span class='ocrx_word' id='word_1_437' title='bbox 202 4755 363 4842; x_wconf 80' lang='lat' dir='ltr'><strong>gularum</strong></span> <span class='ocrx_word' id='word_1_438' title='bbox 387 4750 559 4838; x_wconf 85' lang='lat' dir='ltr'><strong>neglecta,</strong></span> <span class='ocrx_word' id='word_1_439' title='bbox 590 4780 605 4812; x_wconf 78' lang='lat' dir='ltr'><strong>a</strong></span> <span class='ocrx_word' id='word_1_440' title='bbox 630 4750 844 4841; x_wconf 77' lang='lat' dir='ltr'><strong>sanctificata</strong></span> <span class='ocrx_word' id='word_1_441' title='bbox 864 4751 1019 4840; x_wconf 78' lang='lat' dir='ltr'><strong>liliorum</strong></span> <span class='ocrx_word' id='word_1_442' title='bbox 1041 4752 1159 4837; x_wconf 82' lang='lat' dir='ltr'><strong>lsrael,</strong></span> <span class='ocrx_word' id='word_1_443' title='bbox 1182 4777 1271 4844; x_wconf 80' lang='lat' dir='ltr'><strong>qctae</strong></span> <span class='ocrx_word' id='word_1_444' title='bbox 1294 4752 1447 4842; x_wconf 81' lang='lat' dir='ltr'><strong>offerunt</strong></span> <span class='ocrx_word' id='word_1_445' title='bbox 1466 4753 1531 4818; x_wconf 89' lang='lat' dir='ltr'><strong>Da-</strong></span> 
     </span>
    </p>
   </div>
   <div class='ocr_carea' id='block_1_7' title="bbox 0 0 1787 5384">
    <p class='ocr_par' dir='ltr' id='par_1_7' title="bbox 0 0 1787 5384">
     <span class='ocr_line' id='line_1_41' title="bbox 0 0 1787 5384; baseline 0 0"><span class='ocrx_word' id='word_1_446' title='bbox 0 0 1787 5384; x_wconf 95' lang='lat' dir='ltr'><strong> </strong></span> 
     </span>
    </p>
   </div>
  </div>
 </body>
</html>
