3534 5384
0 352 69 460 ⁴⁵5
144 364 147 368 Υ
192 401 195 404 ’
219 383 281 442 ast
620 393 763 438 uovouuu
785 391 944 436 sacaonuu
968 390 1150 436 msrrrurto.

3 595 43 625 .
63 493 93 593 J·
144 525 149 531 ’
189 491 192 494 Υ
220 529 278 597 llic
299 529 439 615 sanguis
463 525 674 607 testamenti,
699 525 791 615 quod
812 526 991 593 mandavit
1017 525 1061 592 ad
1083 547 1142 592 vos
1163 530 1248 592 Deus
1270 552 1299 591 ».
1322 523 1551 614 aspergillum

154 710 156 713 ¹
184 633 188 640 ’
219 635 299 704 fecit
314 635 354 702 de
369 635 517 722 hyssopo
535 638 568 700 et
582 633 664 699 lana
678 632 836 699 coccinea
856 630 988 722 (Sylu.,·
1002 632 1046 700 ci.
1067 636 1184 714 12,2·2;
1199 635 1276 696 Lav.
1299 630 1371 720 tt);
1390 630 1551 717 sanguini

2 729 60 805 ΥΤ*
85 758 87 763 ·
123 807 126 812 ,
220 764 348 832 aquam
364 739 561 822 admiscuit,
583 761 627 807 ne
646 744 876 806 concresceret
901 738 1039 828 (Sylo.);
1062 765 1078 798 «
1101 737 1191 805 liber
1211 737 1298 805 sicut
1319 743 1352 804 et
1371 739 1478 804 altare
1496 759 1550 804 re-

220 847 463 940 praesentabat
474 851 580 914 Deum
596 870 614 912 n
631 845 764 935 (Iam).
785 876 800 908 «
817 846 966 913 Foedera
976 845 1079 912 variis
1095 844 1218 912 ritibus
1230 844 1523 912 confirmabantur
1540 865 1547 912 :

222 957 352 1023 donum
390 952 541 1020 dabatur
567 959 600 1019 et
635 953 869 1043 accipiebatur
900 952 991 1042 (Gen.
1022 958 1126 1035 aaut
1155 950 1266 1042 sqq.);
1297 950 1553 1019 manducabant

220 1063 430 1152 paciscentes
444 1060 547 1127 simul
565 1060 660 1150 (Gen.
683 1066 803 1142 26,30;
821 1067 841 1126 2
862 1063 947 1145 Reg.
967 1058 1075 1147 330),
1094 1058 1302 1147 quandoque
1322 1058 1431 1124 solum
1454 1058 1504 1124 sal
1520 1063 1552 1124 et

220 1191 347 1259 panem
370 1170 460 1257 (Lev.
478 1173 574 1248 2133
594 1169 691 1234 Num.
711 1172 828 1249 18‚19;
847 1173 868 1232 2
887 1170 961 1233 Par.
983 1164 1093 1256 13,5);
1119 1166 1210 1232 inter
1229 1164 1456 1230 dissectarum
1477 1165 1551 1230 ani-

221 1275 361 1342 malium
381 1278 497 1364 partes
514 1271 708 1339 transibant
725 1274 934 1362 paciscentes
955 1272 1048 1361 (Gen.
1073 1276 1150 1355 15,9
1171 1273 1282 1362 sqq.);
1303 1270 1476 1360 imprimis
1499 1293 1552 1337 sa·

221 1382 420 1448 critieabant
433 1402 501 1447 una
514 1385 549 1446 et
560 1378 664 1468 epulo
676 1378 855 1446 sacrificali
865 1377 1170 1446 communicabant
1184 1377 1280 1468 (Gen.
1296 1383 1416 1458 aaut,
1435 1383 1451 1443 1
1466 1383 1548 1464 Reg.

223 1491 392 1573 11‚15)‚et
406 1486 509 1552 ambo
523 1486 693 1572 sanguine
706 1485 866 1552 victimae
875 1485 1137 1571 attingebantur
1148 1513 1164 1547 »
1175 1487 1284 1574 (Ka).
1303 1485 1550 1575 aspersionem

225 1595 391 1684 populum
413 1593 504 1660 sacta
525 1591 667 1679 sanguis
685 1592 844 1659 victimae
865 1592 1059 1681 applicatur
1081 1592 1227 1681 populo,
1248 1591 1335 1658 sieut
1358 1592 1553 1680 aspersione

222 1702 339 1767 altaris
363 1699 456 1766 idem
480 1697 673 1789 applicatur
693 1703 771 1765 Deo.
793 1699 995 1788 Aspersione
1014 1697 1122 1785 igitur
1141 1703 1226 1764 Deus
1244 1703 1278 1765 et
1296 1697 1445 1786 populus
1464 1697 1552 1763 fiunt

224 1829 346 1889 unum,
370 1805 489 1872 foedus
512 1804 711 1887 absolvitur,
735 1804 885 1894 populus
911 1803 1058 1870 foederis
1085 1802 1315 1891 obligationes
1339 1803 1447 1883 subit,
1476 1802 1553 1868 iura

12 1897 24 1987 '⁴
50 1995 56 2002 ¹
134 1904 135 1907 Υ
223 1915 382 2002 acquirit.
400 1913 532 1981 Dicitur
546 1911 691 2000 sanquis
706 1910 866 2001 foederis,
885 1933 953 2000 quo
974 1933 1019 1977 sc.
1036 1911 1157 1977 foedus
1177 1910 1404 1978 dedicabatur
1418 1915 1453 1976 et
1472 1931 1553 1976 con-

222 2021 425 2086 firmabatur
450 2019 530 2108 (syt
553 2021 595 2104 .);
625 2024 768 2108 eratque
792 2024 894 2107 typus
915 2017 1092 2105 sanguinis
1118 2017 1241 2085 Christi
1269 2017 1431 2106 (densa).
1462 2043 1478 2078 «
1504 2015 1553 2080 Ad

225 2129 309 2195 haec
329 2126 465 2213 Moysis,
493 2124 617 2192 veteris
636 2123 878 2211 legislatoris,
901 2125 1008 2191 verba
1030 2124 1144 2191 allusit
1164 2123 1315 2192 Christus
1339 2144 1449 2189 novae
1467 2122 1555 2208 legis

224 2232 325 2315 lator,
343 2232 482 2322 quando
497 2230 533 2297 in
546 2230 661 2298 calicis
675 2231 930 2297 consecratione
946 2229 1029 2296 dixit
1048 2251 1055 2298 :
1072 2229 1132 2296 Hic
1144 2235 1196 2296 est
1207 2231 1348 2316 sanguis
1363 2251 1459 2296 meus
1473 2228 1555 2295 novi

223 2338 415 2405 testamenti
438 2345 500 2404 etc.
517 2341 604 2404 Nota
621 2337 740 2422 igitur,
759 2336 868 2424 quod,
889 2335 976 2402 sicut
995 2336 1136 2426 proprio
1154 2357 1328 2417 sermone,
1349 2341 1382 2402 et
1400 2357 1472 2402 non
1488 2357 1552 2425 per

224 2452 362 2532 tropum
383 2443 514 2509 dictum
529 2449 579 2509 est
593 2464 614 2508 a
630 2445 742 2529 Moyse
765 2465 773 2511 :
792 2442 850 2508 llic
863 2447 912 2508 est
925 2444 1063 2530 sanguis
1079 2442 1242 2522 foederis3
1262 2446 1360 2509 itaet
1378 2463 1397 2508 a
1419 2442 1553 2509 Christo

222 2547 362 2639 proprio
381 2569 552 2628 sermone,
570 2553 605 2614 et
623 2547 825 2637 neutiquam
838 2548 1003 2634 figurato,
1021 2548 1153 2616 dictum
1179 2553 1227 2616 est
1245 2569 1253 2615 :
1270 2549 1329 2615 Hic
1347 2554 1396 2616 est
1415 2548 1555 2633 sanguis

223 2653 413 2722 meusnovi
427 2654 621 2722 testamenti
641 2660 704 2720 etc.
730 2681 745 2713 r
770 2653 886 2742 (Est.).

268 2784 300 2828 v.
318 2768 338 2829 9
356 2789 372 2823 «
391 2760 694 2851 Arceadrrantqtre
714 2763 848 2849 Moyses
863 2773 896 2827 et
909 2763 1036 2848 Aaron,
1055 2759 1179 2829 Nadab
1194 2775 1228 2828 et
1244 2761 1350 2847 Abia,
1373 2775 1405 2828 et
1417 2771 1555 2850 septua-

224 2868 325 2959 qtata
341 2867 382 2934 de
401 2868 589 2934 senioribus
602 2867 711 2934 Israel
730 2893 760 2950 »,
783 2867 936 2934 obsecuti
951 2866 1067 2934 divino
1082 2891 1115 2934 v.
1140 2874 1156 2934 1
1177 2867 1340 2935 mandato
1365 2867 1480 2956 (Cael).
1500 2872 1555 2934 lu-

225 2974 388 3042 tendebat
412 2979 528 3041 autem
552 2979 656 3057 Deus,
687 2979 762 3064 post
783 2973 898 3060 legem
925 2996 1001 3064 cap.
1028 2979 1128 3042 20-23
1158 2973 1291 3055 datam,
1323 2978 1553 3064 acceptatam,

225 3081 452 3148 instrumento
468 3081 706 3167 consignatam
720 3085 754 3171 et
768 3080 946 3166 sanguinis
966 3081 1159 3170 aspersione
1176 3081 1429 3163 confirmatam,
1450 3079 1554 3168 lloysi

224 3186 361 3254 tradere
376 3187 526 3267 tabulaS,
545 3209 633 3277 quac
647 3194 828 3253 manerent
839 3187 876 3252 in
889 3187 1123 3255 testimonium
1138 3195 1270 3277 aparte
1283 3186 1343 3254 Dei
1357 3186 1505 3254 foederis
1519 3187 1556 3252 in

225 3298 430 3383 perpetuum
449 3295 654 3361 confirmati.
671 3293 818 3360 Tabulae
839 3315 921 3360 vero
941 3293 1062 3360 decem
1079 3299 1342 3383 praeceptorum
1366 3293 1483 3362 efficax
1503 3295 1518 3360 i
1542 3331 1555 3344 -

225 3408 324 3466 turae
332 3407 430 3467 erant
441 3400 698 3481 documentum,
709 3405 842 3488 lloysen
851 3398 984 3489 reliqua
995 3401 1097 3467 etiam
1106 3399 1375 3468 mandataaDeo
1385 3400 1556 3488 accepisse

227 3506 361 3595 (Tusa).
381 3529 413 3572 v.
444 3513 484 3573 10
507 3533 523 3568 «
541 3509 586 3572 Et
602 3504 886 3573 uiderantlleum
912 3506 1020 3573 Israel
1040 3533 1069 3573 ».
1090 3508 1201 3573 Verba
1220 3512 1299 3574 sunt
1319 3508 1458 3574 omnino
1479 3528 1556 3596 per-

226 3614 343 3701 spicua
358 3634 365 3679 :
384 3612 469 3701 quid
483 3612 622 3702 prodest
637 3635 715 3680 cum
733 3611 852 3680 ttatt.
870 3612 1019 3680 seribere
1033 3612 1185 3701 pluriam
1199 3614 1276 3694 Dei,
1293 3619 1352 3680 aut
1363 3634 1441 3680 cum
1452 3614 1552 3697 LXX,

225 3716 350 3784 eattae
370 3718 492 3802 lactem,
516 3720 576 3785 abi
593 3720 792 3786 constiterat
806 3721 919 3785 Duas?
934 3719 1099 3786 Viderunt
1113 3724 1228 3786 autem
1245 3719 1378 3809 procul,
1401 3742 1473 3786 non
1492 3741 1554 3809 ap-

224 3825 495 3915 propinquantes
518 3826 563 3914 (v.
593 3825 640 3913 2).
665 3852 681 3886 α
707 3827 752 3891 Et
768 3827 829 3891 sub
842 3823 990 3913 pedibus
1005 3825 1078 3891 eius
1100 3825 1200 3914 quasi
1225 3847 1312 3915 opus
1330 3824 1456 3914 lapidis
1475 3847 1555 3914 sap·

220 3930 371 4020 plrr‘riui,
391 3942 424 3997 et
438 3933 540 4021 quasi
553 3931 701 4018 eoelum,
720 3954 798 3998 eum
813 3953 969 4000 serenum
983 3944 1033 3999 est
1053 3958 1083 3998 ›.›.
1103 3922 1181 3996 unt
1194 3953 1265 3998 non
1285 3937 1335 3998 est
1346 3931 1438 3998 idem
1453 3937 1556 4020 atque

227 4051 285 4127 qna·
302 4037 419 4127 (Vrtlp.
440 4037 529 4106 Glzal
539 4037 589 4124 t),
604 4061 693 4128 quae
705 4062 769 4105 vox
785 4040 945 4107 vociunu
961 4037 1165 4129 praefigitur
1178 4044 1232 4106 ΕΖ.
1249 4045 1327 4121 1,ἳὸ
1345 4045 1379 4105 et
1399 4042 1476 4122 to,1
1495 4036 1505 4127 (
1529 4037 1552 4103 t.

226 4146 474 4212 It'nabeabauer
485 4144 563 4233 ib).
581 4149 679 4212 Verte
697 4167 705 4212 τ
723 4146 825 4235 quasi
839 4168 923 4236 opus
937 4144 1130 4213 lateritium
1151 4168 1192 4210 ar
1206 4143 1382 4234 sappbico.
1404 4149 1557 4234 Appare-

225 4249 284 4314 bat
298 4272 381 4336 ergo
394 4250 630 4340 pavimentum
645 4252 794 4318 solidum
809 4251 882 4319 eius
896 4253 1043 4354 turmae,
1062 4253 1131 4317 acsi
1146 4273 1164 4317 e
1183 4251 1348 4319 lateribus
1362 4255 1448 4318 esset
1463 4273 1556 4316 com-

226 4361 381 4443 pactum,
397 4357 469 4423 eius
483 4358 618 4447 speciei,
633 4359 730 4448 quasi
740 4359 924 4450 sapphirus
937 4364 1023 4425 esset
1035 4363 1067 4424 et
1078 4357 1179 4446 prtasi
1189 4357 1299 4448 ipsum
1312 4355 1443 4424 coctura
1457 4355 1558 4424 clari-

227 4473 307 4528 tate.
324 4464 511 4553 Descriptio
526 4464 658 4555 prodit,
676 4467 786 4533 visum
806 4488 876 4533 esse
896 4471 1003 4533 Deum
1024 4465 1136 4531 forma
1156 4465 1307 4532 humana
1324 4463 1446 4554 (Lyn),
1462 4464 1558 4532 cuius

226 4575 317 4635 certe
337 4569 441 4658 pedes
461 4573 771 4662 conspiciebantur,
789 4572 965 4641 sedentem
984 4573 1018 4637 in
1035 4573 1171 4638 throno.
1190 4575 1305 4638 Utrum
1321 4592 1402 4637 vcro
1417 4576 1558 4639 truncus

225 4680 258 4741 ot
276 4675 420 4744 thronus
437 4700 518 4768 prae
539 4678 675 4766 fulgore
696 4686 757 4748 aut
778 4678 871 4747 nube
893 4677 1004 4745 videri
1024 4699 1093 4745 non
1111 4678 1301 4768 potuerint,
1319 4699 1364 4744 an
1389 4681 1490 4744 testes
1512 4678 1557 4744 ob

225 4785 450 4851 reverentiam
475 4784 519 4852 ab
547 4785 619 4853 illis
649 4785 883 4855 describendis
904 4783 1186 4875 temperaverint,
1212 4806 1282 4851 non
1307 4784 1427 4875 liquet.
1454 4807 1488 4850 v.
1517 4791 1555 4852 11
