3534 5384
219 369 279 427 ⁶252
618 381 762 427 sovosun
782 379 942 424 sscnoaou
964 379 1150 426 rnsrrrurro.

217 532 285 570 nero
300 532 361 582 cap.
383 519 467 568 itt-tt
488 518 646 578 traduntur,
667 519 793 569 revelata
816 530 878 568 esse
902 519 1055 582 postquam
1071 517 1197 580 Moyses„
1214 516 1309 568 divino
1332 513 1392 577 att
1419 513 1553 566 mandato

218 609 389 672 obsequens,
410 607 594 657 ascendisset.
612 607 648 656 At
657 611 766 656 nonest
783 605 926 656 sufficiens
936 608 1007 656 ratio
1016 606 1080 656 talis
1089 607 1257 656 inversionis
1268 603 1469 656 adstruendae.
1485 603 1553 654 Post

218 697 293 748 edita
305 696 437 746 mandata
446 709 507 759 cap.
523 694 608 746 tlt-23
620 695 710 754 Deus,
724 694 839 757 Moysen
849 694 1065 746 secumliabens
1078 695 1108 744 in
1120 696 1232 754 monte,
1245 693 1322 744 iubet
1338 693 1455 756 Moysen
1465 693 1552 742 redire

217 785 253 836 ad
269 799 300 836 se
314 798 378 835 cum
392 785 518 848 pluribus
536 785 612 843 aliis;
631 784 746 846 Moysen
764 784 791 834 id
806 785 950 848 praestare
966 796 1023 833 non
1039 785 1183 847 potuisse,
1201 785 1255 832 nisi
1278 784 1357 846 prius
1371 783 1550 842 descenderet,

218 887 268 937 per
283 887 314 924 sc
327 877 405 936 patet
420 873 539 937 ideoque
554 887 611 923 non
624 874 801 936 exprimitur.
821 875 871 933 st,
889 873 986 923 obiicit
1001 872 1106 933 bitin,
1123 873 1296 923 constructio
1310 879 1377 930 *itan
1392 878 1474 928 stum
1486 851 1551 927 but.

218 964 280 1013 loco
293 963 508 1012 constructionis
532 963 668 1026 planioris
681 967 757 1016 own
775 940 815 1017 bn·
830 967 939 1022 inuit,
957 960 1081 1012 ostendit
1102 973 1260 1011 sermonem
1277 960 1356 1022 ‘itus
1376 974 1433 1010 non
1448 959 1550 1010 indivi-

218 1053 274 1102 due
290 1051 406 1115 produci
420 1050 495 1111 atu,
520 1050 570 1101 sed
590 1050 690 1102 adesse
709 1050 910 1101 inversionem.
931 1051 1012 1100 Prius
1025 1049 1218 1108 concedimus,
1239 1051 1379 1114 posterius
1403 1061 1550 1112 negamus·

216 1140 358 1190 Mendetis
373 1143 401 1190 et
421 1139 654 1203 promissionibus
668 1138 749 1200 23,33
769 1139 915 1200 absolutis
930 1139 1006 1189 Deus
1028 1139 1164 1189 monitum
1182 1137 1259 1189 addit
1278 1139 1432 1202 respiciens
1449 1137 1551 1198 Moysis

217 1241 365 1280 ascensum
379 1229 508 1292 proximo
522 1231 708 1291 sequentem:
725 1241 760 1278 ea
773 1226 917 1278 sufficiens
930 1233 973 1278 cst
988 1229 1058 1278 ratio
1081 1227 1157 1277 illius
1169 1227 1385 1278 constructionis
1407 1227 1550 1290 explican-

217 1318 279 1369 dae.
295 1317 370 1380 Ergo
386 1319 446 1380 ipss
460 1317 668 1368 constructione
683 1317 792 1366 initium
806 1328 897 1368 novae
912 1318 1026 1367 maioris
1040 1318 1192 1380 pericopae
1207 1317 1353 1367 indicetur.

263 1484 346 1571 Cep.
371 1484 486 1549 XXIV
502 1504 534 1547 v.
557 1488 607 1548 1«
630 1481 745 1572 Moysi
764 1503 897 1571 quoquc
917 1481 1009 1548 dixit
1028 1503 1040 1549 :
1060 1480 1212 1550 Ascende
1231 1481 1278 1549 ed
1294 1481 1493 1563 Dominum,
1513 1495 1549 1549 tu

217 1601 249 1653 et
268 1592 399 1674 Aaron,
418 1587 540 1656 Nadab
554 1600 587 1653 et
601 1588 691 1654 Abiu
707 1615 742 1665 n,
759 1587 884 1676 quibus
901 1589 953 1654 uti
975 1595 1052 1670 28,1
1069 1590 1164 1656 Sem.
1182 1588 1342 1675 adiungit
1355 1587 1503 1655 Eleazar
1519 1601 1551 1656 et

217 1694 380 1778 ithamar,
411 1715 530 1761 omnes
559 1716 606 1760 sc.
637 1694 726 1760 filios
754 1700 869 1761 Aaron
898 1697 1023 1784 (63.3),
1048 1721 1064 1754 «
1089 1707 1122 1762 et
1146 1695 1369 1786 septuayinta
1391 1718 1486 1762 seties
1510 1719 1551 1762 es

217 1799 341 1884 lsrael,
363 1811 395 1866 et
413 1799 602 1867 adorabitis
622 1800 748 1890 procul
767 1827 798 1866 n.
824 1801 981 1868 affirmat
1003 1804 1059 1867 Ps.
1081 1804 1153 1868 lou.
1179 1802 1245 1868 hoc
1265 1801 1405 1868 effatum
1421 1803 1549 1869 iactum

219 1929 290 1974 esse
315 1936 330 1967 «
352 1907 408 1973 die
428 1909 573 1999 septimo
598 1908 723 1975 mensis
747 1935 762 1968 »
789 1909 898 1988 tertii,
921 1907 1017 1974 cuius
1035 1907 1125 1974 diem
1151 1907 1303 1997 primum
1325 1907 1462 1994 legebat
1478 1909 1550 1999 ipse

220 2019 296 2098 19,1
312 2036 320 2082 :
337 2013 419 2080 hinc
438 2003 593 2082 triduum⁸
611 2020 709 2095 19,11
728 2013 822 2080 ducit
837 2015 883 2080 ad
897 2013 986 2080 diem
1000 2018 1178 2103 quartum,
1196 2023 1229 2080 et
1239 2012 1385 2081 alterum
1396 2013 1550 2083 triduum

218 2119 264 2187 ad
275 2120 367 2187 diem
382 2121 577 2209 septimum.
589 2125 816 2187 assumuntur
830 2120 978 2188 seniores
993 2143 1063 2208 non
1078 2141 1208 2203 omneS,
1225 2121 1283 2187 sed
1296 2142 1440 2188 numero
1456 2143 1549 2188 sacro

217 2226 474 2292 universitatem
497 2225 699 2314 designante
720 2226 944 2316 septueqinto
964 2227 1004 2293 de
1027 2226 1180 2308 senibus,
1198 2227 1337 2293 nomine
1358 2229 1464 2293 totius
1485 2249 1548 2316 po·

216 2331 290 2420 puli
302 2339 377 2421 post
394 2331 535 2399 teritum
548 2331 671 2400 foedus
684 2333 856 2400 ascensuri
871 2333 916 2399 ad
932 2333 1113 2400 Dominum
1130 2339 1163 2400 et
1179 2334 1214 2400 in
1234 2333 1306 2400 eius
1319 2335 1547 2422 praesentiam

217 2437 433 2504 admittendi.
456 2437 490 2504 Si
504 2437 718 2519 memineris,
742 2461 831 2529 quae
850 2439 894 2506 ad
912 2444 992 2506 Gen.
1017 2445 1094 2522 tas
1111 2461 1185 2529 sqq.
1201 2439 1415 2522 dicebamus,
1433 2461 1549 2507 recen-

216 2544 284 2611 seri
306 2543 356 2609 ib.
379 2545 520 2610 nomina
542 2566 613 2610 non
635 2554 705 2612 tam
730 2567 866 2626 eorum,
884 2547 944 2634 qui
964 2550 1042 2612 actu
1062 2567 1140 2613 cum
1163 2547 1264 2614 Iacob
1283 2551 1478 2637 Aegyptum
1492 2545 1547 2612 in-

217 2649 326 2735 gressi
348 2649 431 2729 siut,
453 2650 513 2717 sed
529 2651 643 2741 capita
668 2651 899 2732 familiarum,
922 2673 1011 2741 quae
1031 2675 1070 2718 ex
1095 2655 1167 2719 eius
1190 2653 1318 2719 lumbis
1338 2652 1545 2743 prodierint,

215 2756 244 2823 si
258 2755 427 2840 advertas,
438 2756 547 2823 insisti
562 2756 610 2823 ih.
626 2779 658 2823 v.
672 2763 717 2823 27
729 2779 875 2825 numero
891 2758 1112 2848 septunqinte
1127 2757 1267 2830 illorum
1281 2760 1436 2826 virorum
1450 2781 1549 2849 :pro-

220 2861 333 2929 babile
357 2863 528 2931 iudicabis
556 2865 776 2954 septuaginta
802 2865 837 2931 h.
866 2864 890 2932 l.
920 2864 1071 2932 seniores
1090 2871 1241 2956 sumptos
1259 2887 1330 2932 esse
1356 2865 1549 2952 singulose

216 2968 362 3055 siugulis
376 2970 514 3036 familiis
529 2973 609 3036 Gen.
628 2975 670 3036 to
685 2971 869 3038 recensitis.
892 2971 939 3038 Cf.
961 2977 1058 3056 tant
1079 2979 1112 3038 et
1127 2973 1231 3038 etiam
1247 2977 1346 3038 Num.
1364 2979 1477 3055 tato.
1491 2979 1547 3040 ⁶25.

216 3082 443 3142 Assumuntur
458 3079 576 3142 Aaron
595 3089 628 3142 et
643 3076 730 3166 filii,
750 3076 943 3144 sacerdotes
958 3077 1180 3148 consecrandi
1193 3079 1341 3166 ideoque
1356 3079 1467 3165 magis
1482 3084 1549 3145 Deo

216 3181 405 3248 familiares
428 3183 510 3271 ipsis
530 3182 668 3249 senibus
694 3184 812 3250 futuri.
841 3207 874 3249 v.
897 3190 918 3250 2
941 3211 958 3244 o
979 3184 1148 3274 Solusque
1169 3187 1302 3274 Moyses
1320 3183 1482 3252 ascendet
1503 3183 1551 3250 erl

217 3288 402 3354 Dominum
419 3315 451 3369 »‚
477 3329 522 3340 -
536 3290 596 3356 sed
615 3289 742 3379 reliqui
758 3295 868 3357 textus
882 3289 1187 3380 appropinquabit,
1210 3313 1279 3380 quo
1296 3291 1401 3358 verbo
1417 3291 1550 3358 tollitur

217 3417 387 3484 apparens
402 3395 495 3461 inter
509 3417 539 3462 v.
562 3404 578 3463 1
600 3402 633 3462 et
655 3403 676 3461 2
698 3395 940 3480 contradictio,
959 3397 1058 3486 quasi
1073 3397 1226 3464 seniores
1244 3398 1428 3464 ascendere
1447 3399 1549 3464 simul

217 3507 250 3568 et
271 3523 340 3567 non
365 3502 547 3568 ascendere
573 3500 759 3570 iubeantur
779 3541 824 3553 -
846 3531 862 3565 u
889 3515 922 3568 et
947 3502 1090 3570 illinon
1118 3503 1468 3594 appropinquabunt;
1487 3527 1548 3570 nec

210 3607 363 3698 populus
377 3607 536 3674 ascendet
554 3629 632 3674 cum
651 3631 690 3675 eo
711 3637 726 3668 ι)
749 3631 825 3690 seu,
843 3608 937 3698 quod
954 3611 989 3674 in
1004 3609 1096 3676 idem
1108 3609 1246 3690 recidit,
1263 3609 1397 3678 cumeis
1415 3610 1546 3699 (LXX).

218 3741 234 3775 u
256 3713 337 3780 Vide
356 3712 591 3802 disparitatem
613 3735 621 3781 :
644 3716 792 3805 populus
813 3737 875 3782 nec
899 3717 1156 3806 appropinquat
1170 3739 1232 3783 nec
1250 3717 1418 3799 ascendit3
1436 3723 1549 3784 Aaron

176 3825 184 3840 ’
215 3826 249 3887 et
258 3819 475 3909 septuaginta
485 3843 581 3887 senos
591 3821 941 3911 ascenduntquidem
954 3822 1095 3889 sednon
1108 3824 1408 3913 appropinquant;
1423 3828 1550 3912 Moyses

216 3931 378 3994 autemet
391 3928 587 3994 ascenditet
606 3931 863 4019 appropinquat
886 3957 901 3992 n
924 3928 1041 4018 (cais.
1069 3933 1195 4012 Unum,
1219 3929 1313 4020 quod
1332 3929 1388 3998 hic
1401 3930 1551 3997 traditur

218 4032 435 4116 mandatum,
456 4036 642 4102 successive
670 4041 789 4124 postea
812 4036 1017 4103 exsecutioni
1037 4037 1221 4102 mandatur
1243 4035 1308 4119 ita,
1336 4041 1373 4102 ut
1396 4037 1548 4126 primum

219 4162 249 4204 v.
271 4145 350 4206 3-11
367 4144 492 4227 Moyses
504 4163 581 4207 cum
592 4142 784 4210 senioribus
798 4143 976 4221 ascendat,
994 4141 1132 4209 sednon
1149 4142 1415 4233 appropinquet,
1432 4149 1551 4232 postea

217 4244 308 4311 solus
331 4267 467 4313 rursum
489 4252 523 4313 et
544 4248 704 4315 ascendat
723 4257 756 4317 et
782 4248 1049 4339 appropinquet.
1072 4255 1140 4315 v.3
1162 4276 1179 4311 e
1206 4248 1305 4316 Venit
1323 4273 1401 4340 erqo
1416 4253 1551 4338 Moyses

218 4361 250 4416 et
270 4351 424 4418 narravit
444 4353 539 4441 plebi
558 4356 674 4422 omitia
696 4355 795 4423 cerba
819 4355 961 4422 Domini
986 4367 1091 4444 utque
1113 4355 1244 4421 iudicia
1267 4385 1301 4436 n,
1324 4379 1397 4446 cap.
1423 4363 1547 4431 noea:

221 4485 236 4517 «
257 4456 499 4548 responditque
518 4461 628 4528 omnis
644 4463 794 4553 populus
813 4485 884 4529 une
901 4483 978 4527 uoce
998 4482 1011 4524 .·
1032 4461 1150 4528 omnio
1165 4465 1267 4529 verbo
1286 4463 1437 4546 Domini,
1461 4485 1550 4552 quoe

219 4562 352 4629 locutus
376 4577 439 4647 est,
464 4566 631 4655 sociemus
655 4597 684 4638 ».
713 4573 805 4636 LXX
823 4582 855 4636 et
883 4567 1065 4634 uttdt'entus
1083 4569 1106 4635 i.
1131 4591 1162 4636 c.
1190 4569 1318 4636 crimen·
1338 4569 1546 4650 obedientes,

217 4671 266 4736 uti
280 4694 312 4735 v.
330 4679 366 4751 7;
389 4673 547 4740 similiter
560 4677 636 4763 Syr.
649 4697 663 4758 ‚·
685 4677 746 4744 ubi
759 4677 802 4743 cf.
821 4679 913 4764 Auq.

263 4803 280 4839 «
301 4783 482 4867 Postquam
496 4782 642 4870 populus
656 4806 692 4850 se
712 4785 868 4872 accipere
885 4783 998 4868 legem
1017 4781 1075 4848 Dei
1091 4784 1265 4872 professus
1279 4787 1345 4866 est,
1363 4783 1400 4850 in
1414 4783 1551 4852 tabulas
