3534 5384
786 439 833 481 nx.
858 422 931 493 2le
954 438 1019 490 soa.
1506 425 1564 486 aaa

235 570 418 636 uncinulos
438 593 575 653 aureos,
593 583 625 637 ιι
647 571 766 660 iunqes
787 571 959 637 cortinam
983 593 1088 637 tinam
1106 571 1209 638 alteri
1226 572 1416 659 uncinulta,
1441 587 1478 640 ιιι
1500 575 1564 663 fiat

233 675 469 763 babitaculum
482 699 600 745 tinum.

689 849 717 896 2.
738 846 927 894 Tabcmaculum
940 849 990 894 Ea.
1008 849 1111 907 cop-13.

277 1009 360 1096 Arq.
378 1045 423 1057 -
442 1006 532 1073 iilud
557 1005 754 1073 habitaculo
775 1006 1045 1096 superminebat.
1069 1006 1259 1075 Cortinaee
1278 1007 1357 1100 pilis
1378 1030 1560 1098 caprarum

234 1113 387 1205 quinque
401 1119 435 1180 et
452 1135 508 1179 sex
526 1113 563 1178 in
585 1112 655 1179 duo
679 1113 830 1202 disparia
849 1113 1086 1201 iungebantur
1102 1117 1233 1204 tapeta,
1257 1136 1346 1203 quae
1364 1114 1492 1182 ansulis
1509 1137 1565 1182 ae·

233 1221 373 1310 neisque
397 1219 530 1287 uncinis
545 1217 778 1305 iungebantur
791 1226 825 1286 et
840 1241 945 1309 super
963 1224 1079 1309 tapeta
1097 1220 1236 1306 byssina
1252 1221 1377 1309 partim
1392 1220 1566 1311 depende·

235 1328 330 1394 bant.

279 1457 311 1500 v.
330 1440 350 1498 *1
368 1462 383 1495 ιι
406 1433 525 1500 Facies
544 1445 577 1498 ιι
591 1454 677 1521 caqa
701 1431 843 1498 cilicina
862 1431 1023 1498 undecim
1041 1445 1074 1516 »,'
1096 1433 1179 1500 dum
1204 1457 1236 1501 v.
1261 1441 1277 1501 1
1299 1434 1417 1500 decem
1431 1438 1565 1500 tantum

234 1539 385 1607 cortinae
400 1539 557 1626 byssinae
571 1538 836 1618 mandabantur,
854 1567 870 1599 ιι
883 1536 932 1605 ad
940 1538 1162 1627 operiendum
1176 1552 1300 1606 tectum
1318 1539 1531 1608 tabernaculi
1546 1569 1561 1602 u

234 1683 276 1695 -
299 1647 400 1712 Hebr.
424 1668 438 1712 .·
457 1645 496 1712 in
519 1643 779 1712 tabernaculum
801 1667 907 1734 supra
930 1643 1177 1712 babitaculum.
1202 1651 1364 1713 Futurum
1382 1648 1473 1713 enim
1491 1653 1563 1714 erut

234 1751 495 1819 tabernaculum
513 1751 700 1818 tentorium
719 1751 894 1842 quoddam
915 1773 1019 1840 super
1041 1751 1276 1819 habitaculum
1301 1753 1467 1820 eminens.
1487 1776 1519 1820 v.
1544 1759 1563 1820 8

237 1888 253 1920 ιι
269 1855 463 1946 Lanqitudo
477 1857 557 1947 caqi
574 1857 677 1924 unius¹
693 1855 830 1924 babebit
845 1857 988 1947 triqinta
1006 1857 1153 1940 cubitat,
1172 1869 1205 1925 et
1219 1857 1365 1925 latitudo
1384 1871 1534 1948 quatuor
1551 1881 1562 1926 .·

233 1987 346 2053 aequa
365 1964 430 2031 erit
449 1986 609 2031 nceruura
622 1987 785 2054 saporum
805 1964 961 2030 omnium
977 1991 1004 2030 ».
1030 1968 1121 2042 Quae
1136 1964 1272 2032 duobus
1284 1965 1407 2032 cubilis
1421 1966 1563 2034 excede-

232 2071 317 2139 bant
334 2070 589 2158 longitudinem
606 2071 818 2138 cortinarum
844 2068 1076 2158 byssinarum.
1099 2094 1130 2136 v.
1156 2077 1175 2136 9
1193 2098 1209 2132 ιι
1227 2073 1257 2138 Ε
1272 2071 1396 2160 quibus
1410 2072 1564 2162 quinque

233 2176 354 2267 iunqes
372 2199 540 2258 seorsum,
556 2190 590 2244 et
601 2199 662 2244 sec
684 2176 751 2243 sibi
768 2189 887 2242 mortuo
909 2176 1106 2267 copulabis,
1124 2177 1173 2244 ita
1187 2187 1225 2243 ut
1238 2189 1372 2244 sentum
1390 2200 1513 2266 sapiam
1527 2178 1564 2244 in

232 2284 348 2372 fronte
364 2284 445 2351 tecti
466 2313 482 2347 »
506 2322 551 2334 —
572 2283 675 2350 Hebr.
693 2283 910 2350 tabernaculi
928 2321 972 2332 -
991 2309 1007 2346 u
1027 2282 1229 2374 duplices».
1250 2305 1283 2352 v.
1306 2291 1346 2350 10
1366 2311 1382 2346 u
1402 2283 1519 2351 Facies
1532 2297 1563 2350 ιι

233 2390 489 2480 quinquaqinta
502 2411 602 2456 ansas
620 2389 658 2455 iu
674 2411 733 2455 ora
747 2390 826 2480 saqi
845 2391 967 2472 uidua,
988 2402 1024 2455 ut
1040 2389 1207 2479 coniunqi
1222 2411 1299 2456 cum
1318 2389 1426 2458 altero
1441 2402 1565 2480 quect;

234 2510 265 2563 et
282 2497 539 2586 quinquaqinta
553 2518 655 2564 ansas
667 2496 704 2562 in
717 2517 776 2561 cra
791 2496 869 2585 caqi
888 2495 1033 2562 alteriue
1041 2549 1051 2580 ,
1070 2508 1111 2562 ut
1126 2518 1202 2562 cum
1214 2496 1322 2562 altero
1339 2498 1516 2586 copuletur
1532 2527 1561 2564 ».

233 2627 265 2673 v.
294 2611 332 2671 11
361 2632 377 2665 ιι
403 2605 519 2670 Facies
540 2614 573 2669 et
596 2601 852 2692 quinquaqinta
873 2601 1000 2692 fibulas
1019 2625 1142 2669 aeneas
1165 2629 1182 2664 ι)
1202 2639 1247 2652 -
1266 2601 1413 2670 circulos
1431 2602 1487 2671 vel
1500 2626 1566 2670 un·

234 2710 380 2792 cinulos,
402 2748 447 2760 -
472 2737 488 2770 ιι
513 2708 637 2798 quibus
661 2709 854 2797 iunqantur
886 2731 1010 2790 ansae,
1027 2721 1066 2775 ut
1091 2731 1200 2775 tentem
1223 2731 1265 2774 en
1284 2707 1442 2775 omnibus
1457 2711 1566 2799 operi-

235 2831 386 2884 mentum
405 2844 421 2876 »
436 2819 589 2883 -Hebr
607 2816 864 2882 tabernaculum
882 2843 959 2877 -ιι
974 2815 1038 2904 fiat
1059 2843 1089 2882 ».
1107 2839 1139 2882 v.
1161 2820 1202 2881 12
1222 2843 1238 2876 ιι
1258 2813 1359 2896 Quod
1377 2826 1492 2881 autem
1510 2838 1565 2882 cu-

233 2925 403 3013 perfuerit
426 2923 464 2988 in
482 2922 593 3012 saqis,
616 2929 717 3012 [quae
729 2923 914 3012 parantur]
935 2933 1036 3008 tecta,
1057 2921 1093 3006 [i.
1116 2923 1159 3008 a]
1190 2941 1296 2988 antem
1315 2942 1456 3011 capum,
1473 2922 1568 3012 quod

236 3030 383 3119 amplius
397 3042 455 3114 est,
473 3052 515 3096 ea
523 3027 704 3094 medietate
715 3028 788 3094 eius
805 3027 1133 3118 operiecposteriora
1146 3025 1361 3094 tabernaculi
1373 3053 1404 3094 n.
1425 3030 1529 3094 Hebr.
1553 3050 1564 3095 :

239 3135 337 3218 Quod
358 3147 473 3202 autem
497 3134 664 3224 dependet
684 3134 934 3224 seqicrsluitatis
950 3156 1112 3224 saqorum
1132 3131 1346 3200 tabernaculi
1364 3155 1376 3198 .·
1396 3140 1445 3200 est
1463 3156 1564 3223 prae-

236 3245 318 3313 latio
334 3244 451 3332 aliqua
465 3242 509 3309 ad
528 3242 701 3330 reliquum
715 3263 747 3307 v.
768 3246 809 3306 12
824 3246 857 3307 et
874 3240 968 3308 adv.
989 3247 1029 3308 13
1046 3279 1090 3292 -
1109 3239 1297 3306 dimidium
1309 3241 1389 3328 saqi
1399 3240 1566 3330 superflui

237 3348 549 3442 dependebitsuper
560 3349 751 3439 prosteriora
770 3347 969 3414 habitaculi.
991 3352 1077 3414 Nota
1095 3368 1219 3414 vocum
1233 3344 1297 3420 inu
1317 3351 1350 3412 et
1369 3368 1458 3447 pun
1482 3369 1565 3414 con·

235 3467 327 3525 stans
344 3455 539 3523 discrimen.
560 3478 593 3520 v.
614 3460 654 3521 13
672 3480 688 3513 «
709 3456 755 3520 Et
773 3452 907 3520 cubitus
922 3477 963 3520 ea
982 3475 1052 3521 una
1064 3465 1167 3544 parte
1178 3451 1358 3541 pendebit,
1376 3465 1408 3519 et
1422 3453 1510 3519 alter
1524 3475 1566 3519 ιι

235 3565 360 3647 altera,
379 3562 442 3653 qui
452 3562 536 3652 plus
557 3559 658 3627 estin
675 3582 837 3651 saporum
854 3559 1088 3649 lonqitudine‚
1105 3571 1287 3648 utrumque
1302 3559 1391 3626 latus
1407 3562 1566 3628 taberna-

236 3670 307 3738 culi
320 3681 504 3761 proteqem
527 3694 557 3734 ».
582 3669 683 3733 Hebr.
701 3688 714 3733 .·
728 3670 773 3734 Ει
788 3667 921 3734 cubitus
944 3666 997 3733 liic
1016 3679 1050 3733 et
1069 3665 1203 3732 cubitus
1216 3664 1265 3732 ibi
1280 3664 1322 3732 dc
1338 3687 1395 3747 ec,
1411 3665 1506 3757 quod
1518 3678 1567 3732 est

236 3777 447 3867 cirperslrcurii
461 3776 498 3841 in
519 3773 734 3862 lonqitudine
755 3773 983 3860 tabernaculi,
1003 3772 1068 3840 erit
1086 3783 1245 3839 anteusus
1259 3793 1361 3862 super
1380 3773 1489 3840 latera
1503 3770 1566 3838 lia·

237 3883 379 3950 bitaculi
394 3882 474 3949 ltine
489 3892 522 3946 ιι
536 3880 651 3965 illinc,
669 3880 718 3946 ad
730 3902 770 3946 ea
784 3879 947 3969 teqcnda.

272 4056 431 4108 Secundum
450 4067 498 4115 ca,
515 4067 586 4118 quac
605 4067 632 4103 v.
650 4053 696 4103 1-6
716 4053 855 4116 explicata
873 4059 955 4110 sant,
973 4057 1017 4102 sat
1036 4051 1119 4102 iat-ilc
1139 4051 1208 4101 hacc
1227 4049 1424 4113 intelliguntur
1442 4051 1566 4113 exceptis

235 4146 282 4205 iis,
297 4143 411 4208 quaen.
426 4143 444 4192 1.
460 4143 494 4193 do
512 4141 697 4208 superfluitate
716 4155 842 4205 saporum
856 4141 1007 4192 adduntur.
1026 4141 1071 4191 Sc.
1087 4153 1156 4202 saga
1175 4139 1283 4189 ambitu
1298 4137 1427 4188 nonnihil
1447 4137 1566 4188 excedo-

235 4234 302 4284 bani
318 4245 380 4292 cas,
396 4232 498 4295 quibus
511 4230 819 4294 superimponebantur,
836 4231 968 4280 cortinae.
985 4228 1182 4292 Longitudinis
1201 4233 1282 4278 erant
1301 4239 1358 4276 non
1377 4227 1476 4289 viginti
1491 4229 1563 4286 octo,

235 4322 284 4373 scd
303 4323 420 4383 triginta
438 4321 608 4379 cubitorum,
627 4331 695 4382 crgo
714 4319 749 4369 ab
768 4324 886 4383 utroque
906 4319 1009 4379 latere,
1030 4319 1078 4368 ubi
1097 4318 1222 4367 cortinae
1249 4320 1352 4366 terrain
1376 4315 1564 4379 attingebant,

235 4412 320 4462 cubiti
334 4409 510 4473 longitudine
528 4407 592 4459 illae
610 4407 784 4459 excedebant
798 4413 827 4458 at
841 4409 955 4472 penitae
969 4407 1139 4469 obtegebant
1156 4407 1192 4468 (v.
1211 4404 1263 4472 13).
1281 4403 1433 4456 Praeterea
1447 4404 1566 4454 alterum

234 4511 367 4564 sagorum
386 4502 510 4561 tapetum
529 4510 586 4546 non
602 4496 726 4560 quinque
749 4497 799 4546 sed
812 4511 863 4548 sex
882 4496 1030 4547 constabat
1046 4496 1137 4558 sagis,
1150 4493 1206 4544 duo
1225 4497 1320 4558 tapeta
1338 4494 1421 4543 simul
1440 4492 1566 4543 latitudi-

235 4601 300 4641 nem
320 4587 477 4638 efficiebant
496 4599 553 4636 non
574 4585 759 4649 quadraginta
781 4585 830 4636 sed
851 4585 1176 4649 quadragintaquatuor
1194 4582 1361 4633 cubitorum.
1383 4581 1464 4630 iubet
1485 4593 1514 4629 r.
1535 4581 1565 4630 i‘i

235 4680 296 4728 eius
308 4689 439 4727 excessus
454 4674 597 4724 dimidiam
617 4679 740 4736 partein,
756 4674 913 4725 latitudinis
928 4673 1044 4722 duorum
1060 4672 1226 4732 cubitorum,
1241 4671 1395 4734 posteriora
1415 4669 1565 4718 habitaculi

236 4767 358 4830 operire,
372 4778 429 4814 non
454 4765 511 4814 iota
534 4763 645 4826 utique,
662 4776 727 4813 nam
748 4763 784 4813 ad
805 4762 832 4812 id
852 4763 914 4825 sagi
935 4773 1066 4811 excessus
1086 4772 1143 4809 non
1163 4761 1223 4810 erat
1243 4759 1325 4818 saite,
1340 4757 1424 4821 idque
1443 4753 1565 4806 officium

236 4856 297 4906 aino
312 4855 396 4905 dubio
411 4851 592 4918 praestabant
605 4851 693 4916 polica
712 4865 738 4901 r.
764 4851 804 4901 it.
819 4850 899 4901 iubet
918 4862 1001 4912 porro
1023 4861 1050 4898 v.
1071 4849 1086 4896 b
1107 4848 1224 4899 alteram
1244 4845 1389 4897 dimidiam
1408 4845 1565 4910 partemin
