3534 5384
256 355 294 412 te
714 364 823 410 uorsts
845 365 924 408 acri
945 365 977 407 m
999 364 1146 409 inurere.

252 502 328 586 illo,
352 501 445 590 quod
462 499 634 581 abundat,
656 491 686 568 h
709 498 905 585 defigurato
923 520 964 562 ex
988 487 1051 562 nn‘r
1070 497 1126 565 vel
1145 497 1264 564 similis
1282 498 1412 565 formae
1429 499 1590 564 nomine?

257 636 273 670 α
294 609 341 674 Hi
354 619 434 673 sum
446 605 620 696 principes
633 604 857 694 familiarum
869 604 1100 671 leviticarum
1106 625 1172 695 per
1181 604 1402 694 coqnatc'ones
1415 626 1496 670 suas
1511 632 1542 670 ».

296 715 448 782 Tandem
459 713 602 780 solemni
616 712 763 802 stropha
778 713 940 778 elenchus
955 712 1139 792 clauditur,
1152 733 1241 800 quae
1256 711 1392 777 orditur
1406 733 1426 778 a
1439 711 1591 777 formula

252 825 320 888 Iste
334 835 383 888 est
398 823 515 888 Aaron
530 833 561 886 et
578 822 723 909 Moyses,
735 823 769 886 ct
786 817 959 885 concludit
969 818 1117 885 formula
1129 822 1196 885 Istc
1210 819 1398 906 estMoyses
1412 829 1446 883 et
1459 820 1587 901 Aaron,

253 929 303 996 ihi
315 934 448 995 Aarone
459 928 502 994 ob
516 925 649 1011 aetatis,
666 926 723 992 hic
738 930 846 1013 Moyse
856 925 902 993 ob
916 925 1095 1012 dignitatis
1108 926 1297 1014 primatum
1305 923 1451 991 ducente
1461 945 1590 1010 agmen

256 1038 363 1124 (Aben
381 1033 498 1120 Esra),
514 1033 732 1122 celebratque
747 1031 854 1112 virae,
871 1031 932 1121 qui
947 1032 1046 1098 exodi
1058 1030 1292 1098 mandatuma
1312 1035 1379 1097 Deo
1399 1031 1593 1119 acceperint

255 1149 288 1208 et
308 1163 424 1208 coram
459 1141 635 1208 Pharaone
660 1139 826 1208 audacter
846 1139 1067 1229 protulerint.
1089 1161 1122 1205 v.
1152 1143 1195 1204 26
1218 1167 1233 1199 α
1254 1139 1320 1203 lste
1342 1150 1390 1204 est
1413 1140 1531 1204 Aaron
1560 1148 1593 1204 et

254 1253 403 1338 llayses,
422 1248 545 1338 quibas
556 1245 737 1337 praecepit
756 1245 939 1329 Dominus,
961 1256 999 1311 nt
1016 1244 1197 1312 educerent
1213 1244 1306 1332 filios
1321 1245 1429 1311 lsrael
1441 1243 1482 1311 de
1500 1255 1592 1310 terra

255 1355 406 1445 Aepypti
421 1377 488 1446 per
508 1367 637 1421 turmas
654 1375 734 1419 snas
760 1379 790 1419 n.
812 1352 859 1420 uf.
882 1358 953 1433 7‚t.
977 1375 1010 1419 v.
1032 1357 1074 1418 27
1101 1379 1117 1414 «
1138 1350 1187 1417 Hi
1208 1364 1304 1432 sant,
1322 1350 1384 1442 qai
1403 1351 1593 1440 loquemtar

256 1463 303 1530 ad
315 1461 530 1529 Pharaonem
546 1483 660 1550 repam
674 1458 837 1550 Aepypti,
856 1471 895 1525 at
910 1458 1059 1526 educant
1066 1457 1159 1547 filios
1174 1456 1281 1524 Israel
1289 1456 1331 1524 de
1343 1459 1500 1546 Aeqypto
1521 1486 1592 1517 1-

255 1572 351 1637 Sam.
368 1571 459 1636 LXX
468 1569 547 1659 Syr.
568 1568 609 1635 de
629 1579 719 1633 terra
735 1565 898 1656 aeqypti.
919 1593 935 1626 «
954 1566 1018 1632 Iste
1032 1577 1082 1632 est
1099 1565 1233 1652 Moyses
1250 1577 1282 1630 et
1296 1565 1414 1630 Aaron
1431 1591 1460 1626 ».
1477 1565 1592 1630 Merito

255 1682 350 1744 notat
372 1677 450 1758 Mn,
474 1675 540 1742 hoc
563 1675 757 1742 encomium
782 1694 851 1739 non
872 1671 1009 1761 abipso
1027 1677 1151 1759 Moyse,
1172 1670 1233 1738 sed
1253 1670 1297 1738 ab
1317 1676 1456 1739 auctore
1471 1693 1591 1736 recen·
1636 1679 1641 1688 ’

256 1783 342 1850 tiore
361 1781 530 1849 conscribi
553 1780 726 1862 debuisse;
747 1779 790 1846 ab
817 1779 936 1846 eodem
956 1779 1011 1844 vel
1029 1778 1073 1844 ab
1093 1778 1162 1845 alio
1185 1777 1376 1845 recentiore
1390 1783 1480 1844 totus
1500 1778 1592 1844 elen-

255 1890 337 1956 chus
351 1890 498 1956 insertus
515 1893 575 1955 est.
593 1910 625 1953 u.
644 1892 687 1953 28
710 1913 726 1948 ι(
745 1888 786 1953 ln
808 1885 878 1969 die,
898 1907 967 1974 qna
987 1885 1117 1952 lacertus
1137 1898 1186 1952 est
1202 1883 1369 1951 Dominus
1389 1883 1437 1950 ad
1451 1887 1590 1975 Moysen

255 1995 292 2062 in
321 2007 412 2062 terra
435 1994 588 2084 Aeqypci
611 2022 627 2056 »
644 2031 690 2044 -
714 1992 758 2062 de
782 1993 848 2058 hoc
872 1991 1038 2079 asyndeto
1060 1992 1152 2075 vide,
1173 2013 1262 2081 quae
1286 1997 1365 2058 ante
1379 2014 1414 2057 v.
1440 1996 1480 2056 13
1500 1990 1593 2056 dico-

257 2103 388 2168 bamus.

584 2259 717 2320 Eloquium
734 2259 815 2306 Iahve
831 2260 864 2305 ad
880 2260 960 2306 solum
976 2258 1082 2319 Moysen
1096 2258 1267 2310 cautinum.

235 2413 239 2420 ’
301 2443 333 2486 ν.
357 2426 399 2486 29
417 2447 432 2480 «
449 2421 494 2485 Et
508 2419 642 2486 locatas
656 2431 705 2484 est
719 2419 889 2484 Dasianus
904 2417 952 2483 ad
962 2419 1106 2507 Moysen
1119 2416 1234 2484 dicens
1249 2440 1262 2483 .·
1272 2419 1347 2507 Epo
1359 2417 1529 2483 Dominus
1548 2447 1564 2478 n
1582 2441 1589 2482 :

137 2573 141 2582 Α
257 2566 301 2577 -
316 2527 381 2593 hac
396 2525 547 2592 formula
561 2527 655 2614 prior
669 2523 727 2591 Dei
741 2525 851 2591 oratio
862 2523 1134 2591 concludebatur
1152 2547 1185 2590 v.
1205 2530 1238 2590 2.
1256 2531 1288 2592 6.
1308 2529 1348 2606 8;
1371 2546 1410 2591 ea
1423 2522 1594 2590 desidera-

258 2641 315 2699 tur
329 2657 360 2699 v.
381 2638 434 2714 11,
452 2633 514 2722 qui
527 2637 642 2698 tamen
657 2654 728 2698 non
743 2637 791 2698 est
810 2629 876 2698 nisi
891 2630 999 2696 nostri
1013 2653 1046 2695 v.
1066 2636 1109 2696 29
1133 2629 1292 2720 repetitio
1312 2652 1389 2698 eam
1408 2630 1593 2696 formulam

259 2738 432 2822 habentis;
449 2761 481 2806 v.
503 2745 522 2804 5
543 2739 688 2806 eandem
705 2738 895 2807 formulam
915 2736 1123 2826 adscriptam
1143 2737 1250 2807 habet
1263 2759 1342 2805 cum
1357 2735 1508 2825 quadam
1523 2759 1595 2802 am·

257 2845 478 2936 plificatione.
502 2849 591 2931 Ergo
609 2852 756 2935 utraque
780 2844 898 2912 divina
914 2844 1024 2910 oratio
1045 2850 1176 2927 6‚2-7,5
1197 2865 1238 2911 ea
1250 2843 1402 2911 formula
1415 2848 1593 2931 tamquam

258 2953 375 3019 divino
391 2951 506 3038 sigillo
519 2957 672 3020 ornatur.
687 2989 732 3004 ·-
752 2979 767 3012 u
788 2949 924 3040 loquere
941 2949 989 3016 ad
1002 2950 1215 3017 Pharaonem
1230 2973 1346 3040 repam
1357 2949 1507 3040 Aepypti
1522 2973 1594 3015 om-

258 3059 334 3140 m'a,
353 3081 441 3147 qnae
457 3080 519 3149 eqo
535 3058 656 3148 loquor
671 3057 735 3124 tihi
752 3085 781 3124 n.
799 3079 831 3124 v.
853 3063 927 3123 30«
944 3059 990 3123 Et
1008 3058 1057 3124 ait
1068 3060 1201 3147 Moyses
1220 3079 1335 3123 eoram
1349 3056 1496 3123 Domino
1512 3077 1524 3121 .·
1539 3059 1595 3122 En

257 3164 516 3232 incircumcisas
531 3164 633 3231 labiis
644 3186 739 3246 sam,
752 3162 922 3254 qnoneodo
935 3163 1056 3231 arediet
1069 3186 1122 3231 me
1137 3164 1298 3231 Pharao?
1311 3191 1328 3225 n
1341 3162 1380 3230 lli
1394 3163 1464 3230 duo
1478 3185 1596 3230 versus

257 3276 419 3361 repetunt
435 3294 468 3337 v.
493 3277 595 3337 10-12
615 3271 660 3360 (v.
678 3294 714 3361 p.
733 3275 798 3356 75).

305 3381 388 3466 Cap.
408 3379 471 3444 Vll
482 3401 514 3442 v.
534 3384 582 3443 1«
600 3375 766 3468 Dicitque
778 3379 945 3445 Dominus
956 3376 1004 3443 ael
1021 3380 1163 3466 Moysen
1180 3406 1216 3460 n,
1229 3377 1438 3467 respondens
1457 3377 1502 3444 ad
1515 3383 1594 3459 (hii

261 3484 352 3550 dicta
368 3489 402 3549 et
418 3479 677 3572 6,30rcpetita:
698 3513 714 3547 «
733 3488 821 3552 Eece
837 3484 1003 3552 constitui
1019 3497 1051 3549 te
1070 3483 1172 3550 elecem
1182 3484 1373 3551 Pharaonis·
1391 3512 1420 3550 s.
1440 3513 1455 3544 «
1475 3489 1595 3562 Quem-

259 3589 447 3656 admodum
469 3594 555 3657 Deus
569 3589 765 3679 imperabat
789 3593 904 3679 Moysi,
930 3590 980 3658 ita
1005 3596 1129 3680 Moyses
1148 3591 1213 3681 ipsi
1238 3592 1449 3658 Pharaoni»
1476 3588 1594 3676 (Theo-

260 3696 389 3776 doret„
403 3697 462 3762 ubi
472 3719 535 3786 pro
553 3699 673 3785 Ἀαρών
689 3699 823 3784 corrigo
840 3699 987 3786 ί1)αιροιώ);
1005 3724 1021 3758 «
1034 3719 1215 3787 nonquam
1226 3698 1285 3764 ille
1298 3697 1448 3763 fideliter
1461 3697 1592 3768 adoret.

260 3804 320 3870 sed
334 3803 505 3869 serviliter
515 3803 634 3868 timeat
646 3804 847 3893 punientem
867 3833 882 3865 n
901 3803 1028 3894 (Lep).
1047 3834 1062 3864 «
1079 3809 1304 3894 Nequaquam
1314 3802 1378 3869 tibi
1391 3803 1596 3869 metuendus

258 3916 308 3977 est
324 3909 457 3977 Pharao
475 3932 482 3976 ε
504 3908 643 3976 decrevi
664 3909 835 3999 siquidem
856 3911 921 3977 tihi
939 3911 1024 3977 dare
1044 3933 1083 3976 ac
1098 3912 1205 3977 etiam
1222 3910 1312 3977 daho
1327 3915 1461 3976 tantam
1477 3916 1593 3976 aucto-

257 4018 393 4083 ritatem
408 4021 610 4105 tantamque
629 4015 834 4105 potentiam,
859 4023 897 4083 ut
914 4017 986 4107 ipse
1004 4023 1037 4082 te
1055 4016 1222 4082 formidet
1240 4016 1339 4104 quasi
1355 4016 1460 4083 deum
1478 4037 1588 4083 suum.

256 4127 302 4188 Tu
322 4123 505 4189 mandabis
524 4124 555 4188 ei
575 4122 657 4211 quid
679 4123 784 4191 faciat
805 4128 854 4204 et,
874 4122 940 4189 uisi
961 4123 1098 4206 iecerit,
1120 4123 1272 4209 graviter
1291 4145 1371 4190 eum
1392 4107 1515 4213 phnies
1529 4121 1593 4188 im-

257 4227 426 4295 mittendo
448 4229 586 4318 plagas,
610 4251 696 4319 quas
715 4229 877 4319 potestati
899 4237 978 4297 tuae
999 4231 1189 4296 committo.
1212 4229 1379 4307 Quoniam
1399 4253 1480 4297 vero
1495 4250 1594 4316 reges

257 4334 431 4401 neminem
445 4340 638 4421 agnoscunt
651 4336 880 4425 superiorem,
897 4359 918 4402 a
932 4335 1211 4427 quopuniantur,
1228 4342 1367 4426 praeter
1384 4341 1508 4417 Deum,
1528 4333 1595 4401 eris

260 4441 291 4506 ei
307 4440 415 4506 instar
436 4441 496 4507 Dei
519 4469 535 4502 »
565 4442 703 4532 (Syia).
729 4469 744 4503 α
766 4444 811 4508 Et
825 4445 943 4509 Aaron
961 4443 1075 4530 frater
1098 4455 1178 4509 taces
1192 4442 1258 4509 erit
1270 4443 1441 4533 propheta
1461 4455 1539 4509 terres
1560 4469 1590 4527 n,

261 4569 330 4615 non
349 4569 464 4614 merus
480 4549 660 4639 interpres.
678 4554 730 4617 lta
747 4549 812 4616 erit
829 4550 893 4616 tihi
913 4549 1098 4638 propheta,
1112 4551 1161 4615 uti
1178 4555 1216 4616 tu
1230 4552 1297 4617 eris
1311 4549 1481 4616 Pharaoni
1495 4548 1591 4617 dens.

265 4681 281 4715 u
297 4653 391 4738 Vide,
405 4661 574 4743 quantum
585 4657 693 4723 elevet
706 4661 793 4724 Deus
803 4655 1093 4746 impedimentum
1105 4655 1265 4745 loquelae
1276 4659 1311 4724 in
1322 4662 1430 4745 Moyse
1443 4682 1458 4717 a
1471 4655 1592 4744 (cai.)

264 4783 296 4826 v.
314 4767 334 4826 2
352 4787 369 4823 u
387 4763 434 4827 Ta
451 4760 600 4852 loqueris
612 4763 646 4830 ei
660 4763 795 4846 omnin,
813 4761 1039 4853 quaemando
1056 4761 1134 4850 tibi,
1153 4774 1186 4829 et
1200 4761 1258 4830 ille
1273 4760 1489 4852 loqreet'nraet
1502 4761 1594 4829 Pha-
