<?xml version="1.0" encoding="UTF-8"?>
<!DOCTYPE html PUBLIC "-//W3C//DTD XHTML 1.0 Transitional//EN"
    "http://www.w3.org/TR/xhtml1/DTD/xhtml1-transitional.dtd">
<html xmlns="http://www.w3.org/1999/xhtml" xml:lang="en" lang="en">
 <head>
  <title>
</title>
<meta http-equiv="Content-Type" content="text/html;charset=utf-8" />
  <meta name='ocr-system' content='tesseract 3.04.00' />
  <meta name='ocr-capabilities' content='ocr_page ocr_carea ocr_par ocr_line ocrx_word'/>
</head>
<body>
  <div class='ocr_page' id='page_1' title='image "./commentariusine00hummgoog_0055.png"; bbox 0 0 3534 5384; ppageno 0'>
   <div class='ocr_carea' id='block_1_1' title="bbox 271 386 1154 440">
    <p class='ocr_par' dir='ltr' id='par_1_1' title="bbox 271 386 1154 440">
     <span class='ocr_line' id='line_1_1' title="bbox 271 386 1154 440; baseline -0.003 0"><span class='ocrx_word' id='word_1_1' title='bbox 271 386 309 440; x_wconf 73' lang='lat' dir='ltr'><strong>li</strong></span> <span class='ocrx_word' id='word_1_2' title='bbox 434 436 436 440; x_wconf 81' lang='grc'>,</span> <span class='ocrx_word' id='word_1_3' title='bbox 721 395 827 440; x_wconf 84' lang='lat' dir='ltr'><strong>norsrs</strong></span> <span class='ocrx_word' id='word_1_4' title='bbox 850 394 928 440; x_wconf 77' lang='lat' dir='ltr'><strong>nara</strong></span> <span class='ocrx_word' id='word_1_5' title='bbox 950 396 982 439; x_wconf 81' lang='lat' dir='ltr'><strong>ru</strong></span> <span class='ocrx_word' id='word_1_6' title='bbox 1003 392 1154 439; x_wconf 74' lang='lat' dir='ltr'><strong>annuero.</strong></span> 
     </span>
    </p>
   </div>
   <div class='ocr_carea' id='block_1_2' title="bbox 267 523 1606 1790">
    <p class='ocr_par' dir='ltr' id='par_1_2' title="bbox 267 523 1606 1790">
     <span class='ocr_line' id='line_1_2' title="bbox 271 523 1606 619; baseline -0.004 -23"><span class='ocrx_word' id='word_1_7' title='bbox 271 529 377 596; x_wconf 91' lang='lat' dir='ltr'><strong>ordiri</strong></span> <span class='ocrx_word' id='word_1_8' title='bbox 392 529 513 609; x_wconf 86' lang='lat' dir='ltr'><strong>soleat,</strong></span> <span class='ocrx_word' id='word_1_9' title='bbox 532 535 566 595; x_wconf 89' lang='lat' dir='ltr'><strong>at</strong></span> <span class='ocrx_word' id='word_1_10' title='bbox 580 529 615 595; x_wconf 92' lang='lat' dir='ltr'><strong>h.</strong></span> <span class='ocrx_word' id='word_1_11' title='bbox 630 528 653 596; x_wconf 95' lang='lat' dir='ltr'><strong>l.</strong></span> <span class='ocrx_word' id='word_1_12' title='bbox 671 529 784 596; x_wconf 89' lang='lat' dir='ltr'><strong>minus</strong></span> <span class='ocrx_word' id='word_1_13' title='bbox 803 529 1026 612; x_wconf 88' lang='lat' dir='ltr'><strong>conveniens,</strong></span> <span class='ocrx_word' id='word_1_14' title='bbox 1048 528 1130 619; x_wconf 92' lang='lat' dir='ltr'><strong>quia</strong></span> <span class='ocrx_word' id='word_1_15' title='bbox 1147 532 1234 594; x_wconf 84' lang='lat' dir='ltr'><strong>[teus</strong></span> <span class='ocrx_word' id='word_1_16' title='bbox 1251 525 1296 594; x_wconf 91' lang='lat' dir='ltr'><strong>ed</strong></span> <span class='ocrx_word' id='word_1_17' title='bbox 1313 525 1430 613; x_wconf 90' lang='lat' dir='ltr'><strong>Moysis</strong></span> <span class='ocrx_word' id='word_1_18' title='bbox 1451 523 1606 614; x_wconf 87' lang='lat' dir='ltr'><strong>quaesita</strong></span> 
     </span>
     <span class='ocr_line' id='line_1_3' title="bbox 268 630 1605 726; baseline -0.005 -23"><span class='ocrx_word' id='word_1_19' title='bbox 268 635 462 726; x_wconf 77' lang='lat' dir='ltr'>respondet.</span> <span class='ocrx_word' id='word_1_20' title='bbox 491 641 580 702; x_wconf 91' lang='lat' dir='ltr'><strong>Sam.</strong></span> <span class='ocrx_word' id='word_1_21' title='bbox 606 641 719 702; x_wconf 86' lang='lat' dir='ltr'><strong>autem</strong></span> <span class='ocrx_word' id='word_1_22' title='bbox 741 635 810 702; x_wconf 89' lang='lat' dir='ltr'><strong>suis</strong></span> <span class='ocrx_word' id='word_1_23' title='bbox 831 634 1107 702; x_wconf 75' lang='lat' dir='ltr'><strong>distinctionibus</strong></span> <span class='ocrx_word' id='word_1_24' title='bbox 1128 655 1292 724; x_wconf 90' lang='lat' dir='ltr'><strong>responsa</strong></span> <span class='ocrx_word' id='word_1_25' title='bbox 1311 655 1332 698; x_wconf 89' lang='lat' dir='ltr'><strong>a</strong></span> <span class='ocrx_word' id='word_1_26' title='bbox 1355 633 1424 698; x_wconf 91' lang='lat' dir='ltr'><strong>suis</strong></span> <span class='ocrx_word' id='word_1_27' title='bbox 1443 630 1605 720; x_wconf 77' lang='lat' dir='ltr'><strong>quaesitis</strong></span> 
     </span>
     <span class='ocr_line' id='line_1_4' title="bbox 269 738 1605 830; baseline -0.004 -21"><span class='ocrx_word' id='word_1_28' title='bbox 269 744 430 830; x_wconf 84' lang='lat' dir='ltr'><strong>seiungit.</strong></span> <span class='ocrx_word' id='word_1_29' title='bbox 450 749 557 821; x_wconf 84' lang='lat' dir='ltr'><strong>Quem</strong></span> <span class='ocrx_word' id='word_1_30' title='bbox 576 763 727 809; x_wconf 90' lang='lat' dir='ltr'><strong>errorem</strong></span> <span class='ocrx_word' id='word_1_31' title='bbox 745 741 773 808; x_wconf 89' lang='lat' dir='ltr'><strong>si</strong></span> <span class='ocrx_word' id='word_1_32' title='bbox 791 741 960 827; x_wconf 80' lang='lat' dir='ltr'><strong>corrigas,</strong></span> <span class='ocrx_word' id='word_1_33' title='bbox 982 741 1161 809; x_wconf 91' lang='lat' dir='ltr'><strong>commode</strong></span> <span class='ocrx_word' id='word_1_34' title='bbox 1181 747 1273 809; x_wconf 90' lang='lat' dir='ltr'><strong>Sam.</strong></span> <span class='ocrx_word' id='word_1_35' title='bbox 1292 738 1530 806; x_wconf 78' lang='lat' dir='ltr'><strong>distinctiones</strong></span> <span class='ocrx_word' id='word_1_36' title='bbox 1549 758 1605 803; x_wconf 91' lang='lat' dir='ltr'><strong>re-</strong></span> 
     </span>
     <span class='ocr_line' id='line_1_5' title="bbox 268 843 1604 938; baseline -0.004 -23"><span class='ocrx_word' id='word_1_37' title='bbox 268 847 403 916; x_wconf 88' lang='lat' dir='ltr'><strong>tinebis.</strong></span> <span class='ocrx_word' id='word_1_38' title='bbox 422 887 466 898; x_wconf 94' lang='lat'><em>-</em></span> <span class='ocrx_word' id='word_1_39' title='bbox 484 849 594 934; x_wconf 83' lang='lat' dir='ltr'><strong>igitur</strong></span> <span class='ocrx_word' id='word_1_40' title='bbox 606 854 727 930; x_wconf 60' lang='lat' dir='ltr'><strong>{tn-12</strong></span> <span class='ocrx_word' id='word_1_41' title='bbox 747 851 826 934; x_wconf 78' lang='lat' dir='ltr'><strong>(non</strong></span> <span class='ocrx_word' id='word_1_42' title='bbox 841 848 896 938; x_wconf 86' lang='lat'><strong>13)</strong></span> <span class='ocrx_word' id='word_1_43' title='bbox 918 849 975 915; x_wconf 84' lang='lat' dir='ltr'><strong>Dei</strong></span> <span class='ocrx_word' id='word_1_44' title='bbox 989 847 1196 916; x_wconf 82' lang='lat' dir='ltr'><strong>describitur</strong></span> <span class='ocrx_word' id='word_1_45' title='bbox 1210 846 1382 937; x_wconf 82' lang='lat' dir='ltr'><strong>apparitio</strong></span> <span class='ocrx_word' id='word_1_46' title='bbox 1392 850 1426 912; x_wconf 91' lang='lat' dir='ltr'><strong>et</strong></span> <span class='ocrx_word' id='word_1_47' title='bbox 1441 843 1604 932; x_wconf 83' lang='lat' dir='ltr'><strong>generale</strong></span> 
     </span>
     <span class='ocr_line' id='line_1_6' title="bbox 269 946 1604 1045; baseline -0.002 -23"><span class='ocrx_word' id='word_1_48' title='bbox 269 954 500 1044; x_wconf 80' lang='lat' dir='ltr'><strong>propositum3</strong></span> <span class='ocrx_word' id='word_1_49' title='bbox 525 960 666 1035; x_wconf 69' lang='lat' dir='ltr'><strong>als-22</strong></span> <span class='ocrx_word' id='word_1_50' title='bbox 688 956 835 1045; x_wconf 89' lang='lat' dir='ltr'><strong>primum</strong></span> <span class='ocrx_word' id='word_1_51' title='bbox 860 955 998 1042; x_wconf 85' lang='lat' dir='ltr'><strong>roganti</strong></span> <span class='ocrx_word' id='word_1_52' title='bbox 1022 955 1124 1043; x_wconf 92' lang='lat' dir='ltr'><strong>Moysi</strong></span> <span class='ocrx_word' id='word_1_53' title='bbox 1143 946 1271 1023; x_wconf 81' lang='lat' dir='ltr'><strong>nomed</strong></span> <span class='ocrx_word' id='word_1_54' title='bbox 1291 953 1394 1020; x_wconf 91' lang='lat' dir='ltr'><strong>iahve</strong></span> <span class='ocrx_word' id='word_1_55' title='bbox 1415 951 1462 1041; x_wconf 90' lang='lat' dir='ltr'><strong>(v.</strong></span> <span class='ocrx_word' id='word_1_56' title='bbox 1489 952 1604 1040; x_wconf 81' lang='lat'>13-15)</span> 
     </span>
     <span class='ocr_line' id='line_1_7' title="bbox 270 1057 1601 1152; baseline -0.004 -24"><span class='ocrx_word' id='word_1_57' title='bbox 270 1061 451 1144; x_wconf 88' lang='lat' dir='ltr'><strong>revelatur,</strong></span> <span class='ocrx_word' id='word_1_58' title='bbox 468 1066 587 1152; x_wconf 89' lang='lat' dir='ltr'><strong>postea</strong></span> <span class='ocrx_word' id='word_1_59' title='bbox 605 1063 663 1128; x_wconf 84' lang='lat' dir='ltr'><strong>[tei</strong></span> <span class='ocrx_word' id='word_1_60' title='bbox 677 1061 892 1152; x_wconf 90' lang='lat' dir='ltr'><strong>propositum</strong></span> <span class='ocrx_word' id='word_1_61' title='bbox 907 1061 1098 1129; x_wconf 89' lang='lat' dir='ltr'><strong>distinctius</strong></span> <span class='ocrx_word' id='word_1_62' title='bbox 1110 1061 1285 1151; x_wconf 90' lang='lat' dir='ltr'><strong>panditur,</strong></span> <span class='ocrx_word' id='word_1_63' title='bbox 1302 1057 1540 1148; x_wconf 81' lang='lat' dir='ltr'><strong>suscipiendae</strong></span> <span class='ocrx_word' id='word_1_64' title='bbox 1555 1079 1601 1124; x_wconf 92' lang='lat' dir='ltr'><strong>sc.</strong></span> 
     </span>
     <span class='ocr_line' id='line_1_8' title="bbox 272 1165 1604 1258; baseline -0.002 -25"><span class='ocrx_word' id='word_1_65' title='bbox 272 1169 317 1256; x_wconf 87' lang='lat' dir='ltr'><strong>(v.</strong></span> <span class='ocrx_word' id='word_1_66' title='bbox 339 1171 470 1254; x_wconf 79' lang='lat' dir='ltr'><strong>lii-18⁸)</strong></span> <span class='ocrx_word' id='word_1_67' title='bbox 492 1191 512 1234; x_wconf 91' lang='lat' dir='ltr'><strong>a</strong></span> <span class='ocrx_word' id='word_1_68' title='bbox 528 1172 638 1255; x_wconf 87' lang='lat' dir='ltr'><strong>Moyse</strong></span> <span class='ocrx_word' id='word_1_69' title='bbox 650 1169 694 1235; x_wconf 90' lang='lat' dir='ltr'><strong>ad</strong></span> <span class='ocrx_word' id='word_1_70' title='bbox 714 1169 877 1252; x_wconf 88' lang='lat' dir='ltr'><strong>seniores,</strong></span> <span class='ocrx_word' id='word_1_71' title='bbox 894 1168 975 1236; x_wconf 89' lang='lat' dir='ltr'><strong>inda</strong></span> <span class='ocrx_word' id='word_1_72' title='bbox 990 1168 1035 1258; x_wconf 94' lang='lat' dir='ltr'><strong>(v.</strong></span> <span class='ocrx_word' id='word_1_73' title='bbox 1055 1168 1183 1257; x_wconf 66' lang='lat' dir='ltr'><strong>rar-ar)</strong></span> <span class='ocrx_word' id='word_1_74' title='bbox 1201 1167 1246 1234; x_wconf 91' lang='lat' dir='ltr'><strong>ad</strong></span> <span class='ocrx_word' id='word_1_75' title='bbox 1264 1165 1377 1257; x_wconf 91' lang='lat' dir='ltr'><strong>ipsum</strong></span> <span class='ocrx_word' id='word_1_76' title='bbox 1391 1165 1604 1232; x_wconf 84' lang='lat' dir='ltr'><strong>Pharaonem</strong></span> 
     </span>
     <span class='ocr_line' id='line_1_9' title="bbox 269 1271 1602 1365; baseline -0.002 -26"><span class='ocrx_word' id='word_1_77' title='bbox 269 1271 462 1359; x_wconf 79' lang='lat' dir='ltr'><strong>legationis.</strong></span> <span class='ocrx_word' id='word_1_78' title='bbox 483 1279 577 1357; x_wconf 81' lang='lat' dir='ltr'><strong>t,1-9</strong></span> <span class='ocrx_word' id='word_1_79' title='bbox 602 1275 685 1364; x_wconf 82' lang='lat' dir='ltr'><strong>(non</strong></span> <span class='ocrx_word' id='word_1_80' title='bbox 709 1277 804 1365; x_wconf 72' lang='lat'>2-10)</span> <span class='ocrx_word' id='word_1_81' title='bbox 825 1279 952 1364; x_wconf 79' lang='lat' dir='ltr'><strong>Moyses</strong></span> <span class='ocrx_word' id='word_1_82' title='bbox 976 1275 1076 1362; x_wconf 85' lang='lat' dir='ltr'><strong>signa</strong></span> <span class='ocrx_word' id='word_1_83' title='bbox 1096 1275 1258 1364; x_wconf 89' lang='lat' dir='ltr'><strong>impetrat</strong></span> <span class='ocrx_word' id='word_1_84' title='bbox 1287 1295 1295 1342; x_wconf 81' lang='lat' dir='ltr'><strong><em>z</em></strong></span> <span class='ocrx_word' id='word_1_85' title='bbox 1320 1295 1352 1339; x_wconf 82' lang='lat' dir='ltr'><strong>v.</strong></span> <span class='ocrx_word' id='word_1_86' title='bbox 1382 1279 1440 1339; x_wconf 81' lang='lat'><strong>1-5</strong></span> <span class='ocrx_word' id='word_1_87' title='bbox 1465 1271 1602 1357; x_wconf 85' lang='lat' dir='ltr'><strong>virgae,</strong></span> 
     </span>
     <span class='ocr_line' id='line_1_10' title="bbox 270 1375 1604 1471; baseline -0.003 -25"><span class='ocrx_word' id='word_1_88' title='bbox 270 1402 302 1446; x_wconf 90' lang='lat' dir='ltr'><strong>v.</strong></span> <span class='ocrx_word' id='word_1_89' title='bbox 316 1385 372 1446; x_wconf 87' lang='grc'><strong>6-8</strong></span> <span class='ocrx_word' id='word_1_90' title='bbox 385 1379 518 1470; x_wconf 89' lang='lat' dir='ltr'><strong>leprae,</strong></span> <span class='ocrx_word' id='word_1_91' title='bbox 532 1402 566 1449; x_wconf 81' lang='lat' dir='ltr'><strong>v,</strong></span> <span class='ocrx_word' id='word_1_92' title='bbox 584 1386 603 1447; x_wconf 88' lang='grc'><strong>9</strong></span> <span class='ocrx_word' id='word_1_93' title='bbox 616 1404 727 1471; x_wconf 89' lang='lat' dir='ltr'><strong>aquae</strong></span> <span class='ocrx_word' id='word_1_94' title='bbox 734 1383 770 1448; x_wconf 92' lang='lat' dir='ltr'><strong>in</strong></span> <span class='ocrx_word' id='word_1_95' title='bbox 781 1383 984 1468; x_wconf 83' lang='lat' dir='ltr'><strong>sanguinem</strong></span> <span class='ocrx_word' id='word_1_96' title='bbox 996 1380 1193 1448; x_wconf 87' lang='lat' dir='ltr'><strong>mutandae.</strong></span> <span class='ocrx_word' id='word_1_97' title='bbox 1211 1403 1243 1446; x_wconf 90' lang='lat' dir='ltr'><strong>v.</strong></span> <span class='ocrx_word' id='word_1_98' title='bbox 1259 1386 1363 1446; x_wconf 78' lang='lat'><strong>10-1&#39;1</strong></span> <span class='ocrx_word' id='word_1_99' title='bbox 1373 1382 1500 1466; x_wconf 78' lang='lat' dir='ltr'><strong>Moyses</strong></span> <span class='ocrx_word' id='word_1_100' title='bbox 1510 1400 1546 1444; x_wconf 92' lang='lat' dir='ltr'><strong>se</strong></span> <span class='ocrx_word' id='word_1_101' title='bbox 1558 1375 1604 1442; x_wconf 93' lang='lat' dir='ltr'><strong>ob</strong></span> 
     </span>
     <span class='ocr_line' id='line_1_11' title="bbox 267 1483 1602 1577; baseline -0.001 -25"><span class='ocrx_word' id='word_1_102' title='bbox 267 1485 408 1572; x_wconf 86' lang='lat' dir='ltr'><strong>linguae</strong></span> <span class='ocrx_word' id='word_1_103' title='bbox 422 1485 712 1577; x_wconf 87' lang='lat' dir='ltr'><strong>impedimentum</strong></span> <span class='ocrx_word' id='word_1_104' title='bbox 729 1509 889 1555; x_wconf 85' lang='lat' dir='ltr'><strong>excusare</strong></span> <span class='ocrx_word' id='word_1_105' title='bbox 903 1493 1056 1571; x_wconf 89' lang='lat' dir='ltr'><strong>conatur,</strong></span> <span class='ocrx_word' id='word_1_106' title='bbox 1070 1485 1127 1554; x_wconf 90' lang='lat' dir='ltr'><strong>cui</strong></span> <span class='ocrx_word' id='word_1_107' title='bbox 1141 1492 1225 1554; x_wconf 85' lang='lat' dir='ltr'><strong>[teus</strong></span> <span class='ocrx_word' id='word_1_108' title='bbox 1240 1510 1274 1552; x_wconf 83' lang='lat' dir='ltr'><strong>v.</strong></span> <span class='ocrx_word' id='word_1_109' title='bbox 1298 1491 1402 1552; x_wconf 78' lang='lat'><strong>10-12</strong></span> <span class='ocrx_word' id='word_1_110' title='bbox 1417 1483 1602 1575; x_wconf 87' lang='lat' dir='ltr'><strong>specialem</strong></span> 
     </span>
     <span class='ocr_line' id='line_1_12' title="bbox 271 1591 1605 1684; baseline -0.002 -25"><span class='ocrx_word' id='word_1_111' title='bbox 271 1591 510 1675; x_wconf 89' lang='lat' dir='ltr'><strong>assistentiam,</strong></span> <span class='ocrx_word' id='word_1_112' title='bbox 529 1615 563 1661; x_wconf 82' lang='lat' dir='ltr'><strong>v.</strong></span> <span class='ocrx_word' id='word_1_113' title='bbox 590 1600 692 1662; x_wconf 82' lang='grc'>13-17</span> <span class='ocrx_word' id='word_1_114' title='bbox 711 1595 851 1662; x_wconf 78' lang='lat' dir='ltr'><strong>daronis</strong></span> <span class='ocrx_word' id='word_1_115' title='bbox 875 1616 954 1661; x_wconf 91' lang='lat' dir='ltr'><strong>oum</strong></span> <span class='ocrx_word' id='word_1_116' title='bbox 980 1595 1081 1680; x_wconf 83' lang='lat' dir='ltr'><strong>virga</strong></span> <span class='ocrx_word' id='word_1_117' title='bbox 1100 1614 1200 1684; x_wconf 90' lang='lat' dir='ltr'><strong>opem</strong></span> <span class='ocrx_word' id='word_1_118' title='bbox 1219 1591 1401 1682; x_wconf 89' lang='lat' dir='ltr'><strong>promittit.</strong></span> <span class='ocrx_word' id='word_1_119' title='bbox 1426 1591 1605 1659; x_wconf 89' lang='lat' dir='ltr'><strong>Concludit</strong></span> 
     </span>
     <span class='ocr_line' id='line_1_13' title="bbox 269 1700 1511 1790; baseline 0 -26"><span class='ocrx_word' id='word_1_120' title='bbox 269 1721 302 1765; x_wconf 94' lang='lat' dir='ltr'><strong>v.</strong></span> <span class='ocrx_word' id='word_1_121' title='bbox 321 1704 362 1766; x_wconf 91' lang='lat'><strong>18</strong></span> <span class='ocrx_word' id='word_1_122' title='bbox 377 1700 537 1790; x_wconf 90' lang='lat' dir='ltr'><strong>pericope</strong></span> <span class='ocrx_word' id='word_1_123' title='bbox 551 1701 669 1789; x_wconf 79' lang='lat' dir='ltr'><strong>Moysis</strong></span> <span class='ocrx_word' id='word_1_124' title='bbox 684 1724 706 1767; x_wconf 91' lang='lat' dir='ltr'><strong>a</strong></span> <span class='ocrx_word' id='word_1_125' title='bbox 724 1723 840 1768; x_wconf 90' lang='lat' dir='ltr'><strong>socero</strong></span> <span class='ocrx_word' id='word_1_126' title='bbox 857 1700 1042 1768; x_wconf 87' lang='lat' dir='ltr'><strong>discessum</strong></span> <span class='ocrx_word' id='word_1_127' title='bbox 1062 1700 1212 1767; x_wconf 86' lang='lat' dir='ltr'><strong>breviter</strong></span> <span class='ocrx_word' id='word_1_128' title='bbox 1226 1720 1511 1767; x_wconf 90' lang='lat' dir='ltr'><strong>commemorans.</strong></span> 
     </span>
    </p>
   </div>
   <div class='ocr_carea' id='block_1_3' title="bbox 461 1939 1423 1999">
    <p class='ocr_par' dir='ltr' id='par_1_3' title="bbox 461 1939 1423 1999">
     <span class='ocr_line' id='line_1_14' title="bbox 461 1939 1423 1999; baseline -0.002 -11"><span class='ocrx_word' id='word_1_129' title='bbox 461 1941 482 1988; x_wconf 94' lang='lat'><strong>1.</strong></span> <span class='ocrx_word' id='word_1_130' title='bbox 500 1941 559 1990; x_wconf 78' lang='lat' dir='ltr'><strong>DEI</strong></span> <span class='ocrx_word' id='word_1_131' title='bbox 574 1939 762 1989; x_wconf 82' lang='lat' dir='ltr'>APPARITIO</span> <span class='ocrx_word' id='word_1_132' title='bbox 779 1940 822 1988; x_wconf 79' lang='grc' dir='ltr'><strong>ΕΤ</strong></span> <span class='ocrx_word' id='word_1_133' title='bbox 839 1940 1021 1990; x_wconf 70' lang='lat' dir='ltr'><strong>dannanus</strong></span> <span class='ocrx_word' id='word_1_134' title='bbox 1037 1939 1252 1989; x_wconf 81' lang='lat' dir='ltr'><strong>PROPOSITUM</strong></span> <span class='ocrx_word' id='word_1_135' title='bbox 1268 1940 1315 1988; x_wconf 88' lang='lat' dir='ltr'><strong>Ex.</strong></span> <span class='ocrx_word' id='word_1_136' title='bbox 1333 1941 1423 1999; x_wconf 83' lang='lat'><strong>3,1-12.</strong></span> 
     </span>
    </p>
   </div>
   <div class='ocr_carea' id='block_1_4' title="bbox 270 2115 1629 3271">
    <p class='ocr_par' dir='ltr' id='par_1_4' title="bbox 270 2115 1629 2931">
     <span class='ocr_line' id='line_1_15' title="bbox 314 2115 1604 2210; baseline -0.003 -24"><span class='ocrx_word' id='word_1_137' title='bbox 314 2123 397 2208; x_wconf 77' lang='lat' dir='ltr'><strong>Arp.</strong></span> <span class='ocrx_word' id='word_1_138' title='bbox 419 2159 463 2168; x_wconf 94' lang='lat'><em>-</em></span> <span class='ocrx_word' id='word_1_139' title='bbox 479 2147 494 2180; x_wconf 77' lang='grc' dir='ltr'><strong>κ</strong></span> <span class='ocrx_word' id='word_1_140' title='bbox 513 2117 690 2209; x_wconf 83' lang='lat' dir='ltr'><strong>Respicit»</strong></span> <span class='ocrx_word' id='word_1_141' title='bbox 708 2118 815 2209; x_wconf 67' lang='grc' dir='ltr'><strong>(Ώὸ)</strong></span> <span class='ocrx_word' id='word_1_142' title='bbox 833 2118 1085 2186; x_wconf 87' lang='lat' dir='ltr'><strong>[teuslsraelem</strong></span> <span class='ocrx_word' id='word_1_143' title='bbox 1103 2146 1119 2179; x_wconf 72' lang='grc' dir='ltr'><strong>ι(</strong></span> <span class='ocrx_word' id='word_1_144' title='bbox 1138 2117 1353 2210; x_wconf 83' lang='lat' dir='ltr'><strong>apparitione</strong></span> <span class='ocrx_word' id='word_1_145' title='bbox 1371 2145 1386 2177; x_wconf 74' lang='lat' dir='ltr'><strong>o</strong></span> <span class='ocrx_word' id='word_1_146' title='bbox 1403 2115 1487 2205; x_wconf 61' lang='grc'>(33)</span> <span class='ocrx_word' id='word_1_147' title='bbox 1504 2116 1604 2203; x_wconf 89' lang='lat' dir='ltr'><strong>Moysi</strong></span> 
     </span>
     <span class='ocr_line' id='line_1_16' title="bbox 271 2221 1601 2316; baseline -0.004 -23"><span class='ocrx_word' id='word_1_148' title='bbox 271 2226 371 2293; x_wconf 85' lang='lat' dir='ltr'><strong>iacta.</strong></span> <span class='ocrx_word' id='word_1_149' title='bbox 398 2231 548 2316; x_wconf 85' lang='lat' dir='ltr'><strong>Apparet</strong></span> <span class='ocrx_word' id='word_1_150' title='bbox 568 2226 600 2291; x_wconf 92' lang='lat' dir='ltr'><strong>ei</strong></span> <span class='ocrx_word' id='word_1_151' title='bbox 623 2229 736 2293; x_wconf 88' lang='lat' dir='ltr'><strong>autem</strong></span> <span class='ocrx_word' id='word_1_152' title='bbox 755 2253 770 2285; x_wconf 89' lang='lat'>«</span> <span class='ocrx_word' id='word_1_153' title='bbox 791 2225 828 2291; x_wconf 93' lang='lat' dir='ltr'><strong>in</strong></span> <span class='ocrx_word' id='word_1_154' title='bbox 847 2225 989 2292; x_wconf 87' lang='lat' dir='ltr'><strong>flamma</strong></span> <span class='ocrx_word' id='word_1_155' title='bbox 1009 2224 1099 2312; x_wconf 83' lang='lat' dir='ltr'><strong>ignis</strong></span> <span class='ocrx_word' id='word_1_156' title='bbox 1118 2225 1161 2292; x_wconf 91' lang='lat' dir='ltr'><strong>de</strong></span> <span class='ocrx_word' id='word_1_157' title='bbox 1181 2223 1297 2290; x_wconf 88' lang='lat' dir='ltr'><strong>medio</strong></span> <span class='ocrx_word' id='word_1_158' title='bbox 1317 2221 1396 2289; x_wconf 92' lang='lat' dir='ltr'><strong>rubi</strong></span> <span class='ocrx_word' id='word_1_159' title='bbox 1414 2250 1444 2289; x_wconf 87' lang='lat'><strong>».</strong></span> <span class='ocrx_word' id='word_1_160' title='bbox 1467 2222 1601 2302; x_wconf 83' lang='lat' dir='ltr'><strong>Bubus,</strong></span> 
     </span>
     <span class='ocr_line' id='line_1_17' title="bbox 271 2329 1602 2420; baseline -0.002 -22"><span class='ocrx_word' id='word_1_161' title='bbox 271 2332 349 2398; x_wconf 88' lang='lat' dir='ltr'><strong>vilis</strong></span> <span class='ocrx_word' id='word_1_162' title='bbox 375 2331 495 2420; x_wconf 87' lang='lat' dir='ltr'><strong>planta</strong></span> <span class='ocrx_word' id='word_1_163' title='bbox 516 2331 576 2398; x_wconf 90' lang='lat' dir='ltr'><strong>sed</strong></span> <span class='ocrx_word' id='word_1_164' title='bbox 600 2353 678 2398; x_wconf 92' lang='lat' dir='ltr'><strong>cum</strong></span> <span class='ocrx_word' id='word_1_165' title='bbox 695 2331 783 2397; x_wconf 86' lang='lat' dir='ltr'><strong>loliis</strong></span> <span class='ocrx_word' id='word_1_166' title='bbox 804 2330 935 2398; x_wconf 87' lang='lat' dir='ltr'><strong>intacta</strong></span> <span class='ocrx_word' id='word_1_167' title='bbox 960 2352 1197 2420; x_wconf 88' lang='lat' dir='ltr'><strong>perseverans,</strong></span> <span class='ocrx_word' id='word_1_168' title='bbox 1227 2329 1413 2397; x_wconf 89' lang='lat' dir='ltr'><strong>adumbrat</strong></span> <span class='ocrx_word' id='word_1_169' title='bbox 1435 2329 1602 2420; x_wconf 90' lang='lat' dir='ltr'><strong>populum</strong></span> 
     </span>
     <span class='ocr_line' id='line_1_18' title="bbox 271 2435 1603 2527; baseline -0.001 -24"><span class='ocrx_word' id='word_1_170' title='bbox 271 2437 432 2517; x_wconf 90' lang='lat' dir='ltr'><strong>electum,</strong></span> <span class='ocrx_word' id='word_1_171' title='bbox 451 2458 667 2527; x_wconf 80' lang='lat' dir='ltr'><strong>oppressum3</strong></span> <span class='ocrx_word' id='word_1_172' title='bbox 684 2437 776 2525; x_wconf 84' lang='lat' dir='ltr'><strong>ignis</strong></span> <span class='ocrx_word' id='word_1_173' title='bbox 789 2441 912 2520; x_wconf 87' lang='lat' dir='ltr'><strong>Deum,</strong></span> <span class='ocrx_word' id='word_1_174' title='bbox 929 2439 988 2526; x_wconf 93' lang='lat' dir='ltr'><strong>qui</strong></span> <span class='ocrx_word' id='word_1_175' title='bbox 1003 2437 1038 2504; x_wconf 96' lang='lat' dir='ltr'><strong>in</strong></span> <span class='ocrx_word' id='word_1_176' title='bbox 1049 2436 1211 2504; x_wconf 91' lang='lat' dir='ltr'><strong>columna</strong></span> <span class='ocrx_word' id='word_1_177' title='bbox 1221 2437 1312 2523; x_wconf 89' lang='lat' dir='ltr'><strong>ignis</strong></span> <span class='ocrx_word' id='word_1_178' title='bbox 1327 2435 1457 2526; x_wconf 92' lang='lat' dir='ltr'><strong>populo</strong></span> <span class='ocrx_word' id='word_1_179' title='bbox 1466 2439 1603 2524; x_wconf 88' lang='lat' dir='ltr'><strong>praesto</strong></span> 
     </span>
     <span class='ocr_line' id='line_1_19' title="bbox 270 2542 1600 2633; baseline -0.002 -23"><span class='ocrx_word' id='word_1_180' title='bbox 270 2544 423 2626; x_wconf 86' lang='lat' dir='ltr'><strong>futurus,</strong></span> <span class='ocrx_word' id='word_1_181' title='bbox 454 2549 686 2632; x_wconf 86' lang='lat' dir='ltr'><strong>persecutores</strong></span> <span class='ocrx_word' id='word_1_182' title='bbox 709 2565 933 2633; x_wconf 89' lang='lat' dir='ltr'><strong>oppressurus</strong></span> <span class='ocrx_word' id='word_1_183' title='bbox 951 2548 1001 2610; x_wconf 91' lang='lat' dir='ltr'><strong>est</strong></span> <span class='ocrx_word' id='word_1_184' title='bbox 1020 2543 1077 2631; x_wconf 86' lang='lat' dir='ltr'><strong>(cf.</strong></span> <span class='ocrx_word' id='word_1_185' title='bbox 1102 2542 1206 2631; x_wconf 72' lang='lat' dir='ltr'><strong>Coi).</strong></span> <span class='ocrx_word' id='word_1_186' title='bbox 1233 2569 1250 2603; x_wconf 92' lang='lat'>«</span> <span class='ocrx_word' id='word_1_187' title='bbox 1275 2543 1430 2610; x_wconf 85' lang='lat' dir='ltr'><strong>Clamore</strong></span> <span class='ocrx_word' id='word_1_188' title='bbox 1454 2570 1469 2603; x_wconf 83' lang='lat' dir='ltr'><strong>n</strong></span> <span class='ocrx_word' id='word_1_189' title='bbox 1492 2542 1538 2631; x_wconf 88' lang='lat' dir='ltr'><strong>(v.</strong></span> <span class='ocrx_word' id='word_1_190' title='bbox 1562 2548 1600 2623; x_wconf 82' lang='lat'><strong>93</strong></span> 
     </span>
     <span class='ocr_line' id='line_1_20' title="bbox 271 2648 1603 2740; baseline -0.003 -23"><span class='ocrx_word' id='word_1_191' title='bbox 271 2650 314 2717; x_wconf 87' lang='lat' dir='ltr'><strong>ci.</strong></span> <span class='ocrx_word' id='word_1_192' title='bbox 338 2655 417 2732; x_wconf 58' lang='lat'><strong>223</strong></span> <span class='ocrx_word' id='word_1_193' title='bbox 440 2649 506 2738; x_wconf 85' lang='lat' dir='ltr'><strong>sq.)</strong></span> <span class='ocrx_word' id='word_1_194' title='bbox 531 2650 649 2740; x_wconf 93' lang='lat' dir='ltr'><strong>populi</strong></span> <span class='ocrx_word' id='word_1_195' title='bbox 670 2655 861 2717; x_wconf 89' lang='lat' dir='ltr'><strong>commotus</strong></span> <span class='ocrx_word' id='word_1_196' title='bbox 879 2655 965 2717; x_wconf 86' lang='lat' dir='ltr'><strong>Deus</strong></span> <span class='ocrx_word' id='word_1_197' title='bbox 982 2648 1223 2716; x_wconf 90' lang='lat' dir='ltr'><strong>liberationem</strong></span> <span class='ocrx_word' id='word_1_198' title='bbox 1242 2649 1411 2732; x_wconf 87' lang='lat' dir='ltr'><strong>decrevit,</strong></span> <span class='ocrx_word' id='word_1_199' title='bbox 1434 2648 1530 2715; x_wconf 89' lang='lat' dir='ltr'><strong>ouius</strong></span> <span class='ocrx_word' id='word_1_200' title='bbox 1552 2648 1603 2715; x_wconf 86' lang='lat' dir='ltr'><strong>ef-</strong></span> 
     </span>
     <span class='ocr_line' id='line_1_21' title="bbox 273 2754 1629 2845; baseline -0.001 -23"><span class='ocrx_word' id='word_1_201' title='bbox 273 2755 440 2824; x_wconf 88' lang='lat' dir='ltr'><strong>ficiendae</strong></span> <span class='ocrx_word' id='word_1_202' title='bbox 463 2778 565 2824; x_wconf 88' lang='lat' dir='ltr'><strong>causa</strong></span> <span class='ocrx_word' id='word_1_203' title='bbox 585 2756 691 2824; x_wconf 90' lang='lat' dir='ltr'><strong>mittit</strong></span> <span class='ocrx_word' id='word_1_204' title='bbox 713 2761 845 2845; x_wconf 89' lang='lat' dir='ltr'><strong>Moysen</strong></span> <span class='ocrx_word' id='word_1_205' title='bbox 872 2755 916 2823; x_wconf 91' lang='lat' dir='ltr'><strong>ad</strong></span> <span class='ocrx_word' id='word_1_206' title='bbox 943 2757 1172 2840; x_wconf 87' lang='lat' dir='ltr'><strong>Pharaonem,</strong></span> <span class='ocrx_word' id='word_1_207' title='bbox 1200 2756 1340 2845; x_wconf 89' lang='lat' dir='ltr'><strong>speciali</strong></span> <span class='ocrx_word' id='word_1_208' title='bbox 1368 2754 1494 2822; x_wconf 86' lang='lat' dir='ltr'><strong>auxilio</strong></span> <span class='ocrx_word' id='word_1_209' title='bbox 1523 2767 1629 2843; x_wconf 80' lang='lat' dir='ltr'><strong>pro-¹</strong></span> 
     </span>
     <span class='ocr_line' id='line_1_22' title="bbox 271 2884 382 2931; baseline 0.009 -1"><span class='ocrx_word' id='word_1_210' title='bbox 271 2884 382 2931; x_wconf 90' lang='lat' dir='ltr'><strong>m1sso.</strong></span> 
     </span>
    </p>

    <p class='ocr_par' dir='ltr' id='par_1_5' title="bbox 270 2970 1603 3271">
     <span class='ocr_line' id='line_1_23' title="bbox 316 2970 1599 3060; baseline -0.005 -22"><span class='ocrx_word' id='word_1_211' title='bbox 316 2972 400 3060; x_wconf 81' lang='lat' dir='ltr'><strong>Gap.</strong></span> <span class='ocrx_word' id='word_1_212' title='bbox 422 2971 475 3038; x_wconf 88' lang='grc' dir='ltr'><strong>ΙΙΙ</strong></span> <span class='ocrx_word' id='word_1_213' title='bbox 490 2991 522 3036; x_wconf 80' lang='grc' dir='ltr'><strong>ν.</strong></span> <span class='ocrx_word' id='word_1_214' title='bbox 543 2977 558 3036; x_wconf 93' lang='grc'>1</span> <span class='ocrx_word' id='word_1_215' title='bbox 584 2995 600 3030; x_wconf 88' lang='lat'>«</span> <span class='ocrx_word' id='word_1_216' title='bbox 623 2971 757 3058; x_wconf 75' lang='lat' dir='ltr'><strong>Moyses</strong></span> <span class='ocrx_word' id='word_1_217' title='bbox 776 2980 891 3035; x_wconf 76' lang='lat' dir='ltr'><strong>aretem</strong></span> <span class='ocrx_word' id='word_1_218' title='bbox 911 2971 1077 3058; x_wconf 82' lang='lat' dir='ltr'><strong>poscebat</strong></span> <span class='ocrx_word' id='word_1_219' title='bbox 1097 2995 1113 3028; x_wconf 79' lang='lat' dir='ltr'><strong>n</strong></span> <span class='ocrx_word' id='word_1_220' title='bbox 1134 3007 1179 3020; x_wconf 94' lang='lat'><em>-</em></span> <span class='ocrx_word' id='word_1_221' title='bbox 1198 2970 1300 3035; x_wconf 85' lang='lat' dir='ltr'><strong>Hebr.</strong></span> <span class='ocrx_word' id='word_1_222' title='bbox 1320 2989 1332 3034; x_wconf 90' lang='lat'><em>:</em></span> <span class='ocrx_word' id='word_1_223' title='bbox 1353 2981 1599 3058; x_wconf 82' lang='lat' dir='ltr'><strong>erotpascens‚</strong></span> 
     </span>
     <span class='ocr_line' id='line_1_24' title="bbox 270 3074 1603 3166; baseline -0.003 -22"><span class='ocrx_word' id='word_1_224' title='bbox 270 3078 415 3166; x_wconf 89' lang='lat' dir='ltr'><strong>pastoris</strong></span> <span class='ocrx_word' id='word_1_225' title='bbox 436 3075 550 3143; x_wconf 87' lang='lat' dir='ltr'><strong>officio</strong></span> <span class='ocrx_word' id='word_1_226' title='bbox 569 3076 779 3162; x_wconf 82' lang='lat' dir='ltr'><strong>fungebatur</strong></span> <span class='ocrx_word' id='word_1_227' title='bbox 799 3075 911 3164; x_wconf 72' lang='lat' dir='ltr'><strong>(loa),</strong></span> <span class='ocrx_word' id='word_1_228' title='bbox 935 3075 973 3142; x_wconf 92' lang='lat' dir='ltr'><strong>id</strong></span> <span class='ocrx_word' id='word_1_229' title='bbox 991 3075 1145 3142; x_wconf 89' lang='lat' dir='ltr'><strong>muneris</strong></span> <span class='ocrx_word' id='word_1_230' title='bbox 1161 3080 1370 3163; x_wconf 88' lang='lat' dir='ltr'><strong>susceperat,</strong></span> <span class='ocrx_word' id='word_1_231' title='bbox 1389 3074 1529 3163; x_wconf 92' lang='lat' dir='ltr'><strong>quando</strong></span> <span class='ocrx_word' id='word_1_232' title='bbox 1544 3078 1603 3140; x_wconf 91' lang='lat' dir='ltr'><strong>Se-</strong></span> 
     </span>
     <span class='ocr_line' id='line_1_25' title="bbox 271 3180 1598 3271; baseline -0.002 -22"><span class='ocrx_word' id='word_1_233' title='bbox 271 3183 420 3271; x_wconf 89' lang='lat' dir='ltr'><strong>phoram</strong></span> <span class='ocrx_word' id='word_1_234' title='bbox 439 3188 560 3250; x_wconf 89' lang='lat' dir='ltr'><strong>nactus</strong></span> <span class='ocrx_word' id='word_1_235' title='bbox 577 3187 626 3248; x_wconf 87' lang='lat' dir='ltr'><strong>est</strong></span> <span class='ocrx_word' id='word_1_236' title='bbox 645 3202 783 3248; x_wconf 81' lang='lat' dir='ltr'><strong>uxorem</strong></span> <span class='ocrx_word' id='word_1_237' title='bbox 806 3182 943 3271; x_wconf 68' lang='lat' dir='ltr'><strong>(Tora),</strong></span> <span class='ocrx_word' id='word_1_238' title='bbox 963 3181 1017 3248; x_wconf 89' lang='lat' dir='ltr'><strong>vel</strong></span> <span class='ocrx_word' id='word_1_239' title='bbox 1036 3181 1140 3248; x_wconf 88' lang='lat' dir='ltr'><strong>etiarn</strong></span> <span class='ocrx_word' id='word_1_240' title='bbox 1158 3186 1260 3248; x_wconf 91' lang='lat' dir='ltr'><strong>antea</strong></span> <span class='ocrx_word' id='word_1_241' title='bbox 1273 3219 1319 3230; x_wconf 94' lang='lat'>—</span> <span class='ocrx_word' id='word_1_242' title='bbox 1339 3205 1356 3244; x_wconf 69' lang='grc' dir='ltr'><strong>(ι</strong></span> <span class='ocrx_word' id='word_1_243' title='bbox 1376 3203 1451 3247; x_wconf 82' lang='lat' dir='ltr'><strong>oves</strong></span> <span class='ocrx_word' id='word_1_244' title='bbox 1470 3180 1598 3263; x_wconf 73' lang='lat' dir='ltr'><strong>lettere,</strong></span> 
     </span>
    </p>
   </div>
   <div class='ocr_carea' id='block_1_5' title="bbox 269 3286 1622 3994">
    <p class='ocr_par' dir='ltr' id='par_1_6' title="bbox 274 3286 1603 3381">
     <span class='ocr_line' id='line_1_26' title="bbox 274 3286 1603 3381; baseline 0 -29"><span class='ocrx_word' id='word_1_245' title='bbox 274 3289 381 3355; x_wconf 82' lang='lat' dir='ltr'><strong>soceri</strong></span> <span class='ocrx_word' id='word_1_246' title='bbox 399 3289 471 3372; x_wconf 84' lang='lat' dir='ltr'><strong>sui,</strong></span> <span class='ocrx_word' id='word_1_247' title='bbox 488 3288 675 3355; x_wconf 80' lang='lat' dir='ltr'><strong>sacerdotis</strong></span> <span class='ocrx_word' id='word_1_248' title='bbox 691 3287 836 3355; x_wconf 73' lang='lat' dir='ltr'><strong>oration</strong></span> <span class='ocrx_word' id='word_1_249' title='bbox 855 3317 884 3355; x_wconf 87' lang='lat'><strong>».</strong></span> <span class='ocrx_word' id='word_1_250' title='bbox 906 3302 981 3381; x_wconf 76' lang='lat' dir='ltr'><strong>par,</strong></span> <span class='ocrx_word' id='word_1_251' title='bbox 1003 3309 1082 3355; x_wconf 89' lang='lat' dir='ltr'><strong>oves</strong></span> <span class='ocrx_word' id='word_1_252' title='bbox 1098 3287 1153 3353; x_wconf 91' lang='lat' dir='ltr'><strong>vel</strong></span> <span class='ocrx_word' id='word_1_253' title='bbox 1171 3309 1294 3378; x_wconf 89' lang='lat' dir='ltr'><strong>caprae</strong></span> <span class='ocrx_word' id='word_1_254' title='bbox 1314 3311 1322 3356; x_wconf 77' lang='grc' dir='ltr'>ε</span> <span class='ocrx_word' id='word_1_255' title='bbox 1342 3286 1510 3355; x_wconf 88' lang='lat' dir='ltr'><strong>eiusmodi</strong></span> <span class='ocrx_word' id='word_1_256' title='bbox 1525 3291 1603 3353; x_wconf 90' lang='lat' dir='ltr'><strong>tan-</strong></span> 
     </span>
    </p>

    <p class='ocr_par' dir='ltr' id='par_1_7' title="bbox 273 3393 1602 3484">
     <span class='ocr_line' id='line_1_27' title="bbox 273 3393 1602 3484; baseline -0.002 -22"><span class='ocrx_word' id='word_1_257' title='bbox 273 3401 347 3463; x_wconf 90' lang='lat' dir='ltr'><strong>tum</strong></span> <span class='ocrx_word' id='word_1_258' title='bbox 369 3394 426 3462; x_wconf 93' lang='lat' dir='ltr'><strong>hic</strong></span> <span class='ocrx_word' id='word_1_259' title='bbox 453 3399 486 3460; x_wconf 88' lang='lat' dir='ltr'><strong>et</strong></span> <span class='ocrx_word' id='word_1_260' title='bbox 510 3400 590 3476; x_wconf 69' lang='lat' dir='ltr'><strong>alo</strong></span> <span class='ocrx_word' id='word_1_261' title='bbox 617 3416 667 3484; x_wconf 90' lang='lat' dir='ltr'><strong>sq.</strong></span> <span class='ocrx_word' id='word_1_262' title='bbox 693 3397 807 3462; x_wconf 92' lang='lat' dir='ltr'><strong>lethro</strong></span> <span class='ocrx_word' id='word_1_263' title='bbox 834 3393 1080 3462; x_wconf 90' lang='lat' dir='ltr'><strong>attribuuntur.</strong></span> <span class='ocrx_word' id='word_1_264' title='bbox 1104 3398 1234 3483; x_wconf 87' lang='lat' dir='ltr'><strong>Reapse</strong></span> <span class='ocrx_word' id='word_1_265' title='bbox 1257 3393 1383 3461; x_wconf 80' lang='lat' dir='ltr'><strong>Arabia</strong></span> <span class='ocrx_word' id='word_1_266' title='bbox 1407 3393 1513 3460; x_wconf 89' lang='lat' dir='ltr'><strong>boves</strong></span> <span class='ocrx_word' id='word_1_267' title='bbox 1531 3415 1602 3460; x_wconf 92' lang='lat' dir='ltr'><strong>non</strong></span> 
     </span>
    </p>

    <p class='ocr_par' dir='ltr' id='par_1_8' title="bbox 275 3499 1600 3591">
     <span class='ocr_line' id='line_1_28' title="bbox 275 3499 1600 3591; baseline -0.002 -23"><span class='ocrx_word' id='word_1_268' title='bbox 275 3501 336 3568; x_wconf 90' lang='lat' dir='ltr'><strong>alit</strong></span> <span class='ocrx_word' id='word_1_269' title='bbox 355 3501 400 3567; x_wconf 96' lang='lat' dir='ltr'><strong>ob</strong></span> <span class='ocrx_word' id='word_1_270' title='bbox 419 3505 535 3590; x_wconf 88' lang='lat' dir='ltr'><strong>pastus</strong></span> <span class='ocrx_word' id='word_1_271' title='bbox 552 3502 750 3591; x_wconf 90' lang='lat' dir='ltr'><strong>penuriam,</strong></span> <span class='ocrx_word' id='word_1_272' title='bbox 781 3501 839 3569; x_wconf 89' lang='lat' dir='ltr'><strong>sed</strong></span> <span class='ocrx_word' id='word_1_273' title='bbox 858 3524 957 3584; x_wconf 89' lang='lat' dir='ltr'><strong>oves,</strong></span> <span class='ocrx_word' id='word_1_274' title='bbox 986 3522 1122 3590; x_wconf 89' lang='lat' dir='ltr'><strong>capras,</strong></span> <span class='ocrx_word' id='word_1_275' title='bbox 1147 3501 1275 3581; x_wconf 91' lang='lat' dir='ltr'><strong>asinos,</strong></span> <span class='ocrx_word' id='word_1_276' title='bbox 1297 3499 1462 3581; x_wconf 88' lang='lat' dir='ltr'><strong>camelos,</strong></span> <span class='ocrx_word' id='word_1_277' title='bbox 1482 3521 1600 3589; x_wconf 90' lang='lat' dir='ltr'><strong>equos.</strong></span> 
     </span>
    </p>

    <p class='ocr_par' dir='ltr' id='par_1_9' title="bbox 272 3606 1622 3803">
     <span class='ocr_line' id='line_1_29' title="bbox 273 3606 1622 3698; baseline 0.001 -25"><span class='ocrx_word' id='word_1_278' title='bbox 273 3609 385 3674; x_wconf 88' lang='lat' dir='ltr'><strong>Voluit</strong></span> <span class='ocrx_word' id='word_1_279' title='bbox 398 3611 500 3690; x_wconf 91' lang='lat' dir='ltr'><strong>Deus,</strong></span> <span class='ocrx_word' id='word_1_280' title='bbox 516 3612 648 3695; x_wconf 90' lang='lat' dir='ltr'><strong>Moysen</strong></span> <span class='ocrx_word' id='word_1_281' title='bbox 663 3607 897 3698; x_wconf 80' lang='lat' dir='ltr'><strong>quadraginta</strong></span> <span class='ocrx_word' id='word_1_282' title='bbox 910 3608 1008 3674; x_wconf 89' lang='lat' dir='ltr'><strong>annis</strong></span> <span class='ocrx_word' id='word_1_283' title='bbox 1024 3608 1109 3696; x_wconf 82' lang='lat' dir='ltr'><strong>(Act.</strong></span> <span class='ocrx_word' id='word_1_284' title='bbox 1126 3608 1219 3695; x_wconf 81' lang='lat'><strong>7,30)</strong></span> <span class='ocrx_word' id='word_1_285' title='bbox 1238 3607 1402 3696; x_wconf 84' lang='lat' dir='ltr'><strong>pastorali</strong></span> <span class='ocrx_word' id='word_1_286' title='bbox 1417 3606 1487 3674; x_wconf 90' lang='lat' dir='ltr'><strong>vita</strong></span> <span class='ocrx_word' id='word_1_287' title='bbox 1502 3629 1602 3696; x_wconf 86' lang='lat' dir='ltr'><strong>prae·</strong></span> <span class='ocrx_word' id='word_1_288' title='bbox 1618 3620 1622 3631; x_wconf 89' lang='grc'><strong>’</strong></span> 
     </span>
     <span class='ocr_line' id='line_1_30' title="bbox 272 3712 1599 3803; baseline -0.002 -23"><span class='ocrx_word' id='word_1_289' title='bbox 272 3714 389 3802; x_wconf 88' lang='lat' dir='ltr'><strong>parari</strong></span> <span class='ocrx_word' id='word_1_290' title='bbox 401 3713 445 3780; x_wconf 90' lang='lat' dir='ltr'><strong>ad</strong></span> <span class='ocrx_word' id='word_1_291' title='bbox 458 3713 617 3801; x_wconf 87' lang='lat' dir='ltr'><strong>regimen</strong></span> <span class='ocrx_word' id='word_1_292' title='bbox 629 3714 809 3781; x_wconf 90' lang='lat' dir='ltr'><strong>hominum</strong></span> <span class='ocrx_word' id='word_1_293' title='bbox 822 3713 941 3801; x_wconf 76' lang='lat' dir='ltr'><strong>(Clam.</strong></span> <span class='ocrx_word' id='word_1_294' title='bbox 959 3712 1058 3781; x_wconf 71' lang='lat' dir='ltr'><strong>Alea.</strong></span> <span class='ocrx_word' id='word_1_295' title='bbox 1069 3718 1192 3780; x_wconf 86' lang='lat' dir='ltr'><strong>Strom.</strong></span> <span class='ocrx_word' id='word_1_296' title='bbox 1205 3720 1230 3781; x_wconf 93' lang='lat' dir='ltr'><strong>i.</strong></span> <span class='ocrx_word' id='word_1_297' title='bbox 1246 3719 1305 3795; x_wconf 74' lang='lat'><strong>233</strong></span> <span class='ocrx_word' id='word_1_298' title='bbox 1322 3716 1370 3780; x_wconf 91' lang='lat' dir='ltr'><strong>M.</strong></span> <span class='ocrx_word' id='word_1_299' title='bbox 1388 3719 1420 3782; x_wconf 86' lang='grc'><strong>8.</strong></span> <span class='ocrx_word' id='word_1_300' title='bbox 1439 3720 1502 3781; x_wconf 86' lang='grc'><strong>903</strong></span> <span class='ocrx_word' id='word_1_301' title='bbox 1518 3712 1599 3803; x_wconf 85' lang='lat' dir='ltr'><strong>sq).</strong></span> 
     </span>
    </p>

    <p class='ocr_par' dir='ltr' id='par_1_10' title="bbox 277 3817 1601 3910">
     <span class='ocr_line' id='line_1_31' title="bbox 277 3817 1601 3910; baseline -0.001 -23"><span class='ocrx_word' id='word_1_302' title='bbox 277 3850 291 3880; x_wconf 71' lang='grc' dir='ltr'>α</span> <span class='ocrx_word' id='word_1_303' title='bbox 313 3821 462 3910; x_wconf 80' lang='lat' dir='ltr'><strong>Cumque</strong></span> <span class='ocrx_word' id='word_1_304' title='bbox 486 3821 649 3887; x_wconf 81' lang='lat' dir='ltr'><strong>minasset</strong></span> <span class='ocrx_word' id='word_1_305' title='bbox 671 3842 813 3909; x_wconf 75' lang='lat' dir='ltr'><strong>prepem</strong></span> <span class='ocrx_word' id='word_1_306' title='bbox 835 3818 883 3886; x_wconf 83' lang='lat' dir='ltr'><strong>nd</strong></span> <span class='ocrx_word' id='word_1_307' title='bbox 909 3820 1075 3886; x_wconf 76' lang='lat' dir='ltr'><strong>interiora</strong></span> <span class='ocrx_word' id='word_1_308' title='bbox 1101 3817 1240 3904; x_wconf 83' lang='lat' dir='ltr'><strong>deserti,</strong></span> <span class='ocrx_word' id='word_1_309' title='bbox 1262 3819 1356 3885; x_wconf 81' lang='lat' dir='ltr'><strong>venit</strong></span> <span class='ocrx_word' id='word_1_310' title='bbox 1378 3818 1427 3885; x_wconf 82' lang='lat' dir='ltr'><strong>ud</strong></span> <span class='ocrx_word' id='word_1_311' title='bbox 1452 3833 1601 3886; x_wconf 68' lang='lat' dir='ltr'><strong>creontem</strong></span> 
     </span>
    </p>

    <p class='ocr_par' dir='ltr' id='par_1_11' title="bbox 269 3926 508 3994">
     <span class='ocr_line' id='line_1_32' title="bbox 269 3926 508 3994; baseline 0.004 -2"><span class='ocrx_word' id='word_1_312' title='bbox 269 3926 333 3994; x_wconf 75' lang='lat' dir='ltr'><strong>net</strong></span> <span class='ocrx_word' id='word_1_313' title='bbox 351 3929 508 3994; x_wconf 83' lang='lat' dir='ltr'><strong>Horeb».</strong></span> 
     </span>
    </p>
   </div>
   <div class='ocr_carea' id='block_1_6' title="bbox 268 4097 1603 4872">
    <p class='ocr_par' dir='ltr' id='par_1_12' title="bbox 268 4097 1603 4872">
     <span class='ocr_line' id='line_1_33' title="bbox 302 4097 1602 4162; baseline -0.003 -12"><span class='ocrx_word' id='word_1_314' title='bbox 302 4097 480 4150; x_wconf 81' lang='lat' dir='ltr'><strong>Consuevere</strong></span> <span class='ocrx_word' id='word_1_315' title='bbox 494 4111 531 4148; x_wconf 92' lang='lat' dir='ltr'><strong>no</strong></span> <span class='ocrx_word' id='word_1_316' title='bbox 540 4098 637 4148; x_wconf 87' lang='lat' dir='ltr'><strong>mades</strong></span> <span class='ocrx_word' id='word_1_317' title='bbox 651 4099 815 4149; x_wconf 88' lang='lat' dir='ltr'><strong>imminente</strong></span> <span class='ocrx_word' id='word_1_318' title='bbox 825 4103 948 4160; x_wconf 85' lang='lat' dir='ltr'><strong>aestate,</strong></span> <span class='ocrx_word' id='word_1_319' title='bbox 966 4099 1073 4149; x_wconf 86' lang='lat' dir='ltr'><strong>relictis</strong></span> <span class='ocrx_word' id='word_1_320' title='bbox 1086 4099 1200 4162; x_wconf 85' lang='lat' dir='ltr'><strong>pascuis</strong></span> <span class='ocrx_word' id='word_1_321' title='bbox 1214 4097 1439 4158; x_wconf 86' lang='lat' dir='ltr'><strong>demissioribus,</strong></span> <span class='ocrx_word' id='word_1_322' title='bbox 1451 4098 1486 4147; x_wconf 91' lang='lat' dir='ltr'><strong>ad</strong></span> <span class='ocrx_word' id='word_1_323' title='bbox 1497 4098 1602 4147; x_wconf 87' lang='lat' dir='ltr'><strong>tractus</strong></span> 
     </span>
     <span class='ocr_line' id='line_1_34' title="bbox 268 4185 1602 4250; baseline -0.001 -14"><span class='ocrx_word' id='word_1_324' title='bbox 268 4187 383 4237; x_wconf 87' lang='lat' dir='ltr'><strong>altiores</strong></span> <span class='ocrx_word' id='word_1_325' title='bbox 396 4198 428 4236; x_wconf 90' lang='lat' dir='ltr'><strong>se</strong></span> <span class='ocrx_word' id='word_1_326' title='bbox 442 4187 580 4249; x_wconf 86' lang='lat' dir='ltr'><strong>recipere,</strong></span> <span class='ocrx_word' id='word_1_327' title='bbox 598 4187 646 4250; x_wconf 92' lang='lat' dir='ltr'><strong>qui</strong></span> <span class='ocrx_word' id='word_1_328' title='bbox 658 4187 804 4238; x_wconf 88' lang='lat' dir='ltr'><strong>humorem</strong></span> <span class='ocrx_word' id='word_1_329' title='bbox 819 4192 847 4237; x_wconf 91' lang='lat' dir='ltr'><strong>et</strong></span> <span class='ocrx_word' id='word_1_330' title='bbox 860 4189 987 4238; x_wconf 87' lang='lat' dir='ltr'><strong>virorem</strong></span> <span class='ocrx_word' id='word_1_331' title='bbox 1001 4186 1105 4237; x_wconf 87' lang='lat' dir='ltr'><strong>diutius</strong></span> <span class='ocrx_word' id='word_1_332' title='bbox 1117 4192 1241 4238; x_wconf 88' lang='lat' dir='ltr'><strong>servent.</strong></span> <span class='ocrx_word' id='word_1_333' title='bbox 1254 4186 1344 4250; x_wconf 82' lang='lat' dir='ltr'><strong>Igitur</strong></span> <span class='ocrx_word' id='word_1_334' title='bbox 1360 4185 1472 4249; x_wconf 83' lang='lat' dir='ltr'><strong>Moyses</strong></span> <span class='ocrx_word' id='word_1_335' title='bbox 1485 4198 1602 4248; x_wconf 79' lang='lat' dir='ltr'><strong>gregem</strong></span> 
     </span>
     <span class='ocr_line' id='line_1_35' title="bbox 268 4273 1601 4340; baseline -0.001 -16"><span class='ocrx_word' id='word_1_336' title='bbox 268 4273 346 4324; x_wconf 84' lang='lat' dir='ltr'><strong>duxit</strong></span> <span class='ocrx_word' id='word_1_337' title='bbox 359 4281 418 4338; x_wconf 79' lang='lat' dir='ltr'><strong>post</strong></span> <span class='ocrx_word' id='word_1_338' title='bbox 432 4274 587 4336; x_wconf 85' lang='lat' dir='ltr'><strong>desertum,</strong></span> <span class='ocrx_word' id='word_1_339' title='bbox 604 4276 721 4326; x_wconf 86' lang='lat' dir='ltr'><strong>relative</strong></span> <span class='ocrx_word' id='word_1_340' title='bbox 734 4275 770 4326; x_wconf 89' lang='lat' dir='ltr'><strong>ad</strong></span> <span class='ocrx_word' id='word_1_341' title='bbox 783 4275 984 4327; x_wconf 88' lang='lat' dir='ltr'><strong>Madianitideu</strong></span> <span class='ocrx_word' id='word_1_342' title='bbox 1000 4274 1083 4340; x_wconf 81' lang='lat' dir='ltr'><strong>(Cot.)</strong></span> <span class='ocrx_word' id='word_1_343' title='bbox 1096 4277 1220 4339; x_wconf 89' lang='lat' dir='ltr'><strong>itemque</strong></span> <span class='ocrx_word' id='word_1_344' title='bbox 1233 4275 1401 4340; x_wconf 81' lang='lat' dir='ltr'><strong>AEgyptum,</strong></span> <span class='ocrx_word' id='word_1_345' title='bbox 1416 4277 1446 4325; x_wconf 89' lang='lat' dir='ltr'><strong>in</strong></span> <span class='ocrx_word' id='word_1_346' title='bbox 1458 4276 1601 4338; x_wconf 82' lang='lat' dir='ltr'><strong>regionem</strong></span> 
     </span>
     <span class='ocr_line' id='line_1_36' title="bbox 268 4361 1603 4428; baseline -0.001 -16"><span class='ocrx_word' id='word_1_347' title='bbox 268 4361 367 4413; x_wconf 88' lang='lat' dir='ltr'><strong>aMari</strong></span> <span class='ocrx_word' id='word_1_348' title='bbox 383 4361 478 4414; x_wconf 89' lang='lat' dir='ltr'><strong>Rubro</strong></span> <span class='ocrx_word' id='word_1_349' title='bbox 491 4363 685 4424; x_wconf 87' lang='lat' dir='ltr'><strong>remotiorem,</strong></span> <span class='ocrx_word' id='word_1_350' title='bbox 702 4365 923 4428; x_wconf 86' lang='lat' dir='ltr'><strong>prospicientem</strong></span> <span class='ocrx_word' id='word_1_351' title='bbox 942 4365 1034 4428; x_wconf 87' lang='lat' dir='ltr'><strong>magis</strong></span> <span class='ocrx_word' id='word_1_352' title='bbox 1048 4365 1185 4416; x_wconf 88' lang='lat' dir='ltr'><strong>orientem</strong></span> <span class='ocrx_word' id='word_1_353' title='bbox 1197 4375 1310 4426; x_wconf 86' lang='lat' dir='ltr'><strong>versus,</strong></span> <span class='ocrx_word' id='word_1_354' title='bbox 1325 4376 1394 4427; x_wconf 85' lang='lat' dir='ltr'><strong>ergo</strong></span> <span class='ocrx_word' id='word_1_355' title='bbox 1413 4364 1449 4413; x_wconf 81' lang='lat' dir='ltr'><strong>od</strong></span> <span class='ocrx_word' id='word_1_356' title='bbox 1467 4364 1603 4413; x_wconf 78' lang='lat' dir='ltr'><strong>interiora</strong></span> 
     </span>
     <span class='ocr_line' id='line_1_37' title="bbox 271 4451 1600 4516; baseline 0.002 -16"><span class='ocrx_word' id='word_1_357' title='bbox 271 4451 378 4500; x_wconf 76' lang='lat' dir='ltr'><strong>deserti.</strong></span> <span class='ocrx_word' id='word_1_358' title='bbox 395 4451 456 4503; x_wconf 87' lang='lat' dir='ltr'><strong>Dici</strong></span> <span class='ocrx_word' id='word_1_359' title='bbox 472 4459 586 4502; x_wconf 82' lang='lat' dir='ltr'><strong>montom</strong></span> <span class='ocrx_word' id='word_1_360' title='bbox 600 4453 647 4501; x_wconf 82' lang='lat' dir='ltr'><strong>Dei</strong></span> <span class='ocrx_word' id='word_1_361' title='bbox 667 4453 834 4516; x_wconf 89' lang='lat' dir='ltr'><strong>proleptice,</strong></span> <span class='ocrx_word' id='word_1_362' title='bbox 851 4452 887 4504; x_wconf 93' lang='lat' dir='ltr'><strong>ob</strong></span> <span class='ocrx_word' id='word_1_363' title='bbox 906 4453 1113 4505; x_wconf 79' lang='lat' dir='ltr'><strong>inaniiestatarn</strong></span> <span class='ocrx_word' id='word_1_364' title='bbox 1133 4453 1171 4504; x_wconf 89' lang='lat' dir='ltr'><strong>ib.</strong></span> <span class='ocrx_word' id='word_1_365' title='bbox 1190 4451 1369 4516; x_wconf 88' lang='lat' dir='ltr'><strong>postmodum</strong></span> <span class='ocrx_word' id='word_1_366' title='bbox 1390 4453 1510 4516; x_wconf 87' lang='lat' dir='ltr'><strong>gloriam</strong></span> <span class='ocrx_word' id='word_1_367' title='bbox 1533 4452 1600 4513; x_wconf 89' lang='lat' dir='ltr'><strong>Dei,</strong></span> 
     </span>
     <span class='ocr_line' id='line_1_38' title="bbox 272 4539 1603 4605; baseline 0.001 -16"><span class='ocrx_word' id='word_1_368' title='bbox 272 4545 406 4603; x_wconf 84' lang='lat' dir='ltr'><strong>putavere</strong></span> <span class='ocrx_word' id='word_1_369' title='bbox 423 4541 585 4603; x_wconf 69' lang='lat' dir='ltr'><strong>Tergemina.</strong></span> <span class='ocrx_word' id='word_1_370' title='bbox 602 4539 719 4592; x_wconf 84' lang='lat' dir='ltr'><strong>Videtur</strong></span> <span class='ocrx_word' id='word_1_371' title='bbox 733 4543 789 4591; x_wconf 88' lang='lat' dir='ltr'><strong>iam</strong></span> <span class='ocrx_word' id='word_1_372' title='bbox 805 4547 856 4591; x_wconf 82' lang='lat' dir='ltr'><strong>ios.</strong></span> <span class='ocrx_word' id='word_1_373' title='bbox 873 4553 977 4592; x_wconf 88' lang='lat' dir='ltr'><strong>nomen</strong></span> <span class='ocrx_word' id='word_1_374' title='bbox 996 4541 1061 4592; x_wconf 89' lang='lat' dir='ltr'><strong>inde</strong></span> <span class='ocrx_word' id='word_1_375' title='bbox 1078 4541 1248 4605; x_wconf 83' lang='lat' dir='ltr'><strong>explicasse,</strong></span> <span class='ocrx_word' id='word_1_376' title='bbox 1265 4541 1340 4604; x_wconf 88' lang='lat' dir='ltr'><strong>quod</strong></span> <span class='ocrx_word' id='word_1_377' title='bbox 1357 4554 1438 4591; x_wconf 90' lang='lat' dir='ltr'><strong>mons</strong></span> <span class='ocrx_word' id='word_1_378' title='bbox 1461 4542 1515 4592; x_wconf 90' lang='lat' dir='ltr'><strong>iste</strong></span> <span class='ocrx_word' id='word_1_379' title='bbox 1528 4545 1603 4591; x_wconf 85' lang='lat' dir='ltr'><strong>esset</strong></span> 
     </span>
     <span class='ocr_line' id='line_1_39' title="bbox 270 4627 1601 4693; baseline 0.001 -16"><span class='ocrx_word' id='word_1_380' title='bbox 270 4630 393 4678; x_wconf 86' lang='lat' dir='ltr'><strong>omnium</strong></span> <span class='ocrx_word' id='word_1_381' title='bbox 410 4627 555 4679; x_wconf 85' lang='lat' dir='ltr'><strong>Sinaitidis</strong></span> <span class='ocrx_word' id='word_1_382' title='bbox 569 4631 706 4680; x_wconf 88' lang='lat' dir='ltr'><strong>montium</strong></span> <span class='ocrx_word' id='word_1_383' title='bbox 721 4631 885 4682; x_wconf 77' lang='lat' dir='ltr'><strong>altissimus</strong></span> <span class='ocrx_word' id='word_1_384' title='bbox 905 4629 965 4691; x_wconf 84' lang='lat'><strong>18,5</strong></span> <span class='ocrx_word' id='word_1_385' title='bbox 981 4630 1055 4682; x_wconf 89' lang='lat' dir='ltr'><strong>idem</strong></span> <span class='ocrx_word' id='word_1_386' title='bbox 1065 4641 1168 4680; x_wconf 87' lang='lat' dir='ltr'><strong>nomen</strong></span> <span class='ocrx_word' id='word_1_387' title='bbox 1181 4629 1292 4679; x_wconf 77' lang='lat' dir='ltr'><strong>videtur</strong></span> <span class='ocrx_word' id='word_1_388' title='bbox 1305 4642 1405 4693; x_wconf 87' lang='lat' dir='ltr'><strong>reapse</strong></span> <span class='ocrx_word' id='word_1_389' title='bbox 1415 4631 1499 4680; x_wconf 89' lang='lat' dir='ltr'><strong>etiam</strong></span> <span class='ocrx_word' id='word_1_390' title='bbox 1509 4629 1601 4679; x_wconf 92' lang='lat' dir='ltr'><strong>norni-</strong></span> 
     </span>
     <span class='ocr_line' id='line_1_40' title="bbox 270 4717 1601 4782; baseline 0 -16"><span class='ocrx_word' id='word_1_391' title='bbox 270 4719 314 4768; x_wconf 88' lang='lat' dir='ltr'><strong>nis</strong></span> <span class='ocrx_word' id='word_1_392' title='bbox 328 4719 433 4782; x_wconf 89' lang='lat' dir='ltr'><strong>proprii</strong></span> <span class='ocrx_word' id='word_1_393' title='bbox 450 4718 573 4782; x_wconf 89' lang='lat' dir='ltr'><strong>aliquam</strong></span> <span class='ocrx_word' id='word_1_394' title='bbox 592 4717 698 4769; x_wconf 87' lang='lat' dir='ltr'><strong>habere</strong></span> <span class='ocrx_word' id='word_1_395' title='bbox 714 4721 875 4770; x_wconf 88' lang='lat' dir='ltr'><strong>rationem:</strong></span> <span class='ocrx_word' id='word_1_396' title='bbox 896 4718 970 4770; x_wconf 88' lang='lat' dir='ltr'><strong>unde</strong></span> <span class='ocrx_word' id='word_1_397' title='bbox 994 4718 1091 4770; x_wconf 86' lang='lat' dir='ltr'><strong>licebit</strong></span> <span class='ocrx_word' id='word_1_398' title='bbox 1103 4730 1168 4768; x_wconf 90' lang='lat' dir='ltr'><strong>cum</strong></span> <span class='ocrx_word' id='word_1_399' title='bbox 1190 4718 1241 4769; x_wconf 77' lang='lat' dir='ltr'><strong>ios.</strong></span> <span class='ocrx_word' id='word_1_400' title='bbox 1258 4717 1375 4779; x_wconf 85' lang='lat' dir='ltr'><strong>addere,</strong></span> <span class='ocrx_word' id='word_1_401' title='bbox 1391 4731 1456 4768; x_wconf 89' lang='lat' dir='ltr'><strong>eum</strong></span> <span class='ocrx_word' id='word_1_402' title='bbox 1472 4719 1517 4769; x_wconf 89' lang='lat' dir='ltr'><strong>vel</strong></span> <span class='ocrx_word' id='word_1_403' title='bbox 1535 4723 1601 4766; x_wconf 87' lang='lat' dir='ltr'><strong>anto</strong></span> 
     </span>
     <span class='ocr_line' id='line_1_41' title="bbox 271 4805 1601 4872; baseline -0.001 -16"><span class='ocrx_word' id='word_1_404' title='bbox 271 4805 385 4871; x_wconf 85' lang='lat' dir='ltr'><strong>Moysen</strong></span> <span class='ocrx_word' id='word_1_405' title='bbox 409 4811 532 4858; x_wconf 84' lang='lat' dir='ltr'><strong>montem</strong></span> <span class='ocrx_word' id='word_1_406' title='bbox 552 4806 677 4857; x_wconf 85' lang='lat' dir='ltr'><strong>habitum</strong></span> <span class='ocrx_word' id='word_1_407' title='bbox 702 4819 765 4860; x_wconf 85' lang='lat' dir='ltr'><strong>esse</strong></span> <span class='ocrx_word' id='word_1_408' title='bbox 789 4806 995 4872; x_wconf 88' lang='lat' dir='ltr'><strong>quodammodo</strong></span> <span class='ocrx_word' id='word_1_409' title='bbox 1025 4819 1135 4858; x_wconf 89' lang='lat' dir='ltr'><strong>sacrum</strong></span> <span class='ocrx_word' id='word_1_410' title='bbox 1159 4808 1338 4871; x_wconf 87' lang='lat' dir='ltr'><strong>numinisque</strong></span> <span class='ocrx_word' id='word_1_411' title='bbox 1359 4807 1463 4858; x_wconf 89' lang='lat' dir='ltr'><strong>sedem.</strong></span> <span class='ocrx_word' id='word_1_412' title='bbox 1490 4806 1601 4871; x_wconf 85' lang='lat' dir='ltr'><strong>Reapse</strong></span> 
     </span>
    </p>
   </div>
   <div class='ocr_carea' id='block_1_7' title="bbox 0 0 1772 5380">
    <p class='ocr_par' dir='ltr' id='par_1_13' title="bbox 0 0 1772 5380">
     <span class='ocr_line' id='line_1_42' title="bbox 0 0 1772 5380; baseline 0 0"><span class='ocrx_word' id='word_1_413' title='bbox 0 0 1772 5380; x_wconf 95' lang='lat' dir='ltr'><strong> </strong></span> 
     </span>
    </p>
   </div>
  </div>
 </body>
</html>
