3534 5384
256 391 295 450 80
705 401 813 446 uovs1s
833 399 909 445 xerx
933 399 965 443 uv
986 399 1134 444 xrorrro.

256 537 435 629 prudentis
450 536 542 624 regis
556 535 621 603 erit
634 534 733 602 illum
747 535 792 600 ad
801 534 890 600 iram
904 556 973 600 non
986 533 1173 613 concitare,
1189 535 1264 600 eius
1278 532 1421 621 obsequi
1442 531 1587 621 placitis.

257 651 349 712 Hanc
371 646 489 710 saltem
515 641 686 732 probandi
706 641 776 707 vim
796 641 947 707 tribuere
962 640 1126 707 debemus
1144 646 1303 730 portento
1324 661 1435 727 aquae
1454 639 1492 704 in
1511 660 1589 705 san-

257 753 399 840 guinem
415 753 579 830 mutatae,
594 749 656 816 ubi
667 769 738 814 non
748 747 942 814 affirmatur
952 752 1011 813 aut
1023 753 1114 814 terra
1128 749 1250 814 Gesseu
1260 768 1331 813 esse
1346 751 1514 835 exempta,
1530 751 1590 812 aut

256 863 365 944 Moyse
381 855 614 922 intercedente
629 855 736 944 plaga
752 875 912 935 cessasse3
929 852 995 919 nisi
1009 853 1097 919 forte
1109 854 1175 919 hoc
1188 853 1335 919 alterum
1351 853 1389 918 in
1409 857 1501 918 textu
1517 850 1590 940 pri-

258 963 460 1032 dem'fuisse
479 967 582 1050 atque
606 983 645 1028 ex
663 961 724 1026 illo
737 966 854 1050 postea
876 959 1058 1042 excidisse,
1080 959 1241 1026 coniiciat
1259 960 1347 1048 quis.
1370 960 1493 1045 Virgae
1508 979 1590 1025 vero

257 1075 407 1138 mutatae
422 1073 668 1155 argumentum
683 1066 846 1133 eximium
865 1065 1035 1133 derivavit
1048 1066 1155 1132 robur
1169 1089 1209 1132 ex
1224 1088 1279 1146 eo,
1294 1065 1387 1158 quod
1405 1065 1504 1152 virga
1522 1071 1589 1132 Aa·

257 1200 320 1245 ron
336 1175 408 1242 visa
427 1174 470 1241 sit
489 1195 672 1260 magorum
692 1174 807 1260 virgas
826 1173 1015 1240 destruere.
1033 1177 1206 1240 Ranarum
1218 1173 1324 1262 plaga
1342 1195 1363 1238 a
1382 1172 1491 1259 magis
1513 1174 1591 1262 qui-

257 1284 337 1351 dem
356 1283 549 1349 imitatione
563 1279 708 1370 exprimi
724 1281 851 1369 potuit,
869 1285 905 1346 at
918 1279 1055 1346 nonnisi
1067 1285 1176 1366 Moyse
1185 1280 1420 1346 intercedente
1433 1279 1585 1346 cessavit.

257 1391 334 1457 Pari
355 1388 489 1455 ratione
505 1409 718 1469 muscarum,
742 1384 939 1472 grandium,
953 1385 1161 1452 locustarum
1177 1386 1304 1474 plagae
1318 1386 1455 1452 nonnisi
1471 1391 1590 1453 orante

258 1503 366 1584 Moyse
385 1495 489 1560 finem
510 1515 704 1582 sumpsere,
727 1497 831 1582 atque
847 1491 900 1558 ita
916 1492 1020 1558 lahve
1033 1493 1222 1582 potentiam
1237 1493 1449 1583 pandebant.
1472 1491 1523 1558 ab
1538 1493 1590 1559 ul·

258 1601 393 1669 ceribus
409 1600 462 1668 vel
476 1599 542 1689 ipsi
563 1599 656 1686 magi
673 1620 742 1666 nou
768 1598 862 1666 luere
881 1599 1063 1666 immunes
1090 1599 1247 1688 Aplagis
1267 1621 1477 1681 muscarum,
1495 1600 1589 1666 ulce-

258 1730 353 1788 rum,
381 1706 576 1794 grandinis,
603 1704 1171 1794 tenebrarum,primogenitorum
1196 1704 1473 1794 interemptionis
1497 1711 1591 1772 terra

259 1821 381 1882 Gessen
401 1813 595 1880 affirmatur
614 1811 818 1902 providente
835 1813 937 1879 lahve
957 1835 1027 1878 esse
1045 1817 1213 1902 exempta.
1238 1816 1328 1889 Quae
1346 1813 1462 1878 omnis
1481 1833 1590 1898 argu-

260 1925 454 1987 mentorum
471 1920 648 2006 augebant
667 1917 869 1986 efficaciam.

304 2027 339 2094 si
359 2027 428 2092 iam
448 2032 645 2115 quaeratur,
668 2049 737 2116 qua
757 2025 881 2090 virtute
901 2025 961 2091 illa
979 2029 1139 2114 portenta
1157 2024 1285 2091 fuerint
1306 2024 1441 2104 effecta,
1461 2023 1590 2092 adscri-

260 2133 374 2200 benda
399 2132 460 2198 illa
486 2139 587 2200 erunt
618 2137 678 2198 aut
701 2131 897 2223 praestigiis
921 2131 1125 2221 quibusdam
1150 2153 1244 2198 mere
1269 2130 1502 2210 naturalibus,
1532 2138 1590 2199 aut

259 2239 406 2306 influxui
421 2238 616 2320 daemoniS,
635 2243 695 2305 aut
713 2238 833 2304 virtuti
847 2238 916 2306 liei.
934 2239 1049 2327 Moysi
1065 2239 1129 2304 hae
1149 2240 1238 2304 inre
1257 2259 1338 2304 sane
1357 2237 1468 2304 adfuit
1482 2238 1590 2304 virtus

259 2346 317 2413 liei
338 2367 346 2413 :
365 2345 486 2434 quodsi
502 2344 594 2410 enim
611 2343 746 2411 dicatur
762 2343 841 2410 solis
861 2344 1056 2433 praestigiis
1070 2366 1150 2411 usus
1167 2366 1240 2410 esse
1253 2343 1484 2427 naturalibus,
1503 2344 1590 2411 Pha-

260 2472 401 2517 raonem
419 2449 568 2539 decepit,
592 2449 745 2516 divinam
764 2449 961 2516 missionem
979 2449 1122 2516 minime
1142 2449 1400 2516 demonstravit.
1416 2456 1452 2516 lu
1469 2472 1591 2539 moqe-

260 2581 336 2625 rum
351 2555 518 2646 portentis
530 2555 741 2646 explicandis
755 2555 1002 2622 recurrendum
1012 2557 1079 2621 erit
1091 2557 1142 2622 vel
1158 2556 1202 2622 ad
1216 2556 1404 2645 praestigia
1418 2557 1589 2623 naturalia

260 2664 315 2731 vel
328 2663 373 2730 ad
384 2662 593 2729 daemonum
607 2661 789 2730 inlluxum.
805 2667 970 2739 Quorsum
984 2662 1174 2751 praestigia
1190 2663 1360 2729 naturalia
1374 2663 1587 2753 pertingant,

260 2770 405 2838 definire
426 2774 583 2836 accurate
598 2791 667 2836 non
683 2769 847 2836 valemus
869 2768 937 2836 Sed
956 2791 1054 2852 eave,
1076 2791 1119 2835 ue
1144 2768 1257 2855 virgas
1274 2771 1310 2835 in
1327 2769 1494 2837 dracones
1515 2792 1592 2836 mu-

262 2885 346 2945 tatas
358 2876 542 2966 explicasse
561 2876 625 2942 tibi
645 2876 794 2943 videaris
808 2875 990 2964 appellatis
1006 2875 1143 2963 Psyllis,
1164 2878 1224 2966 qui
1239 2882 1414 2966 serpentes
1428 2876 1591 2944 carmini·

261 2985 325 3050 bus
350 2982 505 3066 eliciant,
536 2983 696 3049 manibus
716 2987 912 3065 attrectent,
941 2982 1049 3048 morsi
1067 2982 1157 3048 nihil
1180 2981 1383 3050 'detrimenti
1403 2983 1586 3072 accipiant.

261 3090 452 3156 llemineris
469 3089 568 3170 item,
591 3089 686 3156 aliud
703 3089 843 3154 omnino
859 3111 928 3155 esse
950 3093 1141 3177 serpentem
1157 3089 1192 3154 in
1213 3095 1388 3179 torporem
1405 3089 1590 3178 quemdam

260 3195 445 3276 conficere,
470 3201 507 3262 ut
527 3194 640 3262 baculi
653 3195 762 3262 instar
781 3193 945 3281 rigescat,
969 3201 1002 3262 et
1018 3195 1181 3262 baculum
1201 3197 1443 3263 transformare
1464 3198 1502 3264 in
1522 3218 1593 3263 ser-

260 3305 413 3392 pentem,
431 3302 491 3390 qui
503 3301 657 3368 eumalio
671 3309 829 3390 serpente
839 3301 1001 3369 decertet.
1015 3301 1163 3368 Aliunde
1175 3301 1362 3369 daemones
1373 3303 1593 3392 permittente

260 3413 326 3475 lieo
340 3407 448 3476 multa
462 3409 498 3473 in
512 3408 642 3474 mundo
658 3415 794 3497 praeter
813 3413 956 3475 naturae
966 3407 1059 3494 leges
1076 3408 1228 3497 operari,
1250 3415 1335 3476 etex
1347 3408 1592 3476 lideifontibus

261 3516 445 3582 certissime
462 3516 607 3592 eruitur,
632 3518 665 3580 et
683 3521 801 3581 nostro
818 3537 902 3581 aevo
924 3513 1003 3581 ideo
1023 3515 1127 3582 etiam
1142 3514 1255 3582 minus
1273 3517 1479 3604 probatione
1498 3516 1594 3583 indi-

261 3627 334 3707 get,
354 3621 530 3709 quodiam
544 3645 564 3687 a
579 3621 825 3687 materialismo
840 3620 886 3687 ad
904 3620 1128 3710 spiritismum
1148 3622 1331 3688 deflectant
1345 3628 1394 3688 tot
1412 3623 1592 3689 doctorum

262 3727 413 3794 virorum
429 3726 583 3813 ingenia.

298 3917 405 3968 Sensus
423 3918 523 3968 obvius
536 3917 561 3978 l,
579 3919 603 3969 2.
625 3917 666 3968 ti.
683 3918 717 3968 20
731 3931 799 3968 sanc
823 3919 847 3968 is
871 3920 923 3978 est,
940 3923 1070 3982 pertenta
1085 3918 1186 3970 eliccta
1208 3932 1271 3970 esse
1288 3933 1342 3983 ope
1360 3923 1458 3984 virgae
1476 3922 1593 3984 Moysis.

262 4009 341 4057 Mane
357 4009 465 4070 virgam
484 4005 547 4066 sto
563 4007 673 4069 Moyses
693 4019 786 4057 eorem
810 4007 915 4070 populo
937 4009 1055 4058 mutavit
1069 4010 1098 4057 in
1116 4007 1282 4057 colubrum:
1299 4010 1454 4060 subiectum
1474 4011 1588 4074 quidem

262 4097 418 4146 sententiae
432 4099 528 4158 posset
540 4108 629 4158 aeque
639 4095 759 4158 intelligi
776 4097 884 4157 Aaron;
898 4100 927 4146 at
941 4097 1097 4146 subiectum
1111 4109 1174 4147 esse
1188 4097 1303 4158 Moysen
1316 4099 1438 4149 ‹lceisrat
1451 4099 1525 4160 7,15‚
1541 4100 1591 4149 ubi

263 4184 351 4246 Moysi
366 4185 467 4234 dieitur
482 4197 488 4233 :
506 4186 654 4246 «virgam,
672 4197 745 4247 quae
758 4197 894 4234 conversa
916 4185 1002 4235 estin
1017 4186 1161 4235 colubrum
1188 4202 1198 4232 ι
1216 4186 1271 4248 (4,3
1279 4199 1287 4246 ;
1304 4200 1361 4236 non
1380 4189 1409 4236 in
1424 4188 1589 4250 draconem,

262 4275 302 4322 uti
318 4271 404 4338 eie),
425 4288 436 4320 ι
454 4273 536 4322 tolles
550 4273 578 4322 in
591 4285 676 4322 ruenu
688 4279 736 4322 tua
750 4289 775 4322 ι.
792 4274 828 4324 At
841 4276 972 4337 portenta
984 4273 1115 4324 videntur
1129 4276 1214 4324 etiam
1229 4273 1329 4325 effecta
1348 4289 1411 4326 esse
1425 4289 1479 4340 ope
1497 4279 1592 4339 vireas

262 4363 362 4421 Aaron,
379 4362 427 4426 qui
438 4362 518 4424 virga
532 4375 582 4411 suu
599 4359 664 4428 (7‚9.
683 4361 722 4411 10.
738 4361 784 4423 12;
801 4362 857 4422 8,5.
877 4361 918 4412 16.
935 4363 975 4428 ti)
987 4364 1055 4412 talia
1065 4365 1183 4427 peregit,
1195 4364 1333 4427 imprimis
1347 4378 1424 4426 vere,
1438 4366 1504 4416 dum
1513 4365 1595 4429 Moy-

262 4463 307 4500 ses
323 4449 385 4510 7,17
400 4463 488 4513 aquas
502 4451 690 4514 percutiebat,
703 4463 752 4501 ces
762 4452 822 4515 ipse
835 4464 947 4516 queque
957 4463 984 4500 v.
998 4451 1031 4501 20
1045 4451 1134 4502 altera
1143 4452 1224 4514 virga
1235 4455 1382 4515 percussit.
1397 4456 1422 4514 9,
1436 4454 1476 4504 15.
1488 4454 1533 4504 ti.
1547 4454 1591 4516 2³,

266 4538 354 4601 10,12,
374 4537 415 4589 13.
433 4539 462 4589 21
481 4551 524 4602 sq.
538 4538 640 4588 dicitur
655 4539 765 4602 Moyses
789 4540 949 4590 extendisse
969 4553 1083 4590 manum
1103 4545 1131 4590 et
1147 4541 1270 4604 virgam,
1285 4555 1341 4604 quo
1364 4555 1422 4592 nen
1436 4543 1593 4594 excluditur

263 4629 404 4678 Aaronem
419 4641 530 4692 quoque
545 4641 625 4678 suam
640 4629 767 4680 elevasse
787 4631 911 4692 virgam,
925 4629 976 4679 sed
1000 4642 1045 4678 res
1063 4630 1232 4680 succinctius
1250 4635 1390 4681 narratur.
1411 4631 1518 4682 Tamen
1535 4645 1594 4682 non

263 4717 357 4766 omnia
370 4717 500 4781 portenta
514 4716 596 4768 simul
611 4718 800 4780 operabantur
810 4717 851 4767 illi
864 4717 919 4766 duo
933 4718 1004 4768 viri:
1018 4719 1126 4768 cineres
1142 4717 1186 4780 9,8
1202 4720 1375 4769 sustulerunt
1387 4720 1484 4781 ambe,
1495 4733 1594 4771 verum

262 4807 365 4869 sparsit
379 4806 456 4858 solus
466 4805 584 4869 Moyses.
603 4805 692 4868 il,16.
708 4806 751 4856 il.
765 4805 807 4857 26.
826 4806 859 4857 27
872 4807 949 4858 solus
960 4807 1070 4871 Moyses
1082 4808 1193 4859 sublata
1201 4810 1282 4872 virga
1291 4808 1401 4860 videtur
1411 4823 1500 4873 aquas
1514 4823 1593 4874 sepa·
