<?xml version="1.0" encoding="UTF-8"?>
<!DOCTYPE html PUBLIC "-//W3C//DTD XHTML 1.0 Transitional//EN"
    "http://www.w3.org/TR/xhtml1/DTD/xhtml1-transitional.dtd">
<html xmlns="http://www.w3.org/1999/xhtml" xml:lang="en" lang="en">
 <head>
  <title>
</title>
<meta http-equiv="Content-Type" content="text/html;charset=utf-8" />
  <meta name='ocr-system' content='tesseract 3.04.00' />
  <meta name='ocr-capabilities' content='ocr_page ocr_carea ocr_par ocr_line ocrx_word'/>
</head>
<body>
  <div class='ocr_page' id='page_1' title='image "./commentariusine00hummgoog_0295.png"; bbox 0 0 3534 5384; ppageno 0'>
   <div class='ocr_carea' id='block_1_1' title="bbox 205 351 1132 417">
    <p class='ocr_par' dir='ltr' id='par_1_1' title="bbox 205 351 1132 417">
     <span class='ocr_line' id='line_1_1' title="bbox 205 351 1132 417; baseline 0 -6"><span class='ocrx_word' id='word_1_1' title='bbox 205 351 266 411; x_wconf 68' lang='lat'><em>284</em></span> <span class='ocrx_word' id='word_1_2' title='bbox 606 367 748 412; x_wconf 82' lang='lat' dir='ltr'><em>novoaun</em></span> <span class='ocrx_word' id='word_1_3' title='bbox 769 368 927 413; x_wconf 77' lang='lat' dir='ltr'><em>sscnoauu</em></span> <span class='ocrx_word' id='word_1_4' title='bbox 946 369 1132 417; x_wconf 81' lang='lat' dir='ltr'><em>msrnurm.</em></span> 
     </span>
    </p>
   </div>
   <div class='ocr_carea' id='block_1_2' title="bbox 180 499 1537 4845">
    <p class='ocr_par' dir='ltr' id='par_1_2' title="bbox 180 499 1537 3680">
     <span class='ocr_line' id='line_1_2' title="bbox 211 499 1535 594; baseline 0.008 -33"><span class='ocrx_word' id='word_1_5' title='bbox 211 528 226 561; x_wconf 77' lang='lat' dir='ltr'><em>n</em></span> <span class='ocrx_word' id='word_1_6' title='bbox 248 501 389 566; x_wconf 89' lang='lat' dir='ltr'><em>Necnon</em></span> <span class='ocrx_word' id='word_1_7' title='bbox 414 512 445 566; x_wconf 90' lang='lat' dir='ltr'><em>et</em></span> <span class='ocrx_word' id='word_1_8' title='bbox 466 499 553 566; x_wconf 88' lang='lat' dir='ltr'><em>alios</em></span> <span class='ocrx_word' id='word_1_9' title='bbox 574 499 661 567; x_wconf 78' lang='lat' dir='ltr'><em>dicos</em></span> <span class='ocrx_word' id='word_1_10' title='bbox 681 500 829 568; x_wconf 84' lang='lat' dir='ltr'><em>annulos</em></span> <span class='ocrx_word' id='word_1_11' title='bbox 844 525 980 585; x_wconf 81' lang='lat' dir='ltr'><em>arrreor,</em></span> <span class='ocrx_word' id='word_1_12' title='bbox 999 502 1222 592; x_wconf 85' lang='lat' dir='ltr'><em>quiponemlt&#39;</em></span> <span class='ocrx_word' id='word_1_13' title='bbox 1239 514 1320 569; x_wconf 89' lang='lat' dir='ltr'><em>sunt</em></span> <span class='ocrx_word' id='word_1_14' title='bbox 1338 504 1374 570; x_wconf 88' lang='lat' dir='ltr'><em>in</em></span> <span class='ocrx_word' id='word_1_15' title='bbox 1394 516 1535 594; x_wconf 86' lang='lat' dir='ltr'><em>utroque</em></span> 
     </span>
     <span class='ocr_line' id='line_1_3' title="bbox 206 605 1536 700; baseline 0.005 -29"><span class='ocrx_word' id='word_1_16' title='bbox 206 606 311 673; x_wconf 89' lang='lat' dir='ltr'><em>latere</em></span> <span class='ocrx_word' id='word_1_17' title='bbox 325 605 615 696; x_wconf 86' lang='lat' dir='ltr'><em>superhumeralis</em></span> <span class='ocrx_word' id='word_1_18' title='bbox 631 606 805 689; x_wconf 83' lang='lat' dir='ltr'><em>deorsum,</em></span> <span class='ocrx_word' id='word_1_19' title='bbox 822 608 916 698; x_wconf 82' lang='lat' dir='ltr'><em>quod</em></span> <span class='ocrx_word' id='word_1_20' title='bbox 930 608 1068 700; x_wconf 75' lang='lat' dir='ltr'><em>respicit</em></span> <span class='ocrx_word' id='word_1_21' title='bbox 1086 618 1203 675; x_wconf 89' lang='lat' dir='ltr'><em>eontra</em></span> <span class='ocrx_word' id='word_1_22' title='bbox 1214 610 1340 699; x_wconf 75' lang='lat' dir='ltr'><em>faeiem</em></span> <span class='ocrx_word' id='word_1_23' title='bbox 1356 608 1536 677; x_wconf 83' lang='lat' dir='ltr'><em>ircncturae</em></span> 
     </span>
     <span class='ocr_line' id='line_1_4' title="bbox 205 702 1536 803; baseline 0.005 -26"><span class='ocrx_word' id='word_1_24' title='bbox 205 702 397 803; x_wconf 72' lang='lat' dir='ltr'><em>inferioris,</em></span> <span class='ocrx_word' id='word_1_25' title='bbox 415 724 454 778; x_wconf 88' lang='lat' dir='ltr'><em>nt</em></span> <span class='ocrx_word' id='word_1_26' title='bbox 469 714 585 803; x_wconf 89' lang='lat' dir='ltr'><em>aptari</em></span> <span class='ocrx_word' id='word_1_27' title='bbox 599 715 710 803; x_wconf 82' lang='lat' dir='ltr'><em>possit</em></span> <span class='ocrx_word' id='word_1_28' title='bbox 729 736 807 781; x_wconf 90' lang='lat' dir='ltr'><em>cum</em></span> <span class='ocrx_word' id='word_1_29' title='bbox 832 714 1107 803; x_wconf 75' lang='lat' dir='ltr'><em>superhumerali</em></span> <span class='ocrx_word' id='word_1_30' title='bbox 1133 743 1162 782; x_wconf 78' lang='lat' dir='ltr'><em>r.</em></span> <span class='ocrx_word' id='word_1_31' title='bbox 1189 715 1334 783; x_wconf 80' lang='lat' dir='ltr'><em>Annalis</em></span> <span class='ocrx_word' id='word_1_32' title='bbox 1352 738 1385 783; x_wconf 86' lang='lat' dir='ltr'><em>v.</em></span> <span class='ocrx_word' id='word_1_33' title='bbox 1409 723 1453 784; x_wconf 73' lang='lat'><em>26</em></span> <span class='ocrx_word' id='word_1_34' title='bbox 1477 717 1536 785; x_wconf 79' lang='lat' dir='ltr'><em>de-</em></span> 
     </span>
     <span class='ocr_line' id='line_1_5' title="bbox 204 819 1535 915; baseline 0.003 -28"><span class='ocrx_word' id='word_1_35' title='bbox 204 820 337 909; x_wconf 80' lang='lat' dir='ltr'><em>scriptis</em></span> <span class='ocrx_word' id='word_1_36' title='bbox 351 819 558 909; x_wconf 86' lang='lat' dir='ltr'><em>respondent</em></span> <span class='ocrx_word' id='word_1_37' title='bbox 569 820 629 887; x_wconf 87' lang='lat' dir='ltr'><em>alii</em></span> <span class='ocrx_word' id='word_1_38' title='bbox 643 821 763 887; x_wconf 90' lang='lat' dir='ltr'><em>annuli</em></span> <span class='ocrx_word' id='word_1_39' title='bbox 778 822 847 889; x_wconf 89' lang='lat' dir='ltr'><em>duo</em></span> <span class='ocrx_word' id='word_1_40' title='bbox 861 822 898 888; x_wconf 91' lang='lat' dir='ltr'><em>in</em></span> <span class='ocrx_word' id='word_1_41' title='bbox 912 822 987 912; x_wconf 92' lang='lat' dir='ltr'><em>ipso</em></span> <span class='ocrx_word' id='word_1_42' title='bbox 1003 821 1130 911; x_wconf 82' lang='lat' dir='ltr'><strong>ephod.</strong></span> <span class='ocrx_word' id='word_1_43' title='bbox 1142 821 1246 890; x_wconf 84' lang='lat' dir='ltr'><em>Hebr.</em></span> <span class='ocrx_word' id='word_1_44' title='bbox 1264 845 1278 889; x_wconf 88' lang='lat'><em>.·</em></span> <span class='ocrx_word' id='word_1_45' title='bbox 1287 844 1465 915; x_wconf 87' lang='lat' dir='ltr'><em>ponesque</em></span> <span class='ocrx_word' id='word_1_46' title='bbox 1479 845 1535 891; x_wconf 87' lang='lat' dir='ltr'><em>cos</em></span> 
     </span>
     <span class='ocr_line' id='line_1_6' title="bbox 205 924 1535 1016; baseline 0.005 -25"><span class='ocrx_word' id='word_1_47' title='bbox 205 926 243 991; x_wconf 90' lang='lat' dir='ltr'><em>in</em></span> <span class='ocrx_word' id='word_1_48' title='bbox 257 924 388 993; x_wconf 83' lang='lat' dir='ltr'><em>derebus</em></span> <span class='ocrx_word' id='word_1_49' title='bbox 398 926 548 993; x_wconf 84' lang='lat' dir='ltr'><em>humeris</em></span> <span class='ocrx_word' id='word_1_50' title='bbox 562 926 674 1016; x_wconf 83' lang='lat' dir='ltr'><em>ephod</em></span> <span class='ocrx_word' id='word_1_51' title='bbox 683 926 850 1011; x_wconf 80' lang='lat' dir='ltr'><em>deorsum,</em></span> <span class='ocrx_word' id='word_1_52' title='bbox 866 928 904 994; x_wconf 88' lang='lat' dir='ltr'><em>in</em></span> <span class='ocrx_word' id='word_1_53' title='bbox 910 928 1026 1015; x_wconf 78' lang='lat' dir='ltr'><em>fronte</em></span> <span class='ocrx_word' id='word_1_54' title='bbox 1038 928 1113 995; x_wconf 81' lang='lat' dir='ltr'><em>elus</em></span> <span class='ocrx_word' id='word_1_55' title='bbox 1120 979 1130 1012; x_wconf 93' lang='lat'><em>,</em></span> <span class='ocrx_word' id='word_1_56' title='bbox 1146 951 1241 996; x_wconf 88' lang='lat' dir='ltr'><em>secus</em></span> <span class='ocrx_word' id='word_1_57' title='bbox 1258 930 1535 997; x_wconf 84' lang='lat' dir='ltr'><em>coniunctionem</em></span> 
     </span>
     <span class='ocr_line' id='line_1_7' title="bbox 205 1032 1536 1124; baseline 0.003 -25"><span class='ocrx_word' id='word_1_58' title='bbox 205 1032 296 1113; x_wconf 86' lang='lat' dir='ltr'><em>eius,</em></span> <span class='ocrx_word' id='word_1_59' title='bbox 312 1055 416 1123; x_wconf 86' lang='lat' dir='ltr'><em>supra</em></span> <span class='ocrx_word' id='word_1_60' title='bbox 427 1032 578 1122; x_wconf 77' lang='lat' dir='ltr'><em>fasciam</em></span> <span class='ocrx_word' id='word_1_61' title='bbox 594 1032 729 1123; x_wconf 74' lang='lat' dir='ltr'><em>ephesli.</em></span> <span class='ocrx_word' id='word_1_62' title='bbox 745 1034 890 1100; x_wconf 88' lang='lat' dir='ltr'><em>Humeri</em></span> <span class='ocrx_word' id='word_1_63' title='bbox 904 1033 1148 1121; x_wconf 81' lang='lat' dir='ltr'><em>intelliguntur</em></span> <span class='ocrx_word' id='word_1_64' title='bbox 1163 1034 1291 1124; x_wconf 91' lang='lat' dir='ltr'><em>ephodi</em></span> <span class='ocrx_word' id='word_1_65' title='bbox 1309 1035 1365 1102; x_wconf 89' lang='lat' dir='ltr'><em>ala</em></span> <span class='ocrx_word' id='word_1_66' title='bbox 1384 1037 1536 1104; x_wconf 90' lang='lat' dir='ltr'><em>anterior</em></span> 
     </span>
     <span class='ocr_line' id='line_1_8' title="bbox 205 1139 1533 1232; baseline 0.003 -27"><span class='ocrx_word' id='word_1_67' title='bbox 205 1145 239 1207; x_wconf 91' lang='lat' dir='ltr'><em>et</em></span> <span class='ocrx_word' id='word_1_68' title='bbox 252 1139 422 1229; x_wconf 85' lang='lat' dir='ltr'><em>posterior</em></span> <span class='ocrx_word' id='word_1_69' title='bbox 440 1162 448 1207; x_wconf 90' lang='lat'>:</span> <span class='ocrx_word' id='word_1_70' title='bbox 465 1139 590 1229; x_wconf 89' lang='lat' dir='ltr'><em>quibus</em></span> <span class='ocrx_word' id='word_1_71' title='bbox 603 1139 757 1206; x_wconf 89' lang='lat' dir='ltr'><em>humeris</em></span> <span class='ocrx_word' id='word_1_72' title='bbox 770 1141 981 1229; x_wconf 88' lang='lat' dir='ltr'><em>adaptantur</em></span> <span class='ocrx_word' id='word_1_73' title='bbox 994 1141 1132 1225; x_wconf 90' lang='lat' dir='ltr'><em>annuli,</em></span> <span class='ocrx_word' id='word_1_74' title='bbox 1149 1149 1181 1209; x_wconf 88' lang='lat' dir='ltr'><em>et</em></span> <span class='ocrx_word' id='word_1_75' title='bbox 1196 1141 1338 1232; x_wconf 88' lang='lat' dir='ltr'><em>quidem</em></span> <span class='ocrx_word' id='word_1_76' title='bbox 1355 1142 1533 1223; x_wconf 85' lang='lat' dir='ltr'><em>deorsum,</em></span> 
     </span>
     <span class='ocr_line' id='line_1_9' title="bbox 204 1245 1535 1339; baseline 0.002 -27"><span class='ocrx_word' id='word_1_77' title='bbox 204 1268 274 1313; x_wconf 92' lang='lat' dir='ltr'><em>non</em></span> <span class='ocrx_word' id='word_1_78' title='bbox 296 1268 407 1335; x_wconf 85' lang='lat' dir='ltr'><em>prope</em></span> <span class='ocrx_word' id='word_1_79' title='bbox 429 1245 603 1335; x_wconf 88' lang='lat' dir='ltr'><em>scapulas,</em></span> <span class='ocrx_word' id='word_1_80' title='bbox 620 1246 679 1312; x_wconf 88' lang='lat' dir='ltr'><em>sed</em></span> <span class='ocrx_word' id='word_1_81' title='bbox 698 1246 788 1313; x_wconf 87' lang='lat' dir='ltr'><em>circa</em></span> <span class='ocrx_word' id='word_1_82' title='bbox 806 1246 943 1325; x_wconf 89' lang='lat' dir='ltr'><em>lumbos</em></span> <span class='ocrx_word' id='word_1_83' title='bbox 962 1254 995 1315; x_wconf 90' lang='lat' dir='ltr'><em>et</em></span> <span class='ocrx_word' id='word_1_84' title='bbox 1010 1248 1164 1317; x_wconf 76' lang='lat' dir='ltr'><em>fasciam.</em></span> <span class='ocrx_word' id='word_1_85' title='bbox 1187 1248 1272 1327; x_wconf 78' lang='lat' dir='ltr'><em>Quid</em></span> <span class='ocrx_word' id='word_1_86' title='bbox 1288 1271 1351 1339; x_wconf 90' lang='lat' dir='ltr'><em>per</em></span> <span class='ocrx_word' id='word_1_87' title='bbox 1369 1250 1535 1316; x_wconf 83' lang='lat' dir='ltr'><em>conteme-</em></span> 
     </span>
     <span class='ocr_line' id='line_1_10' title="bbox 205 1351 1531 1445; baseline 0.003 -26"><span class='ocrx_word' id='word_1_88' title='bbox 205 1351 334 1420; x_wconf 78' lang='lat' dir='ltr'><em>tionem</em></span> <span class='ocrx_word' id='word_1_89' title='bbox 350 1352 577 1440; x_wconf 79' lang='lat' dir='ltr'><em>intelligatur,</em></span> <span class='ocrx_word' id='word_1_90' title='bbox 594 1353 752 1420; x_wconf 90' lang='lat' dir='ltr'><em>novimus</em></span> <span class='ocrx_word' id='word_1_91' title='bbox 763 1375 781 1419; x_wconf 86' lang='lat' dir='ltr'><em>a</em></span> <span class='ocrx_word' id='word_1_92' title='bbox 793 1376 826 1420; x_wconf 88' lang='lat' dir='ltr'><em>v.</em></span> <span class='ocrx_word' id='word_1_93' title='bbox 843 1361 863 1420; x_wconf 83' lang='lat'><strong>7</strong></span> <span class='ocrx_word' id='word_1_94' title='bbox 879 1353 1003 1421; x_wconf 85' lang='lat' dir='ltr'><em>collato</em></span> <span class='ocrx_word' id='word_1_95' title='bbox 1017 1376 1096 1421; x_wconf 87' lang='lat' dir='ltr'><em>oum</em></span> <span class='ocrx_word' id='word_1_96' title='bbox 1110 1360 1188 1437; x_wconf 71' lang='lat'><em>26,3</em></span> <span class='ocrx_word' id='word_1_97' title='bbox 1203 1377 1279 1445; x_wconf 90' lang='lat' dir='ltr'><strong>sqq.</strong></span> <span class='ocrx_word' id='word_1_98' title='bbox 1301 1378 1308 1423; x_wconf 94' lang='lat'>:</span> <span class='ocrx_word' id='word_1_99' title='bbox 1325 1361 1375 1422; x_wconf 89' lang='lat' dir='ltr'><em>est</em></span> <span class='ocrx_word' id='word_1_100' title='bbox 1391 1378 1531 1438; x_wconf 89' lang='lat' dir='ltr'><em>nomen,</em></span> 
     </span>
     <span class='ocr_line' id='line_1_11' title="bbox 205 1457 1535 1551; baseline 0.002 -25"><span class='ocrx_word' id='word_1_101' title='bbox 205 1460 233 1526; x_wconf 91' lang='lat' dir='ltr'><em>si</em></span> <span class='ocrx_word' id='word_1_102' title='bbox 254 1458 304 1526; x_wconf 89' lang='lat' dir='ltr'><em>ita</em></span> <span class='ocrx_word' id='word_1_103' title='bbox 318 1459 353 1527; x_wconf 87' lang='lat' dir='ltr'><em>h.</em></span> <span class='ocrx_word' id='word_1_104' title='bbox 371 1459 395 1527; x_wconf 91' lang='lat' dir='ltr'><em>l.</em></span> <span class='ocrx_word' id='word_1_105' title='bbox 417 1460 467 1525; x_wconf 81' lang='lat' dir='ltr'><em>tes</em></span> <span class='ocrx_word' id='word_1_106' title='bbox 489 1464 538 1525; x_wconf 89' lang='lat' dir='ltr'><em>est</em></span> <span class='ocrx_word' id='word_1_107' title='bbox 553 1457 660 1547; x_wconf 88' lang='lat' dir='ltr'><em>loqui,</em></span> <span class='ocrx_word' id='word_1_108' title='bbox 682 1463 840 1542; x_wconf 87' lang='lat' dir='ltr'><em>suturae,</em></span> <span class='ocrx_word' id='word_1_109' title='bbox 855 1482 926 1549; x_wconf 89' lang='lat' dir='ltr'><em>qua</em></span> <span class='ocrx_word' id='word_1_110' title='bbox 946 1460 1077 1528; x_wconf 89' lang='lat' dir='ltr'><em>labium</em></span> <span class='ocrx_word' id='word_1_111' title='bbox 1097 1461 1173 1528; x_wconf 90' lang='lat' dir='ltr'><em>alae</em></span> <span class='ocrx_word' id='word_1_112' title='bbox 1193 1462 1396 1551; x_wconf 90' lang='lat' dir='ltr'><em>posterioris</em></span> <span class='ocrx_word' id='word_1_113' title='bbox 1415 1461 1535 1529; x_wconf 91' lang='lat' dir='ltr'><em>unitur</em></span> 
     </span>
     <span class='ocr_line' id='line_1_12' title="bbox 206 1553 1533 1655; baseline 0.002 -23"><span class='ocrx_word' id='word_1_114' title='bbox 206 1566 300 1633; x_wconf 89' lang='lat' dir='ltr'><em>labio</em></span> <span class='ocrx_word' id='word_1_115' title='bbox 313 1565 387 1633; x_wconf 86' lang='lat' dir='ltr'><em>alae</em></span> <span class='ocrx_word' id='word_1_116' title='bbox 398 1553 752 1655; x_wconf 85' lang='lat' dir='ltr'><em>anterioris;suntque</em></span> <span class='ocrx_word' id='word_1_117' title='bbox 766 1566 934 1633; x_wconf 91' lang='lat' dir='ltr'><em>eiusmodi</em></span> <span class='ocrx_word' id='word_1_118' title='bbox 946 1571 1084 1634; x_wconf 86' lang='lat' dir='ltr'><em>suturae</em></span> <span class='ocrx_word' id='word_1_119' title='bbox 1096 1589 1155 1634; x_wconf 88' lang='lat' dir='ltr'><em>seu</em></span> <span class='ocrx_word' id='word_1_120' title='bbox 1165 1566 1423 1635; x_wconf 87' lang='lat' dir='ltr'><em>coniunctiones</em></span> <span class='ocrx_word' id='word_1_121' title='bbox 1431 1568 1533 1649; x_wconf 88' lang='lat' dir='ltr'><em>duae,</em></span> 
     </span>
     <span class='ocr_line' id='line_1_13' title="bbox 205 1671 1536 1742; baseline 0.002 -4"><span class='ocrx_word' id='word_1_122' title='bbox 205 1694 274 1739; x_wconf 90' lang='lat' dir='ltr'><em>una</em></span> <span class='ocrx_word' id='word_1_123' title='bbox 291 1671 327 1738; x_wconf 90' lang='lat' dir='ltr'><em>in</em></span> <span class='ocrx_word' id='word_1_124' title='bbox 341 1671 460 1737; x_wconf 86' lang='lat' dir='ltr'><em>dextro</em></span> <span class='ocrx_word' id='word_1_125' title='bbox 476 1671 631 1738; x_wconf 89' lang='lat' dir='ltr'><em>etaltera</em></span> <span class='ocrx_word' id='word_1_126' title='bbox 646 1671 682 1738; x_wconf 90' lang='lat' dir='ltr'><em>in</em></span> <span class='ocrx_word' id='word_1_127' title='bbox 697 1671 833 1739; x_wconf 86' lang='lat' dir='ltr'><em>sinistro</em></span> <span class='ocrx_word' id='word_1_128' title='bbox 847 1672 987 1741; x_wconf 84' lang='lat' dir='ltr'><em>temore.</em></span> <span class='ocrx_word' id='word_1_129' title='bbox 1005 1676 1045 1741; x_wconf 92' lang='lat' dir='ltr'><em>Ut</em></span> <span class='ocrx_word' id='word_1_130' title='bbox 1059 1678 1174 1741; x_wconf 87' lang='lat' dir='ltr'><em>autem</em></span> <span class='ocrx_word' id='word_1_131' title='bbox 1189 1673 1311 1740; x_wconf 89' lang='lat' dir='ltr'><em>annuli</em></span> <span class='ocrx_word' id='word_1_132' title='bbox 1326 1696 1404 1741; x_wconf 88' lang='lat' dir='ltr'><em>vere</em></span> <span class='ocrx_word' id='word_1_133' title='bbox 1418 1673 1536 1742; x_wconf 88' lang='lat' dir='ltr'><em>dican·</em></span> 
     </span>
     <span class='ocr_line' id='line_1_14' title="bbox 205 1776 1536 1868; baseline 0.002 -24"><span class='ocrx_word' id='word_1_134' title='bbox 205 1784 262 1844; x_wconf 87' lang='lat' dir='ltr'><em>tur</em></span> <span class='ocrx_word' id='word_1_135' title='bbox 272 1776 503 1864; x_wconf 77' lang='lat' dir='ltr'><em>affigieluobns</em></span> <span class='ocrx_word' id='word_1_136' title='bbox 514 1776 679 1861; x_wconf 90' lang='lat' dir='ltr'><em>humeris,</em></span> <span class='ocrx_word' id='word_1_137' title='bbox 691 1800 761 1844; x_wconf 91' lang='lat' dir='ltr'><em>non</em></span> <span class='ocrx_word' id='word_1_138' title='bbox 772 1778 918 1845; x_wconf 90' lang='lat' dir='ltr'><em>humero</em></span> <span class='ocrx_word' id='word_1_139' title='bbox 926 1779 1089 1846; x_wconf 87' lang='lat' dir='ltr'><em>anteriori</em></span> <span class='ocrx_word' id='word_1_140' title='bbox 1098 1783 1244 1858; x_wconf 83' lang='lat' dir='ltr'><em>tantum,</em></span> <span class='ocrx_word' id='word_1_141' title='bbox 1258 1780 1536 1868; x_wconf 82' lang='lat' dir='ltr'><em>affigendierunt</em></span> 
     </span>
     <span class='ocr_line' id='line_1_15' title="bbox 204 1883 1531 1977; baseline 0.002 -26"><span class='ocrx_word' id='word_1_142' title='bbox 204 1884 273 1975; x_wconf 86' lang='lat' dir='ltr'><em>ipsi</em></span> <span class='ocrx_word' id='word_1_143' title='bbox 291 1883 542 1966; x_wconf 90' lang='lat' dir='ltr'><em>coniunctioni,</em></span> <span class='ocrx_word' id='word_1_144' title='bbox 564 1889 598 1950; x_wconf 88' lang='lat' dir='ltr'><em>et</em></span> <span class='ocrx_word' id='word_1_145' title='bbox 615 1890 689 1951; x_wconf 89' lang='lat' dir='ltr'><em>tum</em></span> <span class='ocrx_word' id='word_1_146' title='bbox 707 1890 868 1973; x_wconf 86' lang='lat' dir='ltr'><em>poterunt</em></span> <span class='ocrx_word' id='word_1_147' title='bbox 888 1884 1003 1952; x_wconf 89' lang='lat' dir='ltr'><em>adhuc</em></span> <span class='ocrx_word' id='word_1_148' title='bbox 1022 1884 1091 1951; x_wconf 91' lang='lat' dir='ltr'><em>dici</em></span> <span class='ocrx_word' id='word_1_149' title='bbox 1110 1907 1180 1952; x_wconf 90' lang='lat' dir='ltr'><em>esse</em></span> <span class='ocrx_word' id='word_1_150' title='bbox 1208 1886 1245 1952; x_wconf 87' lang='lat' dir='ltr'><em>in</em></span> <span class='ocrx_word' id='word_1_151' title='bbox 1261 1887 1379 1976; x_wconf 73' lang='lat' dir='ltr'><em>fronte</em></span> <span class='ocrx_word' id='word_1_152' title='bbox 1398 1887 1531 1977; x_wconf 85' lang='lat' dir='ltr'><em>ephod,</em></span> 
     </span>
     <span class='ocr_line' id='line_1_16' title="bbox 206 1987 1533 2081; baseline 0.003 -23"><span class='ocrx_word' id='word_1_153' title='bbox 206 1991 286 2080; x_wconf 88' lang='lat' dir='ltr'><em>quia</em></span> <span class='ocrx_word' id='word_1_154' title='bbox 308 2012 354 2059; x_wconf 90' lang='lat' dir='ltr'><em>sc.</em></span> <span class='ocrx_word' id='word_1_155' title='bbox 377 1987 557 2079; x_wconf 89' lang='lat' dir='ltr'><em>abaliquo</em></span> <span class='ocrx_word' id='word_1_156' title='bbox 579 2012 695 2057; x_wconf 87' lang='lat' dir='ltr'><em>eoram</em></span> <span class='ocrx_word' id='word_1_157' title='bbox 716 1990 878 2080; x_wconf 86' lang='lat' dir='ltr'><em>pontifice</em></span> <span class='ocrx_word' id='word_1_158' title='bbox 901 1997 1009 2059; x_wconf 86' lang='lat' dir='ltr'><em>stante</em></span> <span class='ocrx_word' id='word_1_159' title='bbox 1026 1997 1188 2081; x_wconf 89' lang='lat' dir='ltr'><em>poterunt</em></span> <span class='ocrx_word' id='word_1_160' title='bbox 1208 1993 1312 2081; x_wconf 88' lang='lat' dir='ltr'><em>ambo</em></span> <span class='ocrx_word' id='word_1_161' title='bbox 1331 1991 1434 2060; x_wconf 90' lang='lat' dir='ltr'><em>simul</em></span> <span class='ocrx_word' id='word_1_162' title='bbox 1453 2017 1533 2062; x_wconf 91' lang='lat' dir='ltr'><em>con-</em></span> 
     </span>
     <span class='ocr_line' id='line_1_17' title="bbox 204 2096 1537 2188; baseline 0.003 -24"><span class='ocrx_word' id='word_1_163' title='bbox 204 2098 303 2188; x_wconf 90' lang='lat' dir='ltr'><em>spici.</em></span> <span class='ocrx_word' id='word_1_164' title='bbox 328 2096 478 2164; x_wconf 80' lang='lat' dir='ltr'><em>Tandem</em></span> <span class='ocrx_word' id='word_1_165' title='bbox 501 2097 621 2186; x_wconf 92' lang='lat' dir='ltr'><em>quaeri</em></span> <span class='ocrx_word' id='word_1_166' title='bbox 640 2101 767 2186; x_wconf 85' lang='lat' dir='ltr'><em>potest,</em></span> <span class='ocrx_word' id='word_1_167' title='bbox 795 2097 846 2163; x_wconf 91' lang='lat' dir='ltr'><em>illi</em></span> <span class='ocrx_word' id='word_1_168' title='bbox 866 2098 987 2165; x_wconf 87' lang='lat' dir='ltr'><em>annuli</em></span> <span class='ocrx_word' id='word_1_169' title='bbox 1004 2098 1234 2185; x_wconf 82' lang='lat' dir='ltr'><em>affiganturne</em></span> <span class='ocrx_word' id='word_1_170' title='bbox 1252 2098 1319 2188; x_wconf 90' lang='lat' dir='ltr'><em>ipsi</em></span> <span class='ocrx_word' id='word_1_171' title='bbox 1333 2100 1537 2169; x_wconf 81' lang='lat' dir='ltr'><em>immediate</em></span> 
     </span>
     <span class='ocr_line' id='line_1_18' title="bbox 204 2202 1534 2294; baseline 0.003 -24"><span class='ocrx_word' id='word_1_172' title='bbox 204 2208 358 2284; x_wconf 86' lang='lat' dir='ltr'><em>suturae,</em></span> <span class='ocrx_word' id='word_1_173' title='bbox 377 2226 421 2269; x_wconf 90' lang='lat' dir='ltr'><em>an</em></span> <span class='ocrx_word' id='word_1_174' title='bbox 435 2203 559 2270; x_wconf 87' lang='lat' dir='ltr'><em>fasciae</em></span> <span class='ocrx_word' id='word_1_175' title='bbox 572 2224 660 2293; x_wconf 90' lang='lat' dir='ltr'><em>quae</em></span> <span class='ocrx_word' id='word_1_176' title='bbox 677 2202 707 2270; x_wconf 89' lang='lat' dir='ltr'><em>ei</em></span> <span class='ocrx_word' id='word_1_177' title='bbox 722 2203 1013 2293; x_wconf 85' lang='lat' dir='ltr'><em>superinducitur,</em></span> <span class='ocrx_word' id='word_1_178' title='bbox 1032 2204 1265 2294; x_wconf 79' lang='lat' dir='ltr'><em>docemurque</em></span> <span class='ocrx_word' id='word_1_179' title='bbox 1286 2207 1434 2273; x_wconf 90' lang='lat' dir='ltr'><em>annulos</em></span> <span class='ocrx_word' id='word_1_180' title='bbox 1461 2228 1534 2274; x_wconf 88' lang='lat' dir='ltr'><em>esse</em></span> 
     </span>
     <span class='ocr_line' id='line_1_19' title="bbox 205 2308 1534 2401; baseline 0.004 -26"><span class='ocrx_word' id='word_1_181' title='bbox 205 2332 310 2401; x_wconf 85' lang='lat' dir='ltr'><em>supra</em></span> <span class='ocrx_word' id='word_1_182' title='bbox 319 2308 472 2395; x_wconf 82' lang='lat' dir='ltr'><em>fasciam</em></span> <span class='ocrx_word' id='word_1_183' title='bbox 489 2330 500 2375; x_wconf 91' lang='grc'><em>.·</em></span> <span class='ocrx_word' id='word_1_184' title='bbox 519 2309 670 2398; x_wconf 90' lang='lat' dir='ltr'><em>primum</em></span> <span class='ocrx_word' id='word_1_185' title='bbox 684 2310 836 2398; x_wconf 79' lang='lat' dir='ltr'><em>pontifex</em></span> <span class='ocrx_word' id='word_1_186' title='bbox 851 2310 966 2399; x_wconf 83' lang='lat' dir='ltr'><em>ephod</em></span> <span class='ocrx_word' id='word_1_187' title='bbox 984 2310 1195 2378; x_wconf 80' lang='lat' dir='ltr'><em>induebatur</em></span> <span class='ocrx_word' id='word_1_188' title='bbox 1210 2315 1244 2378; x_wconf 85' lang='lat' dir='ltr'><em>et</em></span> <span class='ocrx_word' id='word_1_189' title='bbox 1262 2312 1367 2379; x_wconf 78' lang='lat' dir='ltr'><em>fascia</em></span> <span class='ocrx_word' id='word_1_190' title='bbox 1383 2313 1534 2401; x_wconf 81' lang='lat' dir='ltr'><em>stringe-</em></span> 
     </span>
     <span class='ocr_line' id='line_1_20' title="bbox 205 2413 1530 2507; baseline 0.004 -25"><span class='ocrx_word' id='word_1_191' title='bbox 205 2416 276 2496; x_wconf 87' lang='lat' dir='ltr'><em>bat,</em></span> <span class='ocrx_word' id='word_1_192' title='bbox 300 2420 418 2504; x_wconf 88' lang='lat' dir='ltr'><em>postea</em></span> <span class='ocrx_word' id='word_1_193' title='bbox 430 2413 595 2483; x_wconf 87' lang='lat' dir='ltr'><em>rationale</em></span> <span class='ocrx_word' id='word_1_194' title='bbox 611 2414 830 2483; x_wconf 85' lang='lat' dir='ltr'><em>induebatur.</em></span> <span class='ocrx_word' id='word_1_195' title='bbox 848 2440 880 2484; x_wconf 94' lang='lat' dir='ltr'><em>v.</em></span> <span class='ocrx_word' id='word_1_196' title='bbox 903 2423 946 2483; x_wconf 72' lang='lat'><em>28</em></span> <span class='ocrx_word' id='word_1_197' title='bbox 967 2446 982 2479; x_wconf 90' lang='lat'>«</span> <span class='ocrx_word' id='word_1_198' title='bbox 1001 2418 1046 2483; x_wconf 84' lang='lat' dir='ltr'><em>Et</em></span> <span class='ocrx_word' id='word_1_199' title='bbox 1064 2416 1259 2507; x_wconf 75' lang='lat' dir='ltr'><em>strinpatur</em></span> <span class='ocrx_word' id='word_1_200' title='bbox 1276 2418 1448 2487; x_wconf 82' lang='lat' dir='ltr'><em>rationale</em></span> <span class='ocrx_word' id='word_1_201' title='bbox 1465 2442 1530 2486; x_wconf 89' lang='lat' dir='ltr'><em>an-</em></span> 
     </span>
     <span class='ocr_line' id='line_1_21' title="bbox 206 2520 1531 2613; baseline 0.005 -26"><span class='ocrx_word' id='word_1_202' title='bbox 206 2521 301 2587; x_wconf 89' lang='lat' dir='ltr'><em>nulis</em></span> <span class='ocrx_word' id='word_1_203' title='bbox 309 2520 379 2588; x_wconf 87' lang='lat' dir='ltr'><em>suis</em></span> <span class='ocrx_word' id='word_1_204' title='bbox 401 2543 478 2587; x_wconf 89' lang='lat' dir='ltr'><em>cum</em></span> <span class='ocrx_word' id='word_1_205' title='bbox 498 2521 637 2588; x_wconf 86' lang='lat' dir='ltr'><em>annulis</em></span> <span class='ocrx_word' id='word_1_206' title='bbox 653 2521 944 2611; x_wconf 85' lang='lat' dir='ltr'><em>superhumeralis</em></span> <span class='ocrx_word' id='word_1_207' title='bbox 963 2522 1048 2589; x_wconf 86' lang='lat' dir='ltr'><em>vitta</em></span> <span class='ocrx_word' id='word_1_208' title='bbox 1069 2523 1314 2613; x_wconf 73' lang='lat' dir='ltr'><em>hyacinthina,</em></span> <span class='ocrx_word' id='word_1_209' title='bbox 1337 2536 1374 2591; x_wconf 91' lang='lat' dir='ltr'><em>ut</em></span> <span class='ocrx_word' id='word_1_210' title='bbox 1393 2539 1531 2593; x_wconf 88' lang='lat' dir='ltr'><em>maneat</em></span> 
     </span>
     <span class='ocr_line' id='line_1_22' title="bbox 202 2627 1534 2720; baseline 0.007 -32"><span class='ocrx_word' id='word_1_211' title='bbox 202 2628 369 2695; x_wconf 67' lang='lat' dir='ltr'><em>‚ireuetnru</em></span> <span class='ocrx_word' id='word_1_212' title='bbox 390 2628 602 2716; x_wconf 74' lang='lat' dir='ltr'><em>fabrefacta,</em></span> <span class='ocrx_word' id='word_1_213' title='bbox 624 2639 657 2692; x_wconf 92' lang='lat' dir='ltr'><em>et</em></span> <span class='ocrx_word' id='word_1_214' title='bbox 678 2650 700 2695; x_wconf 92' lang='lat' dir='ltr'><em>a</em></span> <span class='ocrx_word' id='word_1_215' title='bbox 718 2652 753 2694; x_wconf 90' lang='lat' dir='ltr'><em>se</em></span> <span class='ocrx_word' id='word_1_216' title='bbox 773 2627 920 2695; x_wconf 86' lang='lat' dir='ltr'><em>inuicem</em></span> <span class='ocrx_word' id='word_1_217' title='bbox 942 2629 1113 2697; x_wconf 82' lang='lat' dir='ltr'><em>rationale</em></span> <span class='ocrx_word' id='word_1_218' title='bbox 1133 2643 1166 2696; x_wconf 92' lang='lat' dir='ltr'><em>et</em></span> <span class='ocrx_word' id='word_1_219' title='bbox 1184 2630 1461 2720; x_wconf 68' lang='lat' dir='ltr'><em>superhumerale</em></span> <span class='ocrx_word' id='word_1_220' title='bbox 1476 2654 1534 2699; x_wconf 89' lang='lat' dir='ltr'><em>ne-</em></span> 
     </span>
     <span class='ocr_line' id='line_1_23' title="bbox 207 2734 1531 2827; baseline 0.004 -27"><span class='ocrx_word' id='word_1_221' title='bbox 207 2748 333 2826; x_wconf 82' lang='lat' dir='ltr'><em>queunt</em></span> <span class='ocrx_word' id='word_1_222' title='bbox 348 2734 505 2824; x_wconf 88' lang='lat' dir='ltr'><em>separari</em></span> <span class='ocrx_word' id='word_1_223' title='bbox 518 2763 549 2801; x_wconf 86' lang='lat'><em>».</em></span> <span class='ocrx_word' id='word_1_224' title='bbox 565 2737 665 2801; x_wconf 83' lang='lat' dir='ltr'><em>Hebr.</em></span> <span class='ocrx_word' id='word_1_225' title='bbox 686 2757 699 2800; x_wconf 91' lang='lat'><em>.·</em></span> <span class='ocrx_word' id='word_1_226' title='bbox 714 2746 754 2801; x_wconf 89' lang='lat' dir='ltr'><em>ut</em></span> <span class='ocrx_word' id='word_1_227' title='bbox 764 2736 812 2801; x_wconf 87' lang='lat' dir='ltr'><em>sit</em></span> <span class='ocrx_word' id='word_1_228' title='bbox 830 2757 891 2803; x_wconf 88' lang='lat' dir='ltr'><em>seu</em></span> <span class='ocrx_word' id='word_1_229' title='bbox 917 2739 1054 2803; x_wconf 86' lang='lat' dir='ltr'><em>maneat</em></span> <span class='ocrx_word' id='word_1_230' title='bbox 1068 2737 1235 2804; x_wconf 89' lang='lat' dir='ltr'><em>rationale</em></span> <span class='ocrx_word' id='word_1_231' title='bbox 1260 2759 1363 2827; x_wconf 88' lang='lat' dir='ltr'><em>super</em></span> <span class='ocrx_word' id='word_1_232' title='bbox 1382 2739 1531 2827; x_wconf 78' lang='lat' dir='ltr'><em>[asciam</em></span> 
     </span>
     <span class='ocr_line' id='line_1_24' title="bbox 206 2839 1534 2935; baseline 0.004 -28"><span class='ocrx_word' id='word_1_233' title='bbox 206 2840 344 2931; x_wconf 75' lang='lat' dir='ltr'><em>ephorii,</em></span> <span class='ocrx_word' id='word_1_234' title='bbox 366 2853 398 2906; x_wconf 91' lang='lat' dir='ltr'><em>et</em></span> <span class='ocrx_word' id='word_1_235' title='bbox 416 2863 487 2907; x_wconf 88' lang='lat' dir='ltr'><em>non</em></span> <span class='ocrx_word' id='word_1_236' title='bbox 509 2839 724 2908; x_wconf 86' lang='lat' dir='ltr'><em>dimoveatur</em></span> <span class='ocrx_word' id='word_1_237' title='bbox 740 2841 911 2909; x_wconf 88' lang='lat' dir='ltr'><em>rationale</em></span> <span class='ocrx_word' id='word_1_238' title='bbox 928 2840 970 2909; x_wconf 84' lang='lat' dir='ltr'><em>ele</em></span> <span class='ocrx_word' id='word_1_239' title='bbox 987 2863 1092 2932; x_wconf 89' lang='lat' dir='ltr'><em>supra</em></span> <span class='ocrx_word' id='word_1_240' title='bbox 1112 2842 1233 2933; x_wconf 83' lang='lat' dir='ltr'><em>ephod.</em></span> <span class='ocrx_word' id='word_1_241' title='bbox 1251 2848 1375 2911; x_wconf 90' lang='lat' dir='ltr'><em>Sensus</em></span> <span class='ocrx_word' id='word_1_242' title='bbox 1391 2851 1443 2911; x_wconf 89' lang='lat' dir='ltr'><em>est</em></span> <span class='ocrx_word' id='word_1_243' title='bbox 1456 2866 1534 2935; x_wconf 90' lang='lat' dir='ltr'><em>per·</em></span> 
     </span>
     <span class='ocr_line' id='line_1_25' title="bbox 206 2946 1536 3040; baseline 0.003 -27"><span class='ocrx_word' id='word_1_244' title='bbox 206 2949 343 3037; x_wconf 89' lang='lat' dir='ltr'><em>spicuus</em></span> <span class='ocrx_word' id='word_1_245' title='bbox 370 2969 376 3015; x_wconf 91' lang='lat'>:</span> <span class='ocrx_word' id='word_1_246' title='bbox 408 2947 493 3014; x_wconf 86' lang='lat' dir='ltr'><em>vitta</em></span> <span class='ocrx_word' id='word_1_247' title='bbox 515 2947 576 3014; x_wconf 89' lang='lat' dir='ltr'><em>illa</em></span> <span class='ocrx_word' id='word_1_248' title='bbox 600 2947 823 3035; x_wconf 80' lang='lat' dir='ltr'><em>hyacinthina</em></span> <span class='ocrx_word' id='word_1_249' title='bbox 842 2946 1082 3016; x_wconf 88' lang='lat' dir='ltr'><em>transmittitur</em></span> <span class='ocrx_word' id='word_1_250' title='bbox 1101 2970 1163 3039; x_wconf 89' lang='lat' dir='ltr'><em>per</em></span> <span class='ocrx_word' id='word_1_251' title='bbox 1182 2948 1267 3015; x_wconf 91' lang='lat' dir='ltr'><em>duos</em></span> <span class='ocrx_word' id='word_1_252' title='bbox 1292 2949 1452 3033; x_wconf 75' lang='lat' dir='ltr'><em>annnlm,</em></span> <span class='ocrx_word' id='word_1_253' title='bbox 1474 2951 1536 3040; x_wconf 91' lang='lat' dir='ltr'><em>qui</em></span> 
     </span>
     <span class='ocr_line' id='line_1_26' title="bbox 206 3054 1535 3147; baseline 0.002 -26"><span class='ocrx_word' id='word_1_254' title='bbox 206 3060 319 3121; x_wconf 90' lang='lat' dir='ltr'><em>sunta</em></span> <span class='ocrx_word' id='word_1_255' title='bbox 341 3059 438 3143; x_wconf 89' lang='lat' dir='ltr'><em>parte</em></span> <span class='ocrx_word' id='word_1_256' title='bbox 454 3054 618 3121; x_wconf 89' lang='lat' dir='ltr'><em>interiore</em></span> <span class='ocrx_word' id='word_1_257' title='bbox 632 3054 826 3135; x_wconf 88' lang='lat' dir='ltr'><em>rationalis,</em></span> <span class='ocrx_word' id='word_1_258' title='bbox 846 3057 997 3145; x_wconf 89' lang='lat' dir='ltr'><em>itemque</em></span> <span class='ocrx_word' id='word_1_259' title='bbox 1013 3077 1074 3145; x_wconf 86' lang='lat' dir='ltr'><em>per</em></span> <span class='ocrx_word' id='word_1_260' title='bbox 1090 3054 1177 3121; x_wconf 90' lang='lat' dir='ltr'><em>duos</em></span> <span class='ocrx_word' id='word_1_261' title='bbox 1197 3056 1358 3138; x_wconf 90' lang='lat' dir='ltr'><em>annulos,</em></span> <span class='ocrx_word' id='word_1_262' title='bbox 1376 3058 1437 3147; x_wconf 89' lang='lat' dir='ltr'><em>qui</em></span> <span class='ocrx_word' id='word_1_263' title='bbox 1457 3078 1535 3125; x_wconf 86' lang='lat' dir='ltr'><em>oon-</em></span> 
     </span>
     <span class='ocr_line' id='line_1_27' title="bbox 205 3158 1534 3250; baseline 0.006 -25"><span class='ocrx_word' id='word_1_264' title='bbox 205 3158 397 3250; x_wconf 89' lang='lat' dir='ltr'><em>spiciuntnr</em></span> <span class='ocrx_word' id='word_1_265' title='bbox 412 3182 517 3249; x_wconf 86' lang='lat' dir='ltr'><em>supra</em></span> <span class='ocrx_word' id='word_1_266' title='bbox 533 3159 673 3228; x_wconf 84' lang='lat' dir='ltr'><em>fasciam</em></span> <span class='ocrx_word' id='word_1_267' title='bbox 695 3160 821 3249; x_wconf 91' lang='lat' dir='ltr'><em>ephodi</em></span> <span class='ocrx_word' id='word_1_268' title='bbox 835 3184 931 3228; x_wconf 86' lang='lat' dir='ltr'><em>secus</em></span> <span class='ocrx_word' id='word_1_269' title='bbox 952 3161 1225 3244; x_wconf 85' lang='lat' dir='ltr'><em>coniunctiones;</em></span> <span class='ocrx_word' id='word_1_270' title='bbox 1250 3160 1331 3229; x_wconf 89' lang='lat' dir='ltr'><em>dein</em></span> <span class='ocrx_word' id='word_1_271' title='bbox 1350 3163 1436 3231; x_wconf 89' lang='lat' dir='ltr'><em>vitta</em></span> <span class='ocrx_word' id='word_1_272' title='bbox 1454 3186 1534 3233; x_wconf 88' lang='lat' dir='ltr'><em>con·</em></span> 
     </span>
     <span class='ocr_line' id='line_1_28' title="bbox 207 3265 1536 3360; baseline 0.004 -28"><span class='ocrx_word' id='word_1_273' title='bbox 207 3265 386 3353; x_wconf 75' lang='lat' dir='ltr'><em>stringitur</em></span> <span class='ocrx_word' id='word_1_274' title='bbox 406 3265 522 3355; x_wconf 87' lang='lat' dir='ltr'><em>itaque</em></span> <span class='ocrx_word' id='word_1_275' title='bbox 542 3266 595 3347; x_wconf 89' lang='lat' dir='ltr'><em>fit,</em></span> <span class='ocrx_word' id='word_1_276' title='bbox 621 3270 660 3332; x_wconf 88' lang='lat' dir='ltr'><em>ut</em></span> <span class='ocrx_word' id='word_1_277' title='bbox 686 3268 852 3333; x_wconf 86' lang='lat' dir='ltr'><em>rationale</em></span> <span class='ocrx_word' id='word_1_278' title='bbox 875 3268 1022 3335; x_wconf 87' lang='lat' dir='ltr'><em>firmiter</em></span> <span class='ocrx_word' id='word_1_279' title='bbox 1042 3267 1228 3335; x_wconf 87' lang='lat' dir='ltr'><em>adhaereat</em></span> <span class='ocrx_word' id='word_1_280' title='bbox 1254 3268 1378 3335; x_wconf 85' lang='lat' dir='ltr'><em>tasciae</em></span> <span class='ocrx_word' id='word_1_281' title='bbox 1407 3270 1536 3360; x_wconf 90' lang='lat' dir='ltr'><em>ephodi</em></span> 
     </span>
     <span class='ocr_line' id='line_1_29' title="bbox 205 3372 1531 3466; baseline 0.006 -30"><span class='ocrx_word' id='word_1_282' title='bbox 205 3372 339 3461; x_wconf 84' lang='lat' dir='ltr'><em>ipsique</em></span> <span class='ocrx_word' id='word_1_283' title='bbox 358 3372 488 3461; x_wconf 90' lang='lat' dir='ltr'><em>ephod,</em></span> <span class='ocrx_word' id='word_1_284' title='bbox 513 3394 576 3439; x_wconf 90' lang='lat' dir='ltr'><em>nec</em></span> <span class='ocrx_word' id='word_1_285' title='bbox 594 3372 701 3461; x_wconf 91' lang='lat' dir='ltr'><em>possit</em></span> <span class='ocrx_word' id='word_1_286' title='bbox 721 3372 797 3439; x_wconf 88' lang='lat' dir='ltr'><em>loco</em></span> <span class='ocrx_word' id='word_1_287' title='bbox 821 3373 943 3441; x_wconf 89' lang='lat' dir='ltr'><em>cedere</em></span> <span class='ocrx_word' id='word_1_288' title='bbox 965 3397 1079 3463; x_wconf 90' lang='lat' dir='ltr'><em>neque</em></span> <span class='ocrx_word' id='word_1_289' title='bbox 1098 3396 1232 3442; x_wconf 90' lang='lat' dir='ltr'><em>sursum</em></span> <span class='ocrx_word' id='word_1_290' title='bbox 1252 3396 1371 3465; x_wconf 89' lang='lat' dir='ltr'><em>neque.</em></span> <span class='ocrx_word' id='word_1_291' title='bbox 1382 3375 1531 3466; x_wconf 90' lang='lat' dir='ltr'><em>oblique.</em></span> 
     </span>
     <span class='ocr_line' id='line_1_30' title="bbox 206 3476 1534 3570; baseline 0.007 -28"><span class='ocrx_word' id='word_1_292' title='bbox 206 3476 305 3566; x_wconf 77' lang='lat' dir='ltr'><em>Apud</em></span> <span class='ocrx_word' id='word_1_293' title='bbox 324 3479 454 3542; x_wconf 76' lang='lat' dir='ltr'><em>ltrman</em></span> <span class='ocrx_word' id='word_1_294' title='bbox 475 3500 509 3565; x_wconf 92' lang='lat' dir='ltr'><em>p.</em></span> <span class='ocrx_word' id='word_1_295' title='bbox 528 3483 590 3548; x_wconf 77' lang='lat' dir='ltr'><em>t⁰3</em></span> <span class='ocrx_word' id='word_1_296' title='bbox 611 3476 785 3566; x_wconf 89' lang='lat' dir='ltr'><em>depictum</em></span> <span class='ocrx_word' id='word_1_297' title='bbox 809 3478 916 3545; x_wconf 87' lang='lat' dir='ltr'><em>hahes</em></span> <span class='ocrx_word' id='word_1_298' title='bbox 933 3477 1128 3567; x_wconf 87' lang='lat' dir='ltr'><em>pontificem</em></span> <span class='ocrx_word' id='word_1_299' title='bbox 1149 3481 1340 3570; x_wconf 84' lang='lat' dir='ltr'><em>Mempheos</em></span> <span class='ocrx_word' id='word_1_300' title='bbox 1357 3487 1534 3567; x_wconf 82' lang='lat' dir='ltr'><em>gerentem</em></span> 
     </span>
     <span class='ocr_line' id='line_1_31' title="bbox 180 3583 1531 3680; baseline 0.003 -30"><span class='ocrx_word' id='word_1_301' title='bbox 180 3670 184 3674; x_wconf 44' lang='lat'>‚</span> <span class='ocrx_word' id='word_1_302' title='bbox 206 3583 242 3650; x_wconf 91' lang='lat' dir='ltr'><em>in</em></span> <span class='ocrx_word' id='word_1_303' title='bbox 255 3587 391 3673; x_wconf 89' lang='lat' dir='ltr'><em>pectore</em></span> <span class='ocrx_word' id='word_1_304' title='bbox 406 3590 647 3650; x_wconf 86' lang='lat' dir='ltr'><em>ornamentum</em></span> <span class='ocrx_word' id='word_1_305' title='bbox 662 3583 846 3674; x_wconf 88' lang='lat' dir='ltr'><em>quoddam,</em></span> <span class='ocrx_word' id='word_1_306' title='bbox 863 3586 955 3674; x_wconf 88' lang='lat' dir='ltr'><em>quod</em></span> <span class='ocrx_word' id='word_1_307' title='bbox 969 3585 1076 3675; x_wconf 87' lang='lat' dir='ltr'><em>aliqui</em></span> <span class='ocrx_word' id='word_1_308' title='bbox 1091 3586 1253 3680; x_wconf 84' lang='lat' dir='ltr'><em>rationali</em></span> <span class='ocrx_word' id='word_1_309' title='bbox 1275 3606 1531 3677; x_wconf 88' lang='lat' dir='ltr'><em>comparavere.</em></span> 
     </span>
    </p>

    <p class='ocr_par' dir='ltr' id='par_1_3' title="bbox 206 3690 1536 4845">
     <span class='ocr_line' id='line_1_32' title="bbox 251 3690 1532 3781; baseline 0.005 -27"><span class='ocrx_word' id='word_1_310' title='bbox 251 3712 283 3755; x_wconf 87' lang='lat' dir='ltr'><em>v.</em></span> <span class='ocrx_word' id='word_1_311' title='bbox 307 3694 349 3755; x_wconf 73' lang='lat'><em>29</em></span> <span class='ocrx_word' id='word_1_312' title='bbox 369 3716 385 3751; x_wconf 81' lang='lat' dir='ltr'><em>n</em></span> <span class='ocrx_word' id='word_1_313' title='bbox 410 3690 629 3779; x_wconf 81' lang='lat' dir='ltr'><em>Portet-itque</em></span> <span class='ocrx_word' id='word_1_314' title='bbox 645 3692 763 3757; x_wconf 85' lang='lat' dir='ltr'><em>Aaron</em></span> <span class='ocrx_word' id='word_1_315' title='bbox 786 3691 930 3758; x_wconf 84' lang='lat' dir='ltr'><em>nomina</em></span> <span class='ocrx_word' id='word_1_316' title='bbox 945 3691 1098 3781; x_wconf 80' lang='lat' dir='ltr'><em>filiorum</em></span> <span class='ocrx_word' id='word_1_317' title='bbox 1119 3693 1230 3760; x_wconf 90' lang='lat' dir='ltr'><em>lsrael</em></span> <span class='ocrx_word' id='word_1_318' title='bbox 1245 3694 1282 3759; x_wconf 90' lang='lat' dir='ltr'><em>in</em></span> <span class='ocrx_word' id='word_1_319' title='bbox 1299 3694 1470 3761; x_wconf 86' lang='lat' dir='ltr'><em>rationali</em></span> <span class='ocrx_word' id='word_1_320' title='bbox 1483 3694 1532 3761; x_wconf 90' lang='lat' dir='ltr'><em>iu·</em></span> 
     </span>
     <span class='ocr_line' id='line_1_33' title="bbox 207 3790 1532 3888; baseline 0.001 -27"><span class='ocrx_word' id='word_1_321' title='bbox 207 3790 404 3885; x_wconf 72' lang='lat' dir='ltr'><em>‹tiettsrrper</em></span> <span class='ocrx_word' id='word_1_322' title='bbox 413 3810 534 3885; x_wconf 85' lang='lat' dir='ltr'><em>pectus</em></span> <span class='ocrx_word' id='word_1_323' title='bbox 552 3820 668 3882; x_wconf 76' lang='lat' dir='ltr'><em>uerene,</em></span> <span class='ocrx_word' id='word_1_324' title='bbox 686 3796 826 3887; x_wconf 85' lang='lat' dir='ltr'><em>quando</em></span> <span class='ocrx_word' id='word_1_325' title='bbox 842 3797 1052 3888; x_wconf 77' lang='lat' dir='ltr'><em>inqreelietur</em></span> <span class='ocrx_word' id='word_1_326' title='bbox 1067 3800 1320 3883; x_wconf 84' lang='lat' dir='ltr'><em>sanctuarium,</em></span> <span class='ocrx_word' id='word_1_327' title='bbox 1337 3801 1532 3867; x_wconf 31' lang='lat' dir='ltr'><em>memorial,</em></span> 
     </span>
     <span class='ocr_line' id='line_1_34' title="bbox 207 3903 1534 3994; baseline 0.005 -25"><span class='ocrx_word' id='word_1_328' title='bbox 207 3924 322 3970; x_wconf 89' lang='lat' dir='ltr'><em>coram</em></span> <span class='ocrx_word' id='word_1_329' title='bbox 345 3903 491 3969; x_wconf 85' lang='lat' dir='ltr'><em>Domino</em></span> <span class='ocrx_word' id='word_1_330' title='bbox 518 3903 556 3968; x_wconf 87' lang='lat' dir='ltr'><em>r&#39;n</em></span> <span class='ocrx_word' id='word_1_331' title='bbox 573 3914 750 3969; x_wconf 84' lang='lat' dir='ltr'><em>aeternum</em></span> <span class='ocrx_word' id='word_1_332' title='bbox 771 3931 805 3987; x_wconf 88' lang='lat'><em>»,</em></span> <span class='ocrx_word' id='word_1_333' title='bbox 833 3908 1056 3994; x_wconf 84' lang='lat' dir='ltr'><em>perpetuum,</em></span> <span class='ocrx_word' id='word_1_334' title='bbox 1075 3928 1120 3972; x_wconf 91' lang='lat' dir='ltr'><em>sc.</em></span> <span class='ocrx_word' id='word_1_335' title='bbox 1146 3906 1312 3994; x_wconf 88' lang='lat' dir='ltr'><em>quamdiu</em></span> <span class='ocrx_word' id='word_1_336' title='bbox 1333 3907 1445 3975; x_wconf 88' lang='lat' dir='ltr'><em>cultus</em></span> <span class='ocrx_word' id='word_1_337' title='bbox 1475 3906 1534 3975; x_wconf 87' lang='lat' dir='ltr'><em>ille</em></span> 
     </span>
     <span class='ocr_line' id='line_1_35' title="bbox 207 4007 1535 4104; baseline 0.004 -30"><span class='ocrx_word' id='word_1_338' title='bbox 207 4007 357 4077; x_wconf 87' lang='lat' dir='ltr'><em>durabit.</em></span> <span class='ocrx_word' id='word_1_339' title='bbox 383 4009 574 4098; x_wconf 86' lang='lat' dir='ltr'><em>Opponitur</em></span> <span class='ocrx_word' id='word_1_340' title='bbox 598 4009 654 4075; x_wconf 90' lang='lat' dir='ltr'><em>hic</em></span> <span class='ocrx_word' id='word_1_341' title='bbox 673 4033 729 4076; x_wconf 88' lang='lat' dir='ltr'><em>cor</em></span> <span class='ocrx_word' id='word_1_342' title='bbox 752 4015 785 4076; x_wconf 91' lang='lat' dir='ltr'><em>et</em></span> <span class='ocrx_word' id='word_1_343' title='bbox 799 4010 973 4078; x_wconf 85' lang='lat' dir='ltr'><em>rationale</em></span> <span class='ocrx_word' id='word_1_344' title='bbox 994 4010 1141 4078; x_wconf 82' lang='lat' dir='ltr'><em>hecureris</em></span> <span class='ocrx_word' id='word_1_345' title='bbox 1159 4019 1192 4080; x_wconf 89' lang='lat' dir='ltr'><em>ct</em></span> <span class='ocrx_word' id='word_1_346' title='bbox 1207 4010 1320 4104; x_wconf 83' lang='lat' dir='ltr'><em>ephod</em></span> <span class='ocrx_word' id='word_1_347' title='bbox 1339 4036 1370 4079; x_wconf 89' lang='lat' dir='ltr'><em>v.</em></span> <span class='ocrx_word' id='word_1_348' title='bbox 1391 4018 1443 4082; x_wconf 85' lang='lat'><strong>1·2.</strong></span> <span class='ocrx_word' id='word_1_349' title='bbox 1467 4016 1535 4080; x_wconf 86' lang='lat' dir='ltr'><em>Me-</em></span> 
     </span>
     <span class='ocr_line' id='line_1_36' title="bbox 207 4114 1536 4204; baseline 0.004 -23"><span class='ocrx_word' id='word_1_350' title='bbox 207 4114 350 4181; x_wconf 88' lang='lat' dir='ltr'><em>moriale</em></span> <span class='ocrx_word' id='word_1_351' title='bbox 365 4136 470 4204; x_wconf 90' lang='lat' dir='ltr'><em>porro</em></span> <span class='ocrx_word' id='word_1_352' title='bbox 485 4114 550 4181; x_wconf 88' lang='lat' dir='ltr'><em>erit</em></span> <span class='ocrx_word' id='word_1_353' title='bbox 564 4115 817 4204; x_wconf 85' lang='lat' dir='ltr'><em>explicandum,</em></span> <span class='ocrx_word' id='word_1_354' title='bbox 833 4117 1029 4184; x_wconf 89' lang='lat' dir='ltr'><em>utiibidem.</em></span> <span class='ocrx_word' id='word_1_355' title='bbox 1049 4140 1080 4183; x_wconf 87' lang='lat' dir='ltr'><em>v.</em></span> <span class='ocrx_word' id='word_1_356' title='bbox 1091 4125 1133 4185; x_wconf 89' lang='lat'><em>30</em></span> <span class='ocrx_word' id='word_1_357' title='bbox 1147 4146 1162 4179; x_wconf 75' lang='lat' dir='ltr'><em>a</em></span> <span class='ocrx_word' id='word_1_358' title='bbox 1179 4121 1289 4184; x_wconf 90' lang='lat' dir='ltr'><em>Pones</em></span> <span class='ocrx_word' id='word_1_359' title='bbox 1304 4132 1419 4185; x_wconf 87' lang='lat' dir='ltr'><em>autem</em></span> <span class='ocrx_word' id='word_1_360' title='bbox 1431 4120 1467 4185; x_wconf 87' lang='lat' dir='ltr'><em>in</em></span> <span class='ocrx_word' id='word_1_361' title='bbox 1481 4143 1536 4188; x_wconf 91' lang='lat' dir='ltr'><em>ra-</em></span> 
     </span>
     <span class='ocr_line' id='line_1_37' title="bbox 207 4216 1532 4315; baseline 0.006 -30"><span class='ocrx_word' id='word_1_362' title='bbox 207 4219 332 4287; x_wconf 87' lang='lat' dir='ltr'><em>tionali</em></span> <span class='ocrx_word' id='word_1_363' title='bbox 350 4220 476 4286; x_wconf 83' lang='lat' dir='ltr'><em>iudicii</em></span> <span class='ocrx_word' id='word_1_364' title='bbox 488 4222 689 4315; x_wconf 87' lang='lat' dir='ltr'><em>Doctrinam</em></span> <span class='ocrx_word' id='word_1_365' title='bbox 703 4236 734 4289; x_wconf 92' lang='lat' dir='ltr'><em>et</em></span> <span class='ocrx_word' id='word_1_366' title='bbox 756 4223 949 4310; x_wconf 83' lang='lat' dir='ltr'><em>Veritatem,</em></span> <span class='ocrx_word' id='word_1_367' title='bbox 968 4216 1055 4314; x_wconf 79' lang='lat' dir='ltr'><em>quoe</em></span> <span class='ocrx_word' id='word_1_368' title='bbox 1080 4238 1178 4291; x_wconf 88' lang='lat' dir='ltr'><em>erunt</em></span> <span class='ocrx_word' id='word_1_369' title='bbox 1198 4225 1235 4291; x_wconf 91' lang='lat' dir='ltr'><em>in</em></span> <span class='ocrx_word' id='word_1_370' title='bbox 1244 4237 1382 4315; x_wconf 89' lang='lat' dir='ltr'><em>pectore</em></span> <span class='ocrx_word' id='word_1_371' title='bbox 1398 4229 1532 4309; x_wconf 85' lang='lat' dir='ltr'><em>Aaron,</em></span> 
     </span>
     <span class='ocr_line' id='line_1_38' title="bbox 206 4326 1534 4421; baseline 0.005 -29"><span class='ocrx_word' id='word_1_372' title='bbox 206 4326 345 4416; x_wconf 79' lang='lat' dir='ltr'><em>quando</em></span> <span class='ocrx_word' id='word_1_373' title='bbox 374 4327 590 4416; x_wconf 79' lang='lat' dir='ltr'><em>inpredictur</em></span> <span class='ocrx_word' id='word_1_374' title='bbox 622 4351 738 4396; x_wconf 91' lang='lat' dir='ltr'><em>coram</em></span> <span class='ocrx_word' id='word_1_375' title='bbox 764 4330 931 4415; x_wconf 88' lang='lat' dir='ltr'><em>Domino,·</em></span> <span class='ocrx_word' id='word_1_376' title='bbox 959 4343 991 4397; x_wconf 92' lang='lat' dir='ltr'><em>et</em></span> <span class='ocrx_word' id='word_1_377' title='bbox 1016 4332 1164 4420; x_wconf 58' lang='lat' dir='ltr'><em>perstabit</em></span> <span class='ocrx_word' id='word_1_378' title='bbox 1190 4331 1361 4399; x_wconf 85' lang='lat' dir='ltr'><em>iudicium</em></span> <span class='ocrx_word' id='word_1_379' title='bbox 1380 4331 1534 4421; x_wconf 83' lang='lat' dir='ltr'><em>filiorum</em></span> 
     </span>
     <span class='ocr_line' id='line_1_39' title="bbox 206 4433 1535 4527; baseline 0.005 -28"><span class='ocrx_word' id='word_1_380' title='bbox 206 4433 313 4499; x_wconf 86' lang='lat' dir='ltr'><em>lsrael</em></span> <span class='ocrx_word' id='word_1_381' title='bbox 335 4433 374 4499; x_wconf 87' lang='lat' dir='ltr'><em>in</em></span> <span class='ocrx_word' id='word_1_382' title='bbox 391 4447 529 4524; x_wconf 88' lang='lat' dir='ltr'><em>pectore</em></span> <span class='ocrx_word' id='word_1_383' title='bbox 546 4457 606 4501; x_wconf 88' lang='lat' dir='ltr'><em>suo</em></span> <span class='ocrx_word' id='word_1_384' title='bbox 629 4436 666 4501; x_wconf 85' lang='lat' dir='ltr'><em>in</em></span> <span class='ocrx_word' id='word_1_385' title='bbox 688 4449 869 4525; x_wconf 86' lang='lat' dir='ltr'><em>conspectu</em></span> <span class='ocrx_word' id='word_1_386' title='bbox 892 4438 1033 4503; x_wconf 86' lang='lat' dir='ltr'><em>Domini</em></span> <span class='ocrx_word' id='word_1_387' title='bbox 1049 4460 1180 4527; x_wconf 89' lang='lat' dir='ltr'><em>semper</em></span> <span class='ocrx_word' id='word_1_388' title='bbox 1209 4466 1238 4505; x_wconf 78' lang='lat' dir='ltr'><em>u.</em></span> <span class='ocrx_word' id='word_1_389' title='bbox 1266 4438 1395 4506; x_wconf 85' lang='lat' dir='ltr'><em>Dicitur</em></span> <span class='ocrx_word' id='word_1_390' title='bbox 1419 4438 1476 4506; x_wconf 95' lang='lat' dir='ltr'><em>hic</em></span> <span class='ocrx_word' id='word_1_391' title='bbox 1501 4448 1535 4506; x_wconf 91' lang='lat' dir='ltr'><em>et</em></span> 
     </span>
     <span class='ocr_line' id='line_1_40' title="bbox 206 4540 1533 4634; baseline 0.002 -26"><span class='ocrx_word' id='word_1_392' title='bbox 206 4563 239 4608; x_wconf 86' lang='lat' dir='ltr'><em>v.</em></span> <span class='ocrx_word' id='word_1_393' title='bbox 259 4546 300 4607; x_wconf 84' lang='lat'><em>15</em></span> <span class='ocrx_word' id='word_1_394' title='bbox 315 4540 483 4608; x_wconf 88' lang='lat' dir='ltr'><em>rationale</em></span> <span class='ocrx_word' id='word_1_395' title='bbox 505 4540 640 4626; x_wconf 74' lang='lat' dir='ltr'><em>inedicii,</em></span> <span class='ocrx_word' id='word_1_396' title='bbox 661 4541 744 4631; x_wconf 88' lang='lat' dir='ltr'><em>quia</em></span> <span class='ocrx_word' id='word_1_397' title='bbox 763 4542 977 4610; x_wconf 86' lang='lat' dir='ltr'><em>inrationali</em></span> <span class='ocrx_word' id='word_1_398' title='bbox 996 4546 1177 4633; x_wconf 90' lang='lat' dir='ltr'><em>reponitur</em></span> <span class='ocrx_word' id='word_1_399' title='bbox 1194 4545 1360 4612; x_wconf 76' lang='lat' dir='ltr'><em>z&#39;uelicium</em></span> <span class='ocrx_word' id='word_1_400' title='bbox 1377 4544 1533 4634; x_wconf 82' lang='lat' dir='ltr'><em>filiorum</em></span> 
     </span>
     <span class='ocr_line' id='line_1_41' title="bbox 207 4646 1534 4740; baseline 0.004 -26"><span class='ocrx_word' id='word_1_401' title='bbox 207 4646 331 4732; x_wconf 87' lang='lat' dir='ltr'><em>lsrael,</em></span> <span class='ocrx_word' id='word_1_402' title='bbox 354 4647 447 4737; x_wconf 90' lang='lat' dir='ltr'><em>quod</em></span> <span class='ocrx_word' id='word_1_403' title='bbox 465 4654 514 4716; x_wconf 86' lang='lat' dir='ltr'><em>est</em></span> <span class='ocrx_word' id='word_1_404' title='bbox 535 4649 629 4715; x_wconf 83' lang='lat' dir='ltr'><em>Urr&#39;m</em></span> <span class='ocrx_word' id='word_1_405' title='bbox 643 4660 675 4715; x_wconf 90' lang='lat' dir='ltr'><em>et</em></span> <span class='ocrx_word' id='word_1_406' title='bbox 698 4647 900 4718; x_wconf 84' lang='lat' dir='ltr'><em>Thummiue.</em></span> <span class='ocrx_word' id='word_1_407' title='bbox 918 4656 1015 4717; x_wconf 91' lang='lat' dir='ltr'><em>Num.</em></span> <span class='ocrx_word' id='word_1_408' title='bbox 1035 4658 1134 4733; x_wconf 54' lang='lat'><em>2731</em></span> <span class='ocrx_word' id='word_1_409' title='bbox 1158 4650 1290 4740; x_wconf 81' lang='lat' dir='ltr'><em>(Hebe.)</em></span> <span class='ocrx_word' id='word_1_410' title='bbox 1309 4651 1459 4719; x_wconf 89' lang='lat' dir='ltr'><em>habetur</em></span> <span class='ocrx_word' id='word_1_411' title='bbox 1477 4676 1534 4719; x_wconf 86' lang='lat' dir='ltr'><em>ex-</em></span> 
     </span>
     <span class='ocr_line' id='line_1_42' title="bbox 207 4754 1532 4845; baseline 0.003 -24"><span class='ocrx_word' id='word_1_412' title='bbox 207 4756 335 4845; x_wconf 89' lang='lat' dir='ltr'><em>pressio</em></span> <span class='ocrx_word' id='word_1_413' title='bbox 355 4754 529 4822; x_wconf 83' lang='lat' dir='ltr'><em>consulere</em></span> <span class='ocrx_word' id='word_1_414' title='bbox 547 4755 716 4823; x_wconf 84' lang='lat' dir='ltr'><em>iudicium</em></span> <span class='ocrx_word' id='word_1_415' title='bbox 739 4760 834 4824; x_wconf 86' lang='lat' dir='ltr'><em>Urim</em></span> <span class='ocrx_word' id='word_1_416' title='bbox 852 4779 865 4823; x_wconf 93' lang='grc'><em>.·</em></span> <span class='ocrx_word' id='word_1_417' title='bbox 882 4758 975 4825; x_wconf 86' lang='lat' dir='ltr'><em>Urim</em></span> <span class='ocrx_word' id='word_1_418' title='bbox 994 4763 1027 4824; x_wconf 90' lang='lat' dir='ltr'><em>et</em></span> <span class='ocrx_word' id='word_1_419' title='bbox 1047 4758 1241 4825; x_wconf 89' lang='lat' dir='ltr'><em>Thummim</em></span> <span class='ocrx_word' id='word_1_420' title='bbox 1258 4756 1347 4825; x_wconf 90' lang='lat' dir='ltr'><em>illud</em></span> <span class='ocrx_word' id='word_1_421' title='bbox 1365 4757 1532 4827; x_wconf 88' lang='lat' dir='ltr'><em>iudicium</em></span> 
     </span>
    </p>
   </div>
   <div class='ocr_carea' id='block_1_3' title="bbox 0 0 1774 5384">
    <p class='ocr_par' dir='ltr' id='par_1_4' title="bbox 0 0 1774 5384">
     <span class='ocr_line' id='line_1_43' title="bbox 0 0 1774 5384; baseline 0 0"><span class='ocrx_word' id='word_1_422' title='bbox 0 0 1774 5384; x_wconf 95' lang='lat' dir='ltr'><em> </em></span> 
     </span>
    </p>
   </div>
  </div>
 </body>
</html>
