3534 5384
724 438 791 483 1111.
815 425 867 493 1,5
890 439 954 491 soe.
1449 426 1508 485 365

176 592 202 627 v.
223 578 265 639 to,
281 580 384 629 mactat
398 592 424 627 v.
445 577 473 626 ll
493 583 521 628 et
535 578 644 640 reliqua
657 578 752 627 omnia
766 579 876 640 peragit
895 590 952 627 uno
973 578 1104 642 excepto,
1121 580 1152 628 ut
1170 591 1210 628 sc.
1227 579 1321 629 Aaron
1338 585 1366 630 et
1380 578 1431 631 filil
1446 594 1507 631 ma-

177 682 231 718 nus
247 669 401 731 imponant.
419 665 518 730 Neque
538 666 638 726 officit,
651 667 802 729 posteriori
822 678 894 716 aevo
914 666 929 716 2
950 666 1015 717 Par.
1032 666 1124 727 1931.
1142 664 1233 717 1135
1254 668 1412 719 sacerdotes
1432 672 1508 719 vieti·

177 769 238 807 mas
251 760 390 805 mactasse
405 768 412 803 :
428 755 548 815 etenim,
564 754 640 818 quod
655 754 694 804 lbi
709 754 744 805 de
756 753 901 804 sacrifieiis
913 755 1032 819 pidiliels
1048 754 1176 816 traditur,
1190 768 1248 806 non
1260 760 1419 807 necessario
1434 758 1507 809 ide-m

177 845 212 895 de
235 843 380 894 sacrificiis
402 846 519 908 privatis
532 842 676 893 affirmare
695 844 820 907 oportet;
834 845 1012 907 potissimum
1032 856 1099 895 vero
1113 844 1218 907 potuit,
1235 845 1310 908 quod
1329 846 1413 896 etiam
1429 847 1502 909 apud

176 934 343 984 christianos
365 932 469 983 laetum
490 934 545 992 est,
573 932 619 983 lex
640 932 836 983 ceremonialis
862 932 982 983 decursu
1005 934 1161 996 temporum
1188 932 1249 983 lieri
1276 936 1410 985 strictior.
1439 935 1510 985 Pro-

176 1023 269 1085 prium
284 1027 327 1073 est
341 1021 448 1072 ordinis
465 1020 648 1072 sacerdotalis
669 1022 818 1085 cuiusque,
835 1026 866 1070 ut
885 1020 1004 1072 decursu
1023 1026 1181 1085 temporum
1200 1022 1282 1086 plura
1301 1023 1353 1073 sibi
1371 1026 1506 1079 reservet,

177 1123 250 1173 quae
265 1111 343 1161 laicis
353 1111 481 1175 primitus
496 1111 649 1161 licuissent.
667 1108 785 1174 Oportet
796 1110 882 1173 igitur
896 1110 1077 1174 interpretem
1091 1110 1174 1161 valde
1190 1113 1270 1161 caute
1287 1112 1328 1162 utl
1340 1113 1509 1165 testimoniis

178 1202 364 1251 recentiorum
379 1200 414 1249 V.
425 1198 457 1249 Τ.
471 1199 620 1259 librorum,
633 1204 661 1249 et
675 1199 765 1261 magis
780 1200 866 1249 ettam
881 1198 1009 1262 Iosepbl,
1021 1200 1050 1247 in
1066 1200 1176 1263 legibus
1190 1199 1308 1250 Levitici
1324 1200 1506 1263 explicandis

224 1394 241 1427 a
259 1368 303 1431 Et
322 1364 471 1454 offerent
483 1363 554 1453 filit
567 1367 686 1431 Aaron
702 1362 893 1430 sacerdotes
912 1363 1120 1453 sanqtcinern
1138 1365 1228 1448 eiua,
1242 1364 1430 1455 frtrtdentes
1443 1389 1508 1455 per

178 1471 300 1539 altoris
311 1470 512 1552 circuitam,
528 1470 623 1560 qtcod
631 1482 680 1537 est
692 1482 772 1537 ante
787 1471 913 1536 ostium
928 1470 1144 1537 tabernaculi
1159 1499 1189 1537 n.
1205 1472 1320 1561 Hiphil
1333 1472 1430 1539 verbi
1446 1488 1505 1564 :ip

179 1578 326 1647 eundem
341 1577 376 1643 h.
394 1577 418 1642 l.
447 1582 550 1667 atque
564 1600 597 1642 v.
616 1583 635 1643 3
651 1598 786 1644 sensum
802 1576 931 1643 habeat
947 1583 1096 1665 oportet;
1119 1599 1201 1663 ergo
1223 1579 1362 1665 sanguis
1383 1578 1506 1645 colleo-

179 1691 232 1751 tus
247 1685 304 1773 (ef.
322 1690 343 1749 2
358 1688 432 1749 Par.
451 1688 570 1765 29,‘22;
588 1682 852 1772 salutarique
871 1682 1044 1750 «invasis
1061 1710 1076 1745 a
1097 1684 1166 1772 (Pe.
1185 1684 1287 1774 lon),
1308 1706 1378 1751 non
1393 1685 1506 1752 eleva-

179 1791 280 1858 batur
293 1789 415 1879 (Cati,
427 1789 489 1857 sed
503 1789 764 1857 afferebaturad
773 1789 894 1856 altare.
910 1812 941 1854 v.
956 1796 976 1855 ti
989 1816 1005 1850 «
1018 1794 1248 1879 Detractaque
1258 1791 1348 1880 pelle
1360 1792 1502 1876 nostiae,

179 1910 274 1963 artare
297 1896 334 1963 in
349 1900 467 1986 frusta
484 1894 709 1963 concident».
727 1900 775 1962 lta
790 1898 884 1964 Sam.
901 1898 993 1961 LXX
1005 1917 1018 1959 .·
1037 1895 1095 1963 sed
1113 1896 1238 1985 reliqui
1254 1896 1359 1964 verba
1378 1898 1505 1965 habent

179 2024 324 2072 numere
342 2002 523 2089 singulari,
541 2023 646 2091 quam
661 2001 846 2069 lectionem
865 2002 1046 2069 confirmat
1060 2026 1095 2070 v.
1113 2008 1133 2068 'i
1153 2002 1344 2071 subiectum
1362 2026 1506 2071 numero

181 2110 307 2200 plurali
325 2109 396 2199 filii
409 2113 527 2176 Aaron
540 2107 725 2175 sacerdotis
739 2108 896 2198 explicite
913 2110 1093 2198 scriptum.
1112 2113 1156 2175 Ex
1171 2116 1191 2175 2
1207 2114 1282 2177 Par.
1302 2115 1404 2192 sset
1422 2110 1507 2176 illud

179 2216 322 2284 indubie
345 2215 531 2302 colligitur,
545 2214 697 2305 potuisse
712 2216 817 2282 etiam
831 2238 904 2281 non
917 2214 1112 2283 sacerdotes
1129 2215 1347 2283 decorisndis
1361 2218 1508 2284 victimis

180 2322 350 2390 adhiberi.
371 2345 404 2389 v.
425 2330 445 2388 7
468 2353 483 2384 α
504 2324 549 2389 Et
563 2321 745 2389 sirbiieient
764 2321 801 2388 in
816 2322 923 2389 altari
943 2322 1077 2411 ianam,
1099 2335 1191 2390 strue
1211 2322 1385 2412 liqnorunt
1406 2325 1508 2411 torale,l

180 2429 367 2522 eorrmosito
391 2456 421 2497 a.
439 2428 624 2496 infeliciter
644 2428 744 2517 Valq.
762 2448 882 2496 vocem
901 2428 1056 2496 inseruit.
1078 2430 1179 2497 Hebr.
1197 2431 1273 2496 :Et
1295 2443 1424 2519 ponent
1440 2430 1510 2519 filit

182 2539 297 2604 Aaron
306 2534 491 2603 sacerdotis
505 2536 623 2624 iqnern
632 2557 734 2626 saper
743 2535 869 2622 altare,
886 2546 919 2602 et
929 2533 1138 2601 ordinabunt
1151 2534 1247 2625 liqna
1260 2559 1362 2627 snper
1378 2538 1504 2626 ianent.

180 2644 270 2730 Ignis
290 2666 336 2710 sc.
364 2665 460 2709 sacer
479 2663 659 2732 nunquam
688 2641 981 2729 exstinguebatur,
1006 2641 1058 2707 illi
1077 2648 1186 2708 strues
1204 2642 1449 2731 imponebatur
1477 2652 1509 2709 et

181 2749 316 2839 reliqua
338 2750 418 2838 (Cal
456 2749 492 2839 .).
519 2771 552 2815 v.
570 2755 590 2816 8
608 2775 625 2810 a
650 2751 696 2815 Et
716 2750 883 2830 membra,
912 2770 999 2837 qliae
1022 2760 1102 2815 sarit
1125 2771 1222 2815 caesa
1248 2777 1278 2831 a,
1302 2787 1347 2799 —
1370 2752 1472 2817 Hebr.
1499 2774 1509 2815 .·

178 2858 295 2944 fraleta
309 2859 350 2941 (v.
369 2857 457 2944 6)-
472 2884 488 2916 s
506 2855 652 2943 desuper·
664 2854 875 2939 ordinantes,
892 2866 996 2943 captet
1011 2853 1192 2941 [uidelicet]
1204 2867 1236 2921 et
1248 2856 1405 2944 [retractat
1421 2879 1510 2945 qaae

183 2962 369 3029 adbaerent
389 2961 539 3045 iecori»,
556 2984 589 3029 v,
607 2968 626 3028 9
649 2990 665 3022 a
688 2961 860 3027 intestinis
880 2960 1068 3049 etpedibus
1086 2960 1164 3027 lotis
1186 2984 1278 3051 aqua
1301 2990 1330 3029 1,
1352 2976 1409 3029 itti
1429 2969 1510 3044 830

183 3066 387 3135 discernitur
407 3073 440 3135 et
458 3091 480 3135 a
495 3068 606 3157 capite
628 3073 661 3135 et
679 3066 832 3134 statutis
854 3089 863 3135 ε
885 3088 968 3153 ergo
991 3066 1118 3133 merito
1140 3090 1160 3133 a
1180 3067 1344 3134 babbinis
1364 3068 1509 3136 vertitur

183 3174 299 3264 adeps.
319 3175 432 3264 Adeps
453 3175 572 3264 utique
591 3196 699 3264 prope
714 3174 810 3241 ieeur
824 3174 1008 3262 reperitur,
1025 3173 1086 3239 sed
1107 3195 1175 3240 non
1190 3174 1240 3240 ibi
1255 3174 1366 3242 solum
1386 3197 1393 3243 :
1415 3176 1511 3243 ieeur

182 3281 220 3348 in
230 3288 400 3349 textunon
411 3287 472 3348 est.
488 3288 551 3349 Pro
561 3280 721 3348 viclelieet
732 3280 851 3359 melius
867 3279 1081 3347 scribebatur
1090 3280 1194 3346 etiam
1208 3281 1371 3371 (barisan).
1388 3284 1512 3348 Frustis
1617 3274 1623 3281 ’

183 3388 370 3455 universim
389 3387 568 3479 expressis,
585 3394 805 3455 recensentur
824 3408 875 3466 ea,
900 3408 1048 3476 quorum
1070 3386 1373 3454 subducendorum
1394 3388 1509 3478 aliqua

183 3516 351 3585 apparere
371 3496 483 3585 potuit
502 3494 589 3561 ratio
613 3515 621 3561 :
646 3499 760 3583 eaput,
782 3492 876 3583 quod
899 3493 1062 3582 Aegyptii
1084 3493 1295 3560 asseritieiis
1317 3496 1512 3562 eximebant

185 3602 323 3691 (Herod.
348 3606 387 3669 ΙΙ.
413 3608 472 3684 39;
489 3600 663 3668 Plutarch.
680 3599 758 3668 lsid.
777 3600 849 3689 31);
869 3599 992 3688 adepS,
1011 3621 1099 3688 quae
1113 3599 1243 3667 nullius
1258 3600 1356 3667 frusti
1372 3602 1511 3668 videba-

184 3714 240 3774 tur
257 3708 447 3776 neeessaria
466 3730 561 3798 pars,
579 3713 720 3796 eratque
737 3705 781 3773 ad
796 3728 878 3773 usus
894 3706 1056 3796 profanos
1069 3706 1214 3773 maxime
1229 3706 1264 3773 in
1279 3708 1384 3789 votis3
1405 3708 1510 3774 intes-

184 3814 258 3880 tina
272 3820 305 3880 et
317 3838 450 3882 cruraa
466 3814 612 3901 genibus
625 3813 668 3879 ad
682 3812 803 3902 pedeS,
824 3835 929 3901 quae,
947 3833 1025 3880 eum
1038 3811 1231 3879 sordidiora
1246 3815 1366 3881 ceteris
1382 3822 1508 3893 essent,

185 3926 344 4010 poterant
358 3921 526 4008 religione
540 3918 692 4009 quadam
705 3920 750 3985 ah
769 3917 871 3987 altari
885 3918 1018 3986 excludi
1035 3917 1113 4007 (Syl
1137 3918 1176 4012 .).Ι
1194 3948 1209 3981 a
1231 3919 1455 4009 Adolebitque
1474 3944 1512 3986 ca

184 4026 339 4095 sacerdos
352 4049 453 4116 super
467 4026 576 4094 altare
593 4026 630 4093 in
646 4024 883 4092 holocaustum
898 4037 931 4089 et
942 4046 1078 4091 stravam
1094 4024 1232 4092 odorent
1248 4025 1393 4091 Domino
1414 4056 1442 4093 ».

221 4225 330 4299 stupa,
350 4232 361 4263 1
378 4217 461 4267 dictio
476 4230 493 4266 a
509 4217 590 4268 thure
605 4216 719 4280 quidem
735 4215 868 4275 deducta,
884 4214 934 4265 sed
956 4214 1092 4265 translata
1106 4215 1142 4265 ad
1160 4214 1375 4279 significandum
1390 4228 1514 4266 cremare

186 4308 220 4357 ad
239 4308 328 4355 instar
347 4305 461 4355 thuris»
479 4301 576 4373 (Caii,
594 4306 628 4355 de
649 4304 796 4368 quibusvis
815 4302 961 4353 sacrificiis
981 4304 1177 4355 comburendis
1196 4304 1351 4369 praedicari
1370 4308 1517 4356 consuevit

187 4394 231 4451 tei.
246 4396 302 4457 22.
317 4396 347 4455 9;
364 4394 419 4455 3,5.
439 4394 484 4455 ll;
501 4394 578 4454 t,to;
599 4393 670 4453 ind.
687 4394 702 4443 8
718 4390 794 4458 eto).
815 4392 952 4442 Adlleitur
969 4398 1113 4453 anaim,
1132 4392 1219 4442 altare
1234 4407 1338 4455 sersus,
1357 4396 1431 4457 quod
1446 4395 1515 4444 alim¹

185 4486 270 4535 etiam
292 4484 396 4547 legitur
422 4481 457 4548 (v.
475 4483 636 4542 13.15.17;
654 4482 709 4543 bi.
726 4482 741 4532 9
756 4477 838 4548 etc.);
855 4494 907 4545 pro
926 4494 981 4544 quo
1004 4481 1048 4541 ns
1069 4480 1199 4531 scribitur
1213 4488 1330 4543 burna,
1345 4488 1373 4533 et
1394 4484 1467 4543 als.
1485 4484 1513 4531 li

165 4580 290 4630 ‘mim
305 4553 352 4633 bu.
368 4571 410 4623 01.
423 4570 516 4621 Dittm.
533 4572 658 4621 -lleba
674 4585 682 4619 t
698 4570 822 4621 adolebit
837 4570 886 4619 boe
901 4576 994 4629 toturn,
1010 4571 1093 4620 etiam
1108 4576 1191 4635 eaput
1206 4575 1258 4621 etc.
1272 4570 1445 4623 Etadiieitnr
1457 4573 1512 4620 vel-

186 4664 226 4715 uti
244 4664 316 4713 ratio
336 4661 521 4713 holocaustam
539 4668 576 4711 est
596 4665 637 4721 et,
653 4664 716 4723 post
735 4660 808 4710 hanc
827 4659 977 4723 specialem
997 4661 1097 4722 eapitis
1115 4662 1203 4709 nostri
1222 4661 1390 4719 clausulam,
1407 4660 1511 4710 adscri-

185 4752 260 4803 bitur
273 4752 399 4803 elausula
412 4749 571 4814 generalior
585 4749 729 4799 combustio
741 4749 824 4798 lanae
840 4745 953 4815 (oblata)
971 4748 1001 4797 tn
1015 4748 1119 4797 odorem
1136 4752 1333 4799 auarissimun.
