3534 5384
350 1159 354 1165 ·
447 1134 486 1188 Δ.
503 1134 551 1187 De
566 1135 730 1188 Βωοιιο
743 1132 778 1186 in
791 1132 915 1187 socoth
930 1134 992 1187 Ex.
1011 1132 1243 1202 aa,3'7·1³,1o.
1269 1173 1271 1179 .

223 1441 287 1510 Ubi
312 1442 464 1532 primum
486 1441 747 1533 proficiscuntur
764 1442 926 1525 Hebraei,
948 1442 1115 1525 narratio,
1133 1442 1227 1533 quod
1242 1452 1284 1534 p.
1303 1448 1323 1509 2
1344 1443 1512 1511 moneba-

180 1570 257 1616 mus
273 1555 307 1617 et
318 1550 388 1617 iam
400 1548 436 1615 in
454 1548 574 1615 Genesi
593 1546 859 1616 observabamus
874 1548 1077 1637 (Commeat.
1096 1572 1131 1639 p.
1149 1552 1202 1617 28.
1219 1555 1259 1615 31
1277 1549 1357 1640 sq.),
1376 1548 1510 1617 itineris

182 1655 345 1723 stationes
366 1654 531 1744 sequitur.
548 1658 699 1732 Quarum
722 1656 835 1744 prima
860 1656 925 1723 hac
944 1656 1104 1746 pericope
1121 1654 1321 1724 absolvitur.
1348 1662 1511 1737 iaci-ta

179 1760 314 1852 aliquae
336 1760 557 1852 protectionis
580 1760 856 1828 circumstantiae
879 1761 1280 1851 supplentur;12,l3-5i
1305 1762 1512 1830 adscribitur

179 1867 247 1936 alia
261 1870 313 1935 lex
327 1873 407 1936 ante
420 1867 670 1958 profectionem
683 1866 776 1950 data,
793 1866 961 1935 definiens
976 1866 1118 1957 quinam
1136 1869 1242 1935 Phase
1261 1867 1436 1936 celebrare
1452 1872 1513 1935 aut

177 1974 327 2041 debeant
358 1979 417 2041 aut
444 1980 635 2063 nequeant;
654 1972 711 2039 cui
733 1980 874 2053 iad-19
903 1972 1119 2040 subnectitur
1142 1972 1211 2040 alia
1233 1994 1369 2041 rursum
1391 1974 1445 2041 lex
1468 1972 1512 2041 de

180 2080 437 2170 primogenitis,
453 2081 589 2147 obeam
612 2101 694 2146 sane
709 2079 893 2163 rationem,
909 2079 1001 2169 quod
1017 2080 1089 2169 ipsa
1108 2078 1329 2169 profectionis
1346 2079 1401 2148 die
1427 2082 1472 2168 (v.
1491 2088 1510 2147 3

178 2186 248 2276 sq.)
268 2208 309 2253 ea
326 2186 380 2254 lex
398 2186 502 2253 luerit
521 2208 543 2253 a
558 2192 625 2253 lieo
644 2184 738 2253 edita
755 2183 903 2276 ideoque
922 2186 965 2253 ad
986 2185 1059 2253 eius
1078 2184 1148 2252 diei
1167 2192 1243 2253 acta
1262 2186 1444 2276 pertineat.

215 2421 368 2486 Mandatts,
384 2433 456 2485 quae
471 2422 546 2471 illico
560 2424 626 2471 sunt
639 2422 810 2472 exsecutioni
825 2420 997 2481 mandanda,
1015 2424 1144 2479 narrator
1157 2433 1243 2485 saepe
1261 2421 1396 2485 appendit
1414 2423 1508 2473 moui·

183 2516 257 2571 tum,
273 2510 436 2560 mandatum
450 2522 468 2559 a
481 2510 585 2574 populo
597 2523 660 2561 esse
671 2510 815 2573 expletum
831 2523 837 2558 :
855 2511 896 2560 lta
913 2508 1009 2571 io,2i;
1026 2508 1093 2560 Lar.
1112 2509 1189 2570 8,36;
1207 2508 1288 2571 ulca
1307 2515 1361 2561 cic.
1378 2510 1446 2562 Eius
1459 2524 1511 2575 ge·

181 2600 258 2650 neris
272 2599 428 2649 clausulam
450 2597 556 2648 babent
578 2600 663 2649 etiam
682 2598 753 2649 duae
773 2611 837 2663 cap.
863 2598 987 2663 irreges
1001 2612 1028 2649 v.
1045 2599 1088 2650 28.
1105 2598 1148 2648 50.
1166 2598 1315 2651 Praeterea
1338 2600 1463 2651 narratio
1482 2615 1509 2651 v.

177 2687 259 2739 iti-ti
272 2726 279 2748 ,
293 2700 366 2753 quae
381 2689 453 2738 iuter
471 2687 535 2737 ilias
552 2687 630 2752 leges
653 2687 814 2747 intercedit,
830 2701 911 2738 suam
937 2688 1021 2739 habet
1043 2700 1070 2737 v.
1094 2686 1123 2737 lt
1147 2688 1316 2747 clausulam,
1345 2690 1436 2739 ecdem
1461 2691 1505 2740 dte

180 2777 316 2842 populum
330 2790 366 2827 ex
380 2778 509 2841 Aegypto
523 2788 668 2840 egressum
682 2789 755 2827 esse.
771 2775 850 2837 Quae
859 2776 987 2827 clausula
1003 2778 1066 2840 post
1081 2777 1168 2839 ipsius
1182 2777 1326 2840 sequentis
1342 2778 1414 2839 legis
1431 2791 1457 2826 v.
1475 2778 1510 2828 50

180 2868 322 2930 propriam
336 2866 491 2916 clausulam
505 2877 616 2915 rursum
625 2877 652 2915 r.
668 2865 697 2915 5l
716 2866 860 2929 repetitur.
876 2863 967 2925 Quem
980 2876 1093 2915 versum
1112 2864 1210 2913 Kotor.
1232 2871 1291 2915 eta
1313 2864 1508 2928 praecedenti-

182 2955 236 3004 bus
250 2960 278 3005 et
291 2967 309 3005 a
322 2953 503 3019 sequentibus
517 2954 701 3017 distinguunt.
719 2953 791 3004 ilinc
813 2954 950 3017 sequitur,
965 2952 1036 3002 diem
1053 2966 1081 3003 v.
1100 2953 1129 3003 51
1150 2954 1269 3004 eandem
1284 2953 1404 3016 intelligi
1422 2962 1508 3017 atque

181 3056 210 3091 v.
228 3043 275 3105 li,
291 3056 383 3107 nequa
398 3043 492 3106 legem
504 3056 531 3092 v.
549 3042 632 3093 ta-so
646 3049 705 3106 post
720 3041 794 3093 diem
811 3055 839 3091 v.
856 3040 887 3091 il
903 3054 966 3092 csac
981 3040 1096 3093 editam.
1112 3039 1186 3102 Quid
1201 3042 1254 3092 sibl
1268 3041 1336 3092 velit
1355 3055 1382 3091 v.
1401 3040 1444 3102 li,
1464 3042 1507 3093 di-

179 3144 276 3183 cemus
289 3130 371 3182 inira.

410 3394 414 3399 .
467 3348 496 3406 i.
519 3342 751 3406 Hebraeorum
768 3339 944 3430 profectio
964 3344 1020 3409 Ex.
1049 3346 1221 3422 iaci-ta.

223 3566 307 3651 Arp.
327 3602 372 3613 -
389 3561 599 3652 Supplentur
633 3562 907 3630 circumstantiae
942 3562 1078 3651 aliquae
1117 3561 1272 3630 nondum
1307 3566 1502 3634 recensitae.

176 3668 503 3736 Proficiscunturdie
516 3667 641 3735 mensis
657 3676 723 3750 15⁸,
737 3696 752 3729 a
767 3669 963 3737 videntibus
972 3669 1284 3759 cuuctisricgyptiis
1297 3676 1331 3737 et
1340 3671 1506 3761 sepelien-

175 3775 269 3842 tibus
280 3776 537 3865 primogenitos,
558 3797 644 3864 quos
661 3782 875 3865 percusserat
893 3776 1084 3843 Dominus»
1109 3776 1220 3861 (Num.
1236 3778 1315 3856 33,3
1334 3778 1416 3867 sq.),
1438 3782 1506 3845 Nu-

179 3904 292 3949 merus
310 3902 524 3968 egressorum
541 3880 721 3948 subiicitur
733 3905 765 3949 v.
784 3888 826 3948 37
840 3904 905 3972 sq,
928 3888 1003 3949 acta
1016 3881 1135 3970 aliqua
1151 3882 1188 3948 in
1203 3884 1325 3951 socoth
1340 3906 1371 3951 v.
1390 3890 1431 3950 39
1452 3906 1506 3951 re·

175 3994 370 4071 censentur,
397 4008 557 4054 numerus
593 4008 763 4055 annorum
786 3987 1063 4056 commorationis
1088 3988 1308 4077 aegyptiacae
1329 4012 1360 4057 v.
1387 3994 1428 4055 to
1451 4012 1501 4079 sq.

176 4094 394 4176 adscribitur,
408 4093 520 4161 denuo
528 4116 559 4159 v.
577 4100 619 4161 li
633 4093 880 4181 obligatioiesti
893 4094 1077 4184 quotannis
1089 4094 1287 4161 celebrandi
1299 4094 1502 4163 inculcatur.

222 4223 254 4268 v.
269 4206 313 4267 37
331 4230 346 4261 «
372 4200 592 4290 Profectiquc
608 4213 689 4266 sunt
699 4199 770 4289 filit
784 4201 892 4268 lsrael
909 4198 950 4265 tle
966 4204 1120 4269 Roriarssc
1136 4201 1172 4267 in
1192 4200 1327 4289 Socotb,
1345 4216 1505 4270 sauream

173 4308 251 4396 sere
268 4306 381 4373 millia
395 4306 555 4397 perlitum
570 4307 732 4393 virorum,
753 4310 878 4397 obsqrrc
886 4306 1047 4396 paruulis
1063 4336 1094 4375 a.
1116 4307 1180 4375 Sed
1197 4330 1277 4374 voce
1294 4332 1341 4407 pu
1358 4308 1504 4396 intelligi

178 4416 374 4480 universam
387 4413 583 4504 familiam,
600 4435 761 4481 censuere
780 4417 870 4481 LXX
886 4413 1007 4482 chald.
1026 4418 1157 4503 Syriam.
1182 4420 1227 4481 lle
1244 4419 1400 4483 Ramesse
1416 4421 1450 4481 ct
1462 4414 1504 4481 de

176 4518 317 4601 Socotb,
335 4520 433 4587 cuius
446 4519 529 4610 pagi
541 4528 644 4609 caput
656 4526 729 4586 erat
740 4520 913 4601 Phitbom,
931 4520 1077 4587 diximus
1093 4520 1137 4587 ad
1154 4526 1243 4603 i,ii.
1260 4522 1367 4589 Gratis
1380 4544 1505 4611 suppe-

176 4628 229 4693 nit
252 4626 378 4707 Calua,
407 4626 577 4694 Hebraeos
597 4648 717 4695 omnes
739 4631 841 4694 autea
863 4628 901 4693 in
925 4632 1079 4695 ltamessc
1099 4627 1202 4694 luisse
1224 4628 1389 4695 adunatos
1414 4649 1422 4693 :
1445 4628 1504 4693 sed

176 4732 284 4800 Phase
310 4738 550 4822 supponuntur
570 4732 698 4820 singuli
721 4732 967 4801 comedissein
988 4734 1057 4799 suis
1082 4733 1252 4801 domibus.
1280 4740 1368 4821 Ergo
1394 4733 1505 4801 verius

512 4866 516 4875 ’
580 4862 754 4897 transmittit.
773 4876 804 4884 -
820 4862 847 4897 ia
864 4862 905 4897 EX.
925 4862 954 4897 ΕΤ
971 4862 1025 4897 LEl'.
1059 4874 1090 4882 -
1106 4851 1121 4895 9
