3534 5384
234 403 272 461 ln
791 414 1007 459 mraonucrro.

230 552 295 618 hac
315 551 391 636 lege
410 553 535 637 Moyses
556 549 647 616 viam
667 546 895 628 demonstrat,
913 569 980 636 qua
1007 544 1169 612 omnibus
1183 531 1415 612 Hebraeorum
1430 543 1566 611 iuribus

230 657 451 746 participent,
479 653 784 722 circumcisionem.
811 658 899 721 llaec
917 652 991 720 eius
1014 652 1102 738 legis
1127 673 1166 719 eo
1186 657 1343 740 tempore
1364 649 1518 717 edendae
1532 658 1566 718 et

228 764 262 830 h.
290 765 315 831 l.
336 760 538 830 inserendae
558 761 647 828 ratio
667 760 838 850 princeps.
863 765 931 826 llac
951 760 1028 847 lege
1046 780 1123 826 eam
1145 757 1326 825 hominum
1342 756 1484 824 classem
1498 757 1565 825 sibi

229 869 443 936 devinciebat
463 871 598 955 Moyses.

272 972 550 1041 Considerandae
562 995 664 1063 porro
683 974 824 1040 veniunt
844 973 938 1059 leges
955 977 1196 1055 20,22-23,19,
1222 992 1312 1059 quae
1335 970 1565 1058 quorumdam

228 1081 387 1168 decalogi
407 1079 646 1147 mandatorum
666 1079 819 1146 novellas
842 1079 983 1146 habent.
1002 1083 1151 1156 Quarum
1173 1077 1290 1164 legum
1311 1075 1462 1144 delectus
1481 1075 1564 1143 ada·

229 1188 367 1255 mussim
394 1185 556 1273 congruit
574 1187 631 1270 iis,
655 1208 743 1276 quae
763 1186 805 1254 de
825 1191 1020 1274 temporum
1044 1184 1186 1252 illorum
1214 1182 1326 1250 turbis
1349 1181 1562 1250 dicebamus.

230 1293 404 1362 Praescius
420 1293 531 1380 igitur
544 1291 828 1382 prudentissimus
855 1295 945 1358 Deus
963 1290 1059 1359 brevi
1078 1292 1214 1358 futurae
1233 1288 1432 1357 rebellionis
1446 1297 1480 1356 et
1493 1290 1566 1357 rui·
1624 1293 1632 1308 ‘

229 1422 293 1468 nae
312 1399 446 1489 antiqui
461 1398 594 1466 ordinis
607 1398 841 1480 sacerdotum,
863 1397 960 1484 leges
974 1399 1131 1466 desacris
1141 1403 1214 1463 tum
1230 1395 1340 1462 edidit
1359 1417 1562 1485 perpaucas,

231 1506 274 1573 de
284 1504 439 1573 moribus
458 1527 539 1572 vero
554 1506 625 1572 fere
640 1503 829 1594 antiquitus
843 1511 1000 1595 receptos
1012 1505 1107 1591 leges
1124 1502 1346 1584 instauravit,
1361 1524 1489 1592 paucas
1503 1501 1565 1570 ad·

230 1611 372 1679 modum
389 1633 496 1678 novas
518 1611 765 1680 intermiscens.
783 1617 833 1679 lta
854 1609 1061 1678 seditionum
1079 1610 1231 1700 praecisa
1252 1608 1503 1700 opportunitas.
1519 1614 1564 1675 De

230 1718 337 1785 sacris
359 1718 437 1784 tulit
458 1717 572 1805 legem
603 1722 764 1800 202226
791 1717 1005 1807 probabilius
1032 1716 1121 1784 nihil
1153 1715 1235 1782 novi
1266 1715 1470 1797 habentem,
1499 1714 1564 1782 nisi

230 1823 323 1914 quod
335 1825 436 1890 lahve
450 1824 590 1892 nomine
605 1845 697 1891 nunc
712 1823 1005 1913 promulgaretur,
1020 1822 1063 1892 ad
1079 1820 1337 1890 intolerabilem
1350 1820 1564 1889 sacerdotum

229 1930 508 2021 superstitionem
527 1935 561 1996 et
577 1928 808 1998 indecentiam
823 1930 1079 1997 removendam.
1097 1934 1142 1996 Ea
1157 1929 1225 2010 lex,
1247 1951 1336 2018 quae
1355 1927 1485 1994 cultum
1502 1950 1564 1994 an·
1672 1975 1679 1991 .

229 2037 371 2126 tiquitus
404 2041 582 2126 receptum
613 2037 805 2126 spectabat,
829 2036 1069 2122 abrogabatur
1090 2035 1188 2102 brevi
1218 2042 1296 2125 post
1320 2032 1481 2100 abdicato
1502 2034 1563 2101 illo

230 2144 324 2210 cultu
345 2143 515 2232 sacrisque
535 2142 705 2210 aaroniois
723 2142 761 2209 in
776 2142 852 2211 'eius
878 2144 992 2210 locum
1011 2142 1169 2210 suffectis.
1191 2140 1285 2208 Unde
1302 2141 1399 2208 nulla
1417 2145 1467 2207 est
1484 2163 1563 2208 con·

231 2249 390 2317 tradiotio
405 2249 494 2316 inter
519 2247 628 2314 altare
647 2248 689 2314 de
709 2256 801 2316 terra
812 2272 845 2315 v.
874 2255 916 2316 22
932 2249 1089 2317 etaltera
1106 2248 1149 2315 dc
1167 2248 1270 2335 lignis
1284 2248 1382 2314 setim
1394 2252 1459 2315 etc.
1476 2251 1564 2315 llan-

232 2355 312 2422 data
331 2353 375 2420 de
401 2355 458 2439 iis,
481 2376 570 2444 quae
594 2355 790 2422 sanctuario
817 2355 1045 2436 debebantur,
1069 2361 1203 2422 mature
1221 2353 1457 2444 persolvendis
1472 2359 1506 2420 et
1520 2352 1562 2420 de

231 2462 324 2527 festis
345 2459 567 2528 observandis
591 2463 708 2549 (2229
734 2483 804 2550 sq.;
835 2462 1010 2550 bart-17)
1035 2459 1270 2528 sacerdotibus
1296 2459 1469 2527 debebant
1492 2481 1563 2527 esse

232 2573 388 2657 accepta,
403 2567 497 2656 quod
517 2589 638 2634 eorum
658 2567 813 2643 redditus
834 2576 1013 2656 augerent.
1037 2573 1101 2635 Lex
1118 2567 1162 2635 de
1176 2566 1295 2655 requie
1314 2566 1491 2634 sabbatica
1505 2572 1560 2648 23,

234 2677 336 2738 10-12
353 2671 549 2739 immediate
565 2694 635 2739 non
655 2673 785 2740 cultum
800 2693 934 2741 sacrum
956 2672 1150 2760 attingebat
1162 2670 1222 2741 sed
1236 2671 1394 2739 laborum
1405 2671 1563 2740 cessatio-

231 2800 326 2859 nem,
343 2777 524 2868 fueratque
545 2801 620 2868 cap.
648 2785 688 2846 16
708 2779 891 2865 insigniat
914 2783 1137 2870 permanente
1162 2779 1328 2847 miraculo
1347 2779 1560 2846 confirmata.

230 2884 320 2952 Nihil
341 2889 415 2952 erat
431 2884 468 2950 in
494 2885 566 2952 istis
583 2885 733 2971 legibus,
754 2887 805 2954 uti
829 2907 942 2975 neque
967 2887 1004 2953 in
1023 2885 1194 2954 mandatis
1208 2891 1308 2964 2231
1327 2890 1359 2954 et
1374 2891 1477 2969 23,18
1493 2907 1560 2974 sq.,

232 2990 325 3082 quod
344 2993 429 3058 iuste
458 2999 686 3080 quererentur
705 2991 758 3058 illi
777 2992 982 3061 sacerdotes.
1005 2991 1102 3060 Aliae
1121 3014 1224 3082 porro
1245 2992 1338 3078 leges
1361 2990 1563 3082 spectabant

231 3096 462 3164 emendandos
471 3096 584 3188 plebis·
603 3119 713 3164 mores
728 3119 740 3164 :
753 3099 850 3185 leges
864 3100 907 3167 de
916 3101 1145 3188 percussione,
1160 3098 1203 3165 de
1213 3098 1428 3189 reparatione
1444 3097 1561 3165 damni

230 3203 337 3282 illati,
359 3203 400 3271 de
419 3203 548 3271 iustitia
566 3203 606 3270 in
627 3204 763 3272 iudiciis
781 3207 950 3273 servanda
970 3211 1037 3273 etc.
1052 3210 1125 3272 Non
1138 3210 1297 3296 poterant
1316 3205 1370 3272 his
1383 3226 1562 3273 occurrere

230 3309 437 3393 sacerdotes,
457 3309 819 3400 quodessentomnino
839 3317 992 3388 sanctae,
1013 3311 1232 3379 amaioribus
1250 3317 1426 3402 acceptae,
1441 3331 1562 3401 quam-

231 3417 282 3483 vis
302 3415 347 3482 ad
371 3414 459 3484 illud
478 3439 586 3505 usque
606 3421 743 3507 tempus
765 3419 954 3508 plurimum
969 3441 1081 3508 neque
1096 3441 1117 3486 a
1134 3417 1217 3485 solis
1235 3417 1331 3485 laicis
1345 3417 1562 3504 negligeren-

232 3530 298 3590 tur.
326 3523 474 3604 Etenim,
501 3523 634 3611 quoties
659 3525 697 3590 in
715 3529 751 3592 V.
780 3529 816 3592 T.
839 3524 1046 3592 offendimus
1075 3526 1269 3592 sacerdotes
1294 3523 1559 3614 superstitionis

232 3635 407 3719 quaestus,
424 3630 514 3696 vitae
528 3629 686 3697 lautioris
707 3629 891 3713 studiosos,
908 3631 1113 3699 offendimus
1127 3631 1266 3699 eosdem
1280 3629 1408 3698 civium
1422 3651 1562 3719 oppres-

231 3756 341 3817 sores,
369 3736 527 3815 iniustos‚
551 3734 731 3803 violentos.
755 3737 929 3805 Inculcata
951 3738 1029 3825 lege
1055 3744 1207 3820 ann-11,
1233 3758 1321 3827 quae
1343 3735 1561 3803 durationem

231 3840 401 3910 servitutis
421 3841 564 3926 limitat,
588 3841 653 3909 sibi
676 3866 850 3910 servornm
871 3844 1004 3912 animos
1024 3842 1242 3912 devinciebat
1261 3850 1398 3931 lloyses.
1421 3842 1472 3909 nb
1486 3842 1562 3931 ipso

229 3947 380 4037 primum
405 3953 515 4037 lloyse
535 3948 699 4016 videntur
713 3951 883 4039 profectae
906 3973 977 4018 esse
999 3950 1094 4038 leges
1112 3953 1148 4017 in
1163 3952 1313 4018 favorem
1330 3949 1558 4032 advenarum,

232 4053 429 4140 uiduarum,
451 4055 685 4145 prcpilloram,
714 4079 901 4146 cycnorum
921 4062 1087 4138 22,21-27
1107 4059 1208 4124 latae.
1229 4058 1290 4136 Qui
1305 4056 1463 4123 homines
1476 4077 1562 4122 asa·

230 4159 405 4227 cerdotum
435 4161 652 4251 aliorumque
677 4162 861 4231 insolentia
889 4163 1166 4232 defendebantur
1187 4162 1379 4252 Moysisque
1407 4162 1563 4251 partibus

227 4265 472 4352 iungebantur.
506 4267 657 4335 Tandem
691 4276 793 4350 2228
830 4269 1095 4360 mopistrctuum
1123 4269 1313 4337 reverentia
1336 4268 1559 4336 inculcatur:

228 4372 440 4462 principum,
453 4373 628 4441 seniorum
641 4379 675 4442 et
692 4375 862 4466 imprimis
877 4397 1014 4458 eorum,
1031 4377 1092 4466 qui
1109 4397 1184 4466 cap.
1200 4380 1240 4442 18
1253 4374 1400 4442 instituti
1411 4375 1559 4453 fuerant,

230 4477 396 4547 iudicum.
419 4487 540 4547 Annon
564 4481 828 4570 sapientissime,
856 4483 932 4550 aliis
952 4483 1099 4566 omissis,
1117 4482 1183 4550 hae
1203 4481 1298 4568 leges
1320 4481 1386 4548 hoc
1408 4486 1561 4570 tempore

229 4583 448 4652 ferebantur?
469 4590 560 4664 Quae
580 4592 613 4653 et
638 4609 748 4655 mores
768 4588 1007 4673 emendarent,
1025 4594 1059 4656 et
1072 4589 1189 4676 Moysis
1204 4594 1319 4678 partes
1338 4586 1558 4662 roborarent,

228 4713 339 4781 neque
368 4697 483 4760 tamen
504 4692 707 4764 adversariis
729 4693 828 4762 brevi
850 4695 1060 4786 perimendis
1081 4717 1199 4763 ansam
1220 4693 1438 4784 querelarum
1457 4713 1560 4782 prae-

229 4795 362 4866 beraut.
