3534 5384
728 444 779 487 nx.
801 429 874 501 33‚7
897 444 962 497 soc.
1457 434 1514 493 3⁹23

227 602 260 647 v.
279 586 299 645 7
313 600 390 668 sqq.
407 579 561 665 non'agit
573 576 616 643 de
627 577 869 660 tabernaculo,
882 577 975 667 quod
988 582 1114 665 Moyses
1128 584 1161 645 et
1172 578 1305 645 familia
1317 579 1515 649 incolebant

182 686 249 775 (τὴν
261 694 372 769 σκηνὴν
384 691 486 769 abrec,
499 686 603 764 LXX;
615 684 698 751 item
706 685 817 771 Syr.);
831 707 905 751 non
915 686 989 771 agit
999 684 1042 751 de
1053 684 1276 752 tabernaculo
1290 708 1364 776 cap.
1381 694 1423 756 25
1437 710 1513 779 sqq.

181 793 368 881 descripto,
384 790 473 857 illud
493 792 622 881 quippe
641 791 779 858 nonnisi
793 792 901 859 scrius
925 796 1159 858 constructum
1178 797 1244 875 est,
1267 814 1337 859 non
1353 812 1434 862 vero
1449 794 1513 861 hoc

180 898 370 979 interdicti,
386 898 413 963 si
428 898 476 964 ita
488 898 540 964 fas
560 896 605 963 sit
623 896 737 987 loqui,
755 902 922 987 tempore.
942 897 1028 964 Satis
1051 897 1281 964 communiter
1298 904 1450 967 statuunt
1464 902 1515 967 in-

179 1008 346 1095 terpretes
358 1004 537 1075 catholici.
553 1008 632 1071 ante
646 1004 835 1094 pretiosum
855 1004 941 1071 illud
955 1003 1218 1071 tabernaculum
1231 1006 1331 1091 Moysi
1349 1006 1387 1071 in
1399 1014 1514 1073 monto

182 1111 276 1180 Sinai
297 1115 609 1199 praemonstratum
631 1109 795 1177 exstitisse
816 1110 912 1200 apud
931 1110 1102 1177 Hebraeos
1117 1110 1379 1178 tabernaculum
1400 1112 1511 1194 aliud,

183 1218 278 1309 quod
292 1216 353 1284 illo
367 1217 590 1307 postmodum
604 1222 797 1284 constructo
818 1216 1000 1283 cessaverit
1016 1214 1147 1306 (Teuc),
1166 1240 1235 1306 quo
1250 1239 1284 1285 se
1299 1217 1456 1285 homines
1471 1220 1514 1286 ad

182 1324 432 1392 consulendum
447 1329 479 1390 et
495 1324 636 1390 sortasse
652 1322 812 1389 etiamad
826 1322 1008 1389 colendum
1023 1328 1130 1391 Deum
1142 1322 1349 1413 reciperent.
1362 1325 1515 1392 Confert-

182 1453 249 1522 que
269 1433 356 1497 Tost.
373 1452 451 1497 cum
469 1430 526 1512 iis,
544 1452 633 1519 quae
645 1451 678 1496 v.
693 1437 712 1496 7
728 1428 770 1495 de
786 1429 1023 1518 quaestionem
1038 1429 1245 1497 habentibus
1261 1431 1457 1515 traduntur,
1473 1456 1513 1498 ea

182 1560 269 1627 quae
280 1560 355 1627 cap.
373 1543 414 1604 18
426 1536 467 1603 de
480 1541 590 1623 bloyse
605 1534 822 1626 quaestiones
831 1536 982 1602 solvente
994 1535 1238 1617 narrabantur,
1251 1541 1434 1627 censetque
1450 1540 1513 1606 has

180 1648 314 1731 lloysen
329 1642 545 1733 quaestiones
558 1664 667 1733 prope
681 1636 775 1708 idem
788 1642 1049 1709 tabernaculum
1065 1641 1216 1711 solvisse.
1239 1646 1266 1710 N
1269 1643 1340 1710 ulla
1354 1648 1406 1711 est
1425 1645 1513 1711 ratio

180 1748 413 1841 supponendi‚
428 1748 464 1815 in
481 1772 520 1815 eo
544 1747 766 1816 tabernaculo
786 1748 890 1815 fuisse
905 1746 1037 1838 aliquid
1056 1770 1154 1815 arcae
1177 1749 1464 1839 correspondens;
1481 1758 1514 1815 ct

180 1857 321 1923 omnino
331 1855 503 1922 credenda
511 1860 560 1922 est
567 1854 603 1921 in
610 1855 749 1921 illonon
757 1854 858 1921 luisse
866 1854 939 1921 ulla
946 1853 1227 1943 imagonuminis
1235 1855 1325 1922 ficta.
1338 1856 1512 1948 ldquippe

180 1986 200 2029 a
218 1961 426 2054 patriarchis
445 1960 611 2029 traditum
635 1961 806 2051 accepisse
823 1960 984 2027 videntur
1007 1960 1165 2039 Hebraei,
1187 1968 1226 2026 ut
1245 1962 1341 2029 nulla
1359 1961 1511 2049 imagine

179 2090 309 2135 numen
323 2072 583 2135 venerarentur.
602 2072 696 2133 Hunc
711 2067 783 2133 sine
798 2066 953 2153 imagine
968 2066 1101 2133 cultum
1116 2066 1268 2156 itemque
1282 2067 1418 2136 sabbati
1433 2072 1512 2137 reli-

177 2174 334 2263 gionem,
352 2197 372 2240 a
393 2173 582 2241 maioribus
604 2195 713 2262 usque
734 2178 883 2253 servata,
901 2176 988 2239 Deus
1010 2195 1072 2263 per
1089 2178 1222 2261 Moysen
1243 2173 1416 2242 evrandatt's
1436 2196 1511 2243 san-

178 2281 274 2364 civit,
292 2280 377 2347 dum
391 2278 524 2371 relique
539 2279 697 2366 decalogi
709 2279 874 2345 mandata
889 2278 926 2345 in
940 2279 1015 2367 ipsa
1029 2282 1171 2347 naturae
1182 2278 1260 2367 lege
1276 2280 1508 2351 continentur.

221 2394 288 2454 v.7
304 2415 320 2448 u
338 2390 471 2476 Moyses
483 2408 619 2475 queque
639 2384 762 2451 tollens
775 2384 1035 2451 tabernaculum
1050 2412 1080 2469 »,
1098 2384 1192 2475 quod
1208 2386 1252 2452 ab
1269 2384 1344 2475 ipso
1359 2388 1509 2478 primum

178 2499 408 2562 constructum
425 2516 495 2559 esse
515 2491 611 2559 nulla
628 2490 777 2559 estratio
791 2512 867 2558 cum
891 2494 993 2571 Tost,
1015 2490 1112 2580 Syia.
1133 2491 1347 2576 affirmandi,
1367 2522 1382 2555 u
1401 2507 1509 2562 teten—

178 2600 230 2668 dit
243 2612 341 2667 extra
363 2597 609 2689 castraprocul
623 2626 653 2663 o.
676 2603 783 2665 Antea
806 2597 899 2664 intra
913 2604 1023 2665 castra
1036 2598 1165 2681 fuerat;
1182 2621 1292 2681 nunc,
1313 2599 1509 2669 declarante

176 2714 242 2775 beo
257 2730 289 2775 v.
306 2714 325 2772 3
343 2728 379 2773 se
391 2706 483 2773 nolle
498 2704 656 2771 babitare
676 2705 713 2771 in
732 2703 848 2771 medio
861 2703 1002 2794 populi,
1024 2704 1132 2771 instar
1148 2707 1508 2775 excommunicationis

177 2816 291 2900 (Tora,
312 2812 420 2901 lares.)
446 2833 505 2879 seu
532 2810 709 2878 interdicti
735 2810 998 2877 tabernaculum
1017 2808 1142 2877 illude
1166 2812 1283 2879 castris
1298 2818 1505 2882 removetur.

176 2946 193 2981 a
217 2920 420 3013 Vocaoitque
435 2940 559 2985 nomen
574 2917 647 2985 eius
666 2916 926 2984 tabernaculum
937 2915 1092 3003 foederis
1109 2945 1145 2999 u,
1160 2940 1219 2985 seu
1235 2919 1348 2987 verius
1366 2942 1507 2987 convac-

176 3039 246 3107 tur,
265 3025 434 3114 imprimis
453 3046 534 3091 sane
550 3023 643 3113 quod
658 3023 739 3090 illuc
751 3022 977 3090 convenirent
990 3022 1158 3091 babentes
1177 3024 1423 3113 quaestionem.
1440 3031 1506 3093 No-

175 3153 255 3199 men
270 3154 290 3197 a
307 3131 422 3220 priore
439 3129 501 3195 illo
517 3128 741 3215 tabernaculo
760 3128 896 3197 transiit
915 3128 952 3194 in
970 3130 1140 3219 posterius
1153 3152 1173 3197 a
1187 3135 1296 3217 Moyse
1312 3134 1505 3200 confectum

175 3237 340 3327 (bonta).
360 3235 511 3302 Gratuita
526 3241 641 3303 autem
661 3235 764 3303 infert
786 3239 889 3316 Tusa,
905 3257 998 3302 nunc
1012 3238 1165 3325 primum
1179 3236 1403 3305 tabernaculo
1419 3239 1506 3307 illud

172 3366 299 3411 nomen
313 3364 384 3411 esse
399 3340 551 3410 inditum
568 3365 576 3412 :
593 3346 707 3433 potest
720 3342 829 3425 enim,
844 3342 894 3409 uti
907 3341 993 3408 alias
1011 3363 1129 3436 saepe,
1147 3344 1292 3411 verbum
1308 3346 1394 3413 verti
1410 3369 1506 3414 eoca-

172 3450 369 3541 uitaliquis,
388 3451 581 3515 uocabatur.
599 3449 802 3515 Scribuntur
814 3453 930 3516 autem
942 3448 1048 3515 verba
1059 3448 1220 3516 hebraica
1233 3452 1345 3519 forma
1360 3452 1504 3520 actionis

174 3558 411 3646 imperfectae,
434 3555 517 3645 quia
535 3554 589 3638 id,
608 3554 701 3645 quod
721 3561 795 3622 tum
814 3554 891 3621 fieri
909 3556 1141 3637 consueverit,
1162 3556 1323 3625 refertur.
1346 3560 1503 3646 Intellige

173 3661 281 3749 igitur
293 3662 416 3751 foedus
436 3679 514 3729 cum
538 3661 712 3729 Abraham
734 3662 788 3728 vel
811 3661 916 3727 etiam
935 3682 1012 3727 cum
1035 3663 1104 3728 Noe
1129 3664 1267 3731 lactum.
1290 3692 1306 3725 u
1327 3666 1372 3731 Et
1394 3666 1504 3732 omnis

167 3767 336 3859 papulus,
351 3768 412 3859 qui
429 3767 573 3835 babebat
592 3767 750 3856 aliquam
768 3768 1018 3857 quaestionem,
1035 3766 1269 3857 eqredc'ebatur
1281 3770 1329 3837 ad
1345 3774 1503 3839 taberna-

172 3873 290 3941 culum
305 3874 454 3964 foederis
475 3888 575 3941 entra
593 3886 705 3940 castra
731 3901 761 3939 v.
780 3897 812 3941 v.
831 3876 1051 3963 dudumque
1070 3872 1291 3963 eprederetur
1305 3880 1439 3965 Moyses
1457 3878 1506 3943 ud

171 3982 431 4049 tabernaculum
439 4032 452 4064 ,
468 3983 630 4069 carpebat
644 3979 927 4069 ursicampum,
941 3992 974 4046 et
987 3978 1100 4047 stabat
1112 3981 1347 4072 unusquisque
1364 3983 1400 4049 in
1416 3984 1501 4049 ostie

166 4087 358 4178 papilionis
373 4088 444 4171 sui,
462 4086 741 4177 aspiciebantque
757 4099 893 4174 terpuvn
912 4086 1039 4175 Mopsi,
1059 4084 1166 4155 donec
1180 4087 1419 4177 inpenderetur
1431 4104 1502 4157 teu-

172 4195 299 4262 terium
321 4223 352 4261 u.
370 4218 403 4263 v.
425 4200 444 4260 9
468 4221 484 4255 u
504 4196 663 4283 inpresso
690 4207 806 4259 autem
828 4192 888 4260 illo
906 4192 1167 4267 tabentaculum
1179 4194 1344 4281 foederis,
1363 4194 1500 4265 descen-

171 4300 270 4369 debat
288 4301 448 4369 columna
473 4299 585 4367 nubis·
597 4327 612 4360 v
637 4300 751 4389 (1331
769 4299 836 4389 sq.)
854 4327 870 4360 u
887 4311 920 4365 et
933 4302 1043 4365 stabat
1062 4298 1110 4365 ad
1124 4300 1265 4387 ostium,
1283 4303 1500 4393 loquebatur-

172 4430 236 4498 que
254 4430 331 4474 cum
347 4410 463 4494 Moyse
484 4412 568 4489 »,'v.
591 4413 632 4473 10
652 4434 667 4466 «
686 4406 902 4474 cernentibus
921 4406 1101 4491 uniuersis,
1118 4406 1212 4497 quod
1226 4408 1386 4477 colvenum
1400 4411 1500 4479 11111ιῖ1-

171 4525 275 4582 staret
285 4512 334 4581 ad
347 4514 472 4580 osticam
487 4512 712 4581 tabernaculi.
733 4514 945 4603 Stabautque
961 4513 1027 4603 ipsi
1041 4526 1074 4579 et
1088 4512 1280 4581 adorabant
1292 4539 1359 4606 per
1371 4520 1464 4605 sores·
1480 4546 1497 4581 n

172 4659 215 4673 -
229 4621 268 4689 in
283 4620 416 4689 loribus
438 4655 483 4668 -
505 4646 521 4678 ιι
541 4619 839 4686 tabernaculorum
854 4642 992 4687 sevorum
1009 4646 1042 4687 u.
1059 4642 1092 4686 v.
1116 4627 1154 4687 11
1179 4648 1194 4683 u
1212 4624 1428 4712 Loqaebatuv
1442 4648 1502 4690 au-

173 4742 241 4796 tem
262 4728 430 4795 Dominus
451 4724 500 4793 ad
517 4729 643 4816 Mopen
660 4725 753 4815 facie
777 4725 825 4793 ad
844 4727 987 4814 faciem,
1004 4724 1095 4792 sicut
1115 4726 1200 4793 solet
1219 4726 1316 4817 loqui
1334 4728 1435 4797 ,borrae
1455 4730 1503 4798 ad

171 4832 322 4904 amicum
342 4856 442 4903 sartan
464 4862 499 4915 n,
524 4864 539 4893 c
565 4832 784 4901 familiariter
808 4862 822 4892 »
844 4832 966 4922 (Vnt).
986 4830 1217 4921 Expressionis
1235 4833 1290 4923 (cl.
1316 4841 1330 4900 1
1349 4841 1423 4904 Cor.
1446 4843 1498 4918 13,
