3534 5384
658 328 772 372 rascas
794 327 1015 373 xaoxrrmcxa.
1445 294 1446 297 ¹
1468 315 1529 374 37.
1569 289 1722 397 ³‘

171 462 375 529 animalium
399 467 432 528 et
456 461 574 528 ulcera
594 461 781 528 tribuenda
799 462 961 529 videntur
982 483 1052 528 esse
1073 461 1163 551 tyni,
1190 484 1261 530 non
1280 463 1391 529 solum
1411 464 1506 553 quod
1587 454 1593 509 Ϊ
1649 493 1652 500 ·

170 574 324 658 tempore
339 570 420 635 anni
436 567 641 635 calidissimo
655 589 835 657 erumpere
848 567 1086 634 consueverint
1106 575 1139 635 et
1158 569 1348 636 animantia
1363 592 1505 638 exurere

171 674 423 764 concipiantur,
438 674 499 741 sed
511 674 684 763 imprimis
698 674 743 740 ob
758 674 956 761 symbolum
971 675 1095 741 cineris
1110 681 1167 757 9,8
1185 675 1379 742 adhibitum
1400 682 1433 743 et
1446 684 1503 760 9,9
1576 678 1579 738 ξ
1748 739 1751 746 έ

172 781 419 871 expressionem
438 809 454 842 «
472 780 761 847 inflammationes
780 808 795 841 »
815 781 925 867 (Vulg.
948 810 962 841 «
980 781 1111 848 vesicae
1129 787 1302 867 turgentes
1317 783 1361 872 a).
1380 787 1505 851 contra
1578 813 1579 818 ,

171 889 373 954 animalium
393 892 539 977 pestem,
557 886 651 978 quod
675 892 850 954 contextus
864 887 979 970 docet,
998 888 1086 954 nihil
1102 894 1245 977 possunt
1265 889 1370 976 magi,
1390 890 1435 956 ab
1455 890 1507 983 μ).
1621 873 1623 879 ’
1637 890 1706 977 έ-

171 994 305 1061 ceribus
324 995 469 1082 neipsos
488 993 628 1082 quidem
640 1014 676 1060 se
689 993 872 1061 defendere
894 994 1025 1074 valent;
1046 994 1318 1083 insequentibus
1336 996 1505 1083 portentis
1524 996 1528 1003 '
1580 1028 1595 1085 j
1621 1058 1628 1078 ,έ

116 1094 124 1117 ’
170 1122 240 1168 non
260 1085 477 1190 comparent3
497 1123 515 1166 e
537 1104 655 1167 contra
674 1100 744 1166 iam
764 1100 935 1190 incipiunt
957 1101 1118 1189 Aegyptii
1135 1101 1200 1189 ipsi
1215 1123 1278 1191 pro
1297 1100 1509 1169 dimittendis
1648 1088 1745 1202 ῑὲέξέζέ

171 1206 331 1274 Hebraeis
355 1205 449 1297 apud
463 1207 678 1273 Pharaonem
698 1207 927 1286 intercedere,
944 1207 1021 1272 illos
1036 1228 1161 1294 urgere
1177 1213 1210 1274 et
1231 1208 1393 1275 adiuvare
1414 1209 1505 1294 (930

171 1336 241 1403 sq.;
265 1320 360 1395 io,7;
384 1319 496 1393 iasa.
514 1320 555 1380 35
577 1313 658 1403 sq.).
674 1312 822 1379 Tandem
838 1336 898 1379 aer
913 1335 972 1380 seu
992 1319 1111 1380 ventus
1126 1313 1184 1402 (cf.
1206 1319 1318 1395 10,13.
1339 1313 1394 1403 19)
1411 1314 1508 1381 affert

171 1420 376 1507 grandinem
393 1423 426 1485 et
445 1419 603 1486 locustas.
625 1419 688 1485 Ubi
707 1425 819 1486 terrae
838 1419 1010 1487 elementa
1028 1441 1105 1486 suas
1124 1421 1245 1509 plagas
1263 1419 1504 1510 profuderunt,

171 1526 214 1596 ad
235 1531 407 1593 certamen
426 1525 542 1614 prodit
561 1526 705 1609 coelum,
726 1526 876 1615 primum
896 1525 1048 1592 tenebris
1063 1526 1181 1592 omnia
1200 1526 1402 1610 obvolvenS,
1425 1527 1507 1594 dein

174 1632 298 1699 lahven
317 1631 449 1698 habens
464 1630 711 1721 primogenitos
731 1633 994 1721 percutientem,
1013 1632 1074 1722 qui
1093 1653 1164 1698 non
1178 1631 1317 1700 aliunde
1338 1654 1443 1721 quam
1464 1632 1506 1699 de

172 1737 268 1805 coelo
282 1737 401 1824 egredi
418 1737 624 1826 concipitur.
642 1743 704 1804 Pot
722 1737 894 1805 exhaustis
905 1739 1018 1829 plagis
1035 1761 1130 1804 mure
1144 1738 1286 1805 tandem
1303 1739 1431 1827 (tuto.
1450 1741 1505 1828 26)

172 1844 216 1912 ad
234 1849 356 1912 nutum
372 1845 490 1931 virgae
502 1844 663 1912 recedens
680 1850 713 1911 et
729 1850 900 1911 revertens
916 1846 1100 1936 Aegyptios
1118 1843 1298 1927 absorbet,
1315 1846 1419 1911 lahve
1436 1846 1506 1913 vic-

172 1950 296 2018 toriam
310 1950 471 2040 complet.
488 1950 598 2017 Etiam
615 1950 729 2039 quoad
745 1951 921 2032 effectum,
939 1973 1041 2040 quem
1055 1952 1091 2017 in
1108 1950 1284 2017 Pharaone
1299 1954 1507 2018 nanciscun-

171 2064 240 2138 tur,
257 2056 395 2124 eosdem
418 2078 596 2124 secernere
617 2063 665 2123 est
678 2061 918 2146 portentorum
931 2056 1093 2124 binarios
1113 2058 1241 2124 Effeotu
1258 2065 1353 2124 caret
1367 2064 1505 2145 porten-

172 2169 246 2230 tum
257 2165 425 2252 primum,
440 2186 504 2253 pro
515 2163 614 2253 aquis
627 2164 796 2251 corruptis
808 2163 884 2249 regi
894 2170 1029 2252 praesto
1038 2168 1136 2229 erant
1147 2165 1267 2230 vinum
1281 2170 1314 2229 et
1324 2164 1503 2246 cerevisia;

172 2274 207 2336 at
223 2270 282 2336 ubi
296 2290 459 2337 ranarum
473 2270 579 2359 plaga
593 2269 709 2336 omnia
724 2271 876 2358 pervasit
891 2275 924 2336 et
938 2270 1192 2360 conspurcavit,
1213 2274 1344 2358 Moysen
1360 2274 1399 2336 ut
1413 2270 1506 2360 apud
1596 2258 1597 2262 ¹

173 2377 300 2443 lahven
314 2375 542 2442 intercederet
556 2376 690 2462 rogavit
703 2398 805 2465 seque
821 2376 989 2466 populum
1003 2377 1047 2443 ad
1063 2377 1270 2443 sacrificium
1286 2375 1506 2444 dimissurum

173 2482 339 2572 promisit.
354 2482 518 2549 Similiter
527 2481 698 2572 sciniphes
710 2484 925 2549 Pharaonem
937 2506 1008 2550 non
1020 2491 1214 2564 moverunt,
1227 2482 1287 2573 qui
1299 2483 1380 2549 foris
1394 2484 1508 2573 potius

175 2589 268 2677 (air
286 2615 302 2650 ι(
319 2587 355 2654 in
365 2589 526 2655 iumentis
543 2588 575 2677 a)
592 2594 626 2655 et
637 2588 674 2655 in
688 2589 770 2656 locis
782 2588 908 2680 apricis
922 2612 956 2655 se
967 2590 1185 2672 contineant;
1201 2594 1236 2655 at
1248 2610 1400 2671 muscae,
1419 2612 1506 2678 quae

177 2723 193 2756 a
214 2694 333 2761 domos
358 2723 373 2754 a
397 2693 502 2782 (831)
521 2695 625 2762 etiam
644 2696 815 2777 invasere,
838 2717 916 2762 eum
941 2696 1154 2785 compulere,
1177 2700 1215 2761 ut
1242 2695 1350 2762 trium
1369 2697 1505 2763 dierum

173 2803 211 2867 in
225 2802 477 2868 desertumiter
490 2824 552 2891 pro
564 2801 730 2868 sacrificio
746 2802 961 2869 concederet.
981 2806 1106 2868 Tamen
1120 2803 1169 2868 ita
1177 2801 1247 2867 iam
1262 2801 1444 2867 induratus
1457 2808 1508 2867 est

173 2907 322 2988 Pharao,
345 2913 383 2974 ut
406 2907 498 2974 tertii
519 2906 646 2974 binarii
670 2912 832 2974 neutrum
852 2913 1051 2996 portentum
1071 2908 1143 2974 eius
1162 2908 1294 2975 flexerit
1316 2908 1473 2973 animum
1496 2928 1503 2974 :

175 3014 266 3081 unde
286 3014 428 3080 alteram
447 3019 685 3103 portentorum
708 3015 831 3080 seriem
855 3020 994 3096 9,13-1i
1016 3013 1215 3081 solemniori
1236 3013 1506 3079 comminatione

175 3124 298 3206 Moyses
319 3119 505 3186 exorditur.
525 3124 596 3185 lam
615 3119 752 3205 singula
770 3125 930 3208 portenta
948 3141 1048 3186 suum
1063 3142 1168 3209 penes
1183 3121 1403 3186 Pharaonem
1421 3140 1507 3186 nan·

175 3225 349 3293 ciscuntur
369 3225 525 3293 effectum
543 3225 603 3293 :in
620 3224 789 3312 grandine
803 3227 921 3313 Moysis
940 3226 1137 3293 intercessio
1153 3226 1336 3315 expetitur,
1353 3225 1506 3292 dimissio

177 3331 403 3421 promittitur,
419 3331 473 3398 vel
489 3338 567 3398 ante
581 3333 791 3398 locustarum
806 3333 945 3420 plagam
960 3338 1165 3422 separatum
1180 3332 1363 3421 profitetur
1373 3332 1504 3399 Pharao

176 3439 221 3505 ad
239 3439 329 3506 solos
342 3440 433 3505 viros
447 3438 492 3506 ad
504 3438 709 3506 sacrificium
723 3437 962 3518 dimittendos,
981 3443 1015 3504 et
1025 3438 1194 3505 saeviente
1209 3438 1313 3527 plaga
1331 3445 1368 3505 ut
1381 3444 1506 3526 Moyses

176 3545 364 3612 intercedat
378 3543 543 3635 postulat;
564 3545 600 3611 in
615 3544 720 3634 plaga
737 3544 956 3613 tenebrarum
974 3549 1110 3634 praeter
1127 3566 1250 3632 greges
1266 3545 1424 3612 concedit
1433 3566 1505 3610 om-

175 3652 246 3734 nia,
262 3653 298 3718 in
314 3673 397 3719 nece
416 3650 725 3740 primogenitorum
744 3651 832 3717 nihil
853 3651 995 3717 omnino
1014 3657 1176 3718 reservat.

212 3860 340 3911 Priorum
354 3872 455 3910 novem
468 3860 615 3923 plagarum
629 3861 725 3910 censet
740 3859 831 3910 Ditlm.
848 3872 995 3911 enarrasse
1011 3860 1034 3910 A
1049 3862 1185 3923 primam,
1201 3859 1367 3919 secundam,
1383 3860 1503 3917 tertiam,

176 3951 293 4011 sextam,
307 3950 355 4013 qui
369 3948 444 3999 idem
457 3950 540 3999 etiam
555 3949 681 3998 retulerit
696 3951 854 4012 portentum
869 3947 1135 4012 praeviuu17,8·13;
1153 3949 1173 4000 G
1185 3950 1306 4011 primam
1321 3986 1327 4008 ,
1342 3946 1504 4007 secundam,

177 4041 318 4101 quartam,
339 4038 479 4101 quintam,
495 4038 658 4100 septimam,
675 4039 817 4096 octavam,
836 4038 857 4086 Β
877 4039 1009 4100 primam,
1025 4039 1169 4100 qrrartam,
1185 4038 1348 4099 septimam,
1365 4039 1502 4094 octavam,

174 4138 289 4176 nonam.
306 4127 330 4175 Α
348 4126 432 4176 reicit
446 4125 608 4183 mandatum
626 4138 644 4174 a
658 4126 717 4175 Deo
731 4125 820 4188 Moysi
840 4128 867 4175 et
881 4138 932 4188 per
945 4126 1060 4188 Moysen
1077 4126 1183 4176 Maroni
1205 4124 1302 4174 datum
1318 4120 1377 4189 (sed
1392 4124 1445 4173 hoc
1462 4124 1505 4172 al-

177 4220 268 4266 terum
287 4214 332 4274 9,8
352 4228 394 4278 sq.
411 4227 474 4264 cum
489 4214 583 4278 priore
598 4214 626 4262 in
640 4227 727 4264 unum
742 4212 897 4281 coalescit),
914 4216 1073 4278 portentum
1090 4213 1219 4277 producit
1235 4225 1288 4276 ope
1302 4214 1399 4276 virgae
1415 4213 1506 4262 Aaro-

176 4305 222 4353 nis
241 4302 300 4368 (sed
319 4316 353 4354 ea
367 4303 412 4364 9,ss
427 4317 489 4368 sqq.
507 4300 705 4367 desideratur),
722 4315 868 4366 magorum
887 4306 950 4353 acta
963 4310 1101 4354 recenset.
1118 4302 1139 4354 G
1155 4301 1240 4353 reiert
1257 4302 1347 4352 Deum
1362 4301 1506 4351 iubentem

178 4392 307 4455 Moysen,
324 4397 355 4442 ut
369 4393 545 4443 Pharaonem
559 4391 642 4442 adeat
656 4396 684 4443 et
700 4395 827 4452 moneat,
844 4392 1011 4457 quandoque
1025 4395 1135 4455 tempus
1154 4391 1264 4442 futurae
1280 4390 1382 4453 plagae
1400 4390 1507 4441 descri-

177 4481 231 4540 bit,
246 4481 358 4544 plagam
377 4481 412 4531 ab
431 4482 492 4544 ipso
507 4481 593 4531 Iahve
612 4480 740 4530 effectam
755 4486 862 4540 narrat,
880 4481 1057 4536 Pharaonem
1072 4480 1199 4545 producit
1214 4482 1244 4530 ut
1260 4480 1371 4541 Moyses
1386 4480 1508 4529 interce-

178 4569 226 4620 dat
240 4573 399 4633 rogantem,
411 4569 500 4619 iusius
512 4568 597 4619 refert
611 4581 756 4620 sermones
770 4570 845 4632 apud
860 4569 1036 4620 Pharaonem
1047 4570 1158 4619 habitos
1172 4581 1256 4632 qnam
1270 4570 1361 4631 ipsam
1374 4568 1504 4631 plagam.

179 4659 201 4708 B
218 4661 298 4722 virga
316 4658 419 4721 Moysis
439 4661 570 4721 portenta
588 4663 729 4722 operatur,
750 4662 813 4721 post
830 4670 902 4722 quae
928 4659 1039 4709 Pharao
1059 4658 1153 4721 aliqua
1171 4657 1317 4717 concedit,
1335 4669 1392 4706 non
1414 4661 1508 4705 tamen

179 4750 273 4799 omnia
288 4762 305 4798 a
318 4748 413 4811 Moyse
428 4749 523 4810 petita.
537 4747 624 4798 Multa
642 4751 823 4799 recensentur
836 4747 970 4797 idiomata
982 4747 1103 4798 auctoris
1119 4745 1150 4805 C,
1162 4745 1182 4796 t.
1196 4731 1223 4796 e.
1239 4745 1299 4795 eius
1314 4743 1446 4804 auctoris,
1461 4743 1508 4805 qui
1584 4804 1586 4808 .
1616 4733 1650 4822 ξ
