3534 5384
751 383 799 427 nx.
825 367 928 442 aaut.
1449 371 1507 428 237

176 528 239 602 tes,
260 519 350 586 nihil
371 541 450 586 vero
468 516 562 608 qnod
581 538 651 582 non
675 515 780 582 etiam
798 521 900 582 testes
922 515 1097 606 respiciat;
1116 537 1196 582 eum
1217 539 1249 582 v.
1268 524 1354 606 tsq.
1371 539 1507 585 censea-

174 649 249 694 mus
273 624 446 715 imprimis
464 622 733 710 intelligendum
753 643 825 690 esse
840 623 884 688 dc
901 621 1135 709 litigantibus3
1153 645 1232 689 cum
1250 647 1284 690 v.
1312 629 1372 690 6-8
1391 623 1508 713 aliqua

174 733 368 800 habeantur
385 752 473 821 quae
487 731 576 797 solos
593 728 739 810 iudices,
759 729 848 795 nihil
864 751 944 795 vero
958 728 1049 818 quod
1066 751 1137 796 non
1153 729 1255 796 etiam
1268 729 1398 797 iudices
1416 753 1508 821 spec·

173 846 219 906 tet
239 857 246 907 τ
265 839 475 905 arbitramur
495 860 526 902 v.
551 841 605 902 1-3
627 836 718 902 tradi
740 835 878 922 regulas
901 857 966 924 pro
986 835 1145 920 testibus,
1168 859 1200 903 v.
1227 842 1245 903 ιι
1275 857 1326 925 sq.
1349 859 1412 925 pro
1437 837 1507 903 liti-

173 945 354 1032 gantibus„
370 967 403 1010 r.
427 949 483 1011 6-8
496 964 559 1033 pro
578 941 765 1021 iudicibus,
783 964 814 1009 v.
838 949 858 1008 9
877 940 1030 1009 advenas
1047 963 1068 1007 a
1087 941 1326 1008 vexationibus
1337 941 1507 1010 iudiciali-

172 1052 238 1119 bns
261 1049 409 1118 delendi.
440 1055 525 1116 Dum
552 1071 584 1116 v.
608 1053 665 1115 1·8
690 1047 830 1114 omnino
857 1045 1041 1114 videantur
1066 1069 1137 1114 esse
1162 1053 1270 1136 Moyse
1295 1048 1503 1139 antiquiora,

172 1181 204 1224 v.
223 1164 243 1224 9
258 1158 465 1224 verbotenus
478 1157 550 1222 fere
565 1176 754 1222 consonans
766 1175 845 1221 eum
854 1158 969 1236 2221,
986 1159 1127 1242 alloyse
1142 1153 1350 1222 crediderim
1366 1177 1437 1222 esse
1447 1155 1506 1222 ad-

172 1267 347 1355 seriptum.

602 1419 626 1452 α.
642 1404 740 1452 Manita
755 1417 800 1464 pro
814 1404 920 1452 testibus
934 1403 980 1451 Ex.
994 1405 1086 1460 23,1-3.

215 1591 300 1674 Arp.
315 1622 358 1633 —
382 1583 495 1650 Falsos
510 1602 664 1648 rumores
688 1603 751 1670 pro
773 1581 862 1648 veris
886 1603 956 1648 non
979 1582 1167 1670 proferant.
1186 1585 1259 1648 Non
1281 1582 1364 1648 dent
1379 1582 1502 1650 falsum

127 1753 135 1763 ,
172 1690 405 1758 testimonium
419 1691 453 1755 in
473 1689 626 1754 favorem
640 1686 757 1777 impii,
779 1687 839 1776 qui
859 1686 954 1753 dives
973 1692 1024 1752 est
1046 1692 1080 1753 et
1097 1691 1229 1776 potens.
1247 1691 1318 1754 Non
1338 1688 1505 1756 accedant

170 1797 357 1865 sententiae
386 1793 555 1885 plurium,
579 1794 677 1861 euius
706 1815 775 1860 non
797 1798 1011 1883 perspectam
1037 1791 1190 1860 habeant
1212 1793 1405 1860 veritatem.
1432 1799 1504 1862 Non

170 1903 253 1970 dent
265 1902 388 1969 falsum
405 1899 638 1968 testimoninm
655 1899 693 1966 in
713 1899 866 1966 favorem
891 1900 1065 1989 pauperis.
1088 1898 1171 1967 Aliis
1194 1899 1331 1968 verbis:
1351 1923 1419 1966 non
1433 1908 1504 1969 stu-

171 2010 275 2076 deant
295 2007 460 2075 divitibus
482 2028 594 2096 neque
617 2003 829 2095 pauperibus
845 2027 958 2094 neque
979 2032 995 2066 «
1021 2005 1208 2072 maioritati
1223 2032 1258 2089 a,
1277 2006 1336 2072 sed
1356 2007 1415 2073 uni
1439 2013 1505 2075 stu·

170 2116 273 2183 deant
291 2114 451 2181 iustitiae.

218 2223 299 2312 Cap.
322 2221 441 2288 XXIII
453 2243 485 2286 r.
509 2228 524 2286 1
548 2248 564 2280 «
585 2221 663 2286 Non
684 2218 970 2308 smcpricscoeem
986 2217 1159 2284 nzerrdocie'
1174 2246 1206 2286 ».
1221 2235 1287 2282 aa:
1313 2225 1503 2308 exponatur

169 2329 220 2395 uti
233 2335 326 2409 aon,
344 2349 427 2414 ergo
445 2350 452 2394 :
467 2331 539 2392 Non
553 2326 708 2414 proferas
723 2323 805 2412 (ore)
821 2345 997 2391 rumorem
1014 2325 1151 2406 falsum,
1169 2325 1239 2392 sive
1252 2347 1356 2415 quem
1371 2327 1503 2416 primus

169 2433 415 2521 excogitaveris
430 2432 558 2521 (Vct),
581 2433 651 2498 sive
674 2452 778 2520 quem
798 2437 877 2520 post
896 2428 980 2497 alios
1002 2435 1135 2520 repetas
1162 2432 1232 2520 (Pa.
1263 2433 1367 2522 Ion).
1395 2461 1410 2493 ι(
1431 2436 1501 2501 Ner

171 2541 288 2630 irrepes
318 2561 460 2608 monum
488 2551 599 2622 ιιιιιιιι,
634 2551 672 2605 ιιι
694 2560 762 2627 pro
791 2535 898 2626 impio
927 2536 1019 2604 dicos
1042 2537 1174 2625 salsum
1203 2537 1437 2606 testimonium
1469 2567 1499 2607 ».

169 2650 270 2715 Hebr.
288 2668 301 2712 .·
316 2649 367 2714 Ne
382 2669 496 2736 ponas
512 2665 655 2712 ηιαιιιιιιι
679 2657 867 2710 tatemerem
889 2642 1013 2732 inepte,
1033 2665 1077 2710 ne
1099 2643 1131 2710 ei
1150 2650 1182 2711 te
1203 2645 1328 2732 iungas
1354 2645 1433 2734 (Syl
1456 2645 1498 2734 .),

169 2755 198 2821 ei
215 2752 467 2821 confoedereris
488 2750 629 2840 (Mera),
645 2750 692 2818 ad
709 2773 779 2817 esse
795 2750 924 2839 salsum
940 2761 1055 2816 testem
1062 2801 1073 2832 ,
1089 2750 1183 2839 quod
1198 2751 1322 2841 exponi
1337 2756 1448 2841 potest
1463 2765 1501 2818 ιιι

168 2861 215 2926 ,ιιι
229 2860 283 2927 vel
299 2872 336 2925 ιιι
353 2858 447 2940 sitis,
462 2859 576 2924 minus
595 2856 774 2924 commode
790 2868 826 2921 ιιι
839 2857 883 2920 sit
898 2877 912 2920 .·
929 2877 1011 2921 nam
1026 2855 1131 2922 verba
1149 2857 1261 2946 ipsum
1284 2878 1382 2938 eum,
1396 2880 1500 2947 quem

167 2965 403 3056 alloquuntur,
435 2987 455 3032 a
478 2965 564 3031 falso
587 2963 783 3030 testimonio
802 2963 979 3029 retrahere
1003 2961 1156 3048 student,
1185 2969 1218 3054 et
1242 2961 1381 3052 quidem
1400 2986 1499 3052 prae·

167 3071 289 3139 stando
306 3094 369 3162 pro
390 3071 498 3162 impio
524 3076 557 3137 et
574 3069 610 3136 in
628 3069 701 3136 eius
721 3069 892 3151 favorem,
919 3068 974 3134 vel
993 3069 1225 3136 consentiente
1249 3070 1356 3160 impio
1381 3084 1500 3137 contra

166 3178 274 3246 alium
289 3177 440 3267 aliquem
457 3179 589 3265 (Mar).
609 3199 641 3244 v.
660 3183 680 3242 2
696 3202 713 3237 (ι
735 3176 813 3242 Non
832 3175 983 3264 sequeris
1002 3173 1136 3242 turbam
1155 3174 1411 3264 adsumendum
1428 3199 1499 3244 ma-

167 3286 240 3352 lum
264 3313 294 3352 ».
319 3283 422 3350 Hebr.
445 3305 458 3348 .·
480 3285 558 3351 Non
581 3282 647 3349 eris
659 3294 738 3372 post
758 3281 883 3348 maltos
898 3293 960 3347 ete.
978 3281 1152 3348 Sententia
1171 3281 1203 3347 vi
1220 3282 1404 3349 verborum
1419 3283 1497 3350 uni-

167 3377 321 3474 versalis,
340 3389 385 3458 ob
403 3395 598 3457 contextum
612 3409 691 3456 cum
704 3409 736 3454 v.
757 3394 773 3454 1
790 3388 834 3455 ad
846 3392 946 3454 testes
962 3387 1192 3474 restringatur
1204 3392 1347 3478 oportet.
1363 3389 1496 3456 Malum

165 3497 370 3584 intelligitur
391 3497 517 3564 falsum
543 3495 792 3576 testimonium,
823 3493 894 3560 sive
918 3514 980 3584 pro
1005 3493 1122 3583 aliquo
1148 3493 1217 3561 sive
1241 3501 1361 3562 contra
1382 3495 1495 3584 ipsum

165 3603 298 3671 edatur.
317 3610 356 3673 ln
375 3603 516 3670 ferendo
535 3601 732 3668 testimonio
747 3622 816 3666 non
834 3605 884 3667 est
901 3598 1086 3689 pendenda
1100 3599 1248 3668 aliorum
1263 3601 1401 3668 testium
1416 3625 1495 3669 aue-

166 3711 282 3778 toritas
300 3714 359 3776 aut
376 3712 483 3791 lavor,
501 3708 561 3776 sed
576 3708 648 3775 sola
667 3707 715 3773 rei
731 3706 865 3773 veritas.
882 3705 1036 3772 Eundem
1055 3727 1192 3773 sensum
1211 3707 1371 3797 exprimit
1386 3709 1494 3776 altera

165 3838 282 3884 versus
305 3839 385 3906 pars
409 3838 416 3884 :
441 3846 457 3878 α
482 3818 552 3882 Nec
571 3815 609 3880 in
628 3813 757 3880 iudicio
768 3812 1002 3902 plru·imorum
1022 3813 1213 3902 acqru'esces
1231 3815 1434 3901 sententiae,
1459 3829 1495 3882 ιιι

166 3947 188 3991 ιι
212 3945 288 3990 rere
319 3921 431 3987 (leores
461 3949 490 3986 ».
517 3920 619 3985 Hebr.
642 3939 655 3982 .·
674 3940 784 4004 neque
807 3917 1024 4006 respondebis
1044 3918 1080 3982 in
1097 3917 1169 3997 lite,
1191 3929 1227 3983 ιιι
1242 3917 1402 4009 deflectas
1416 3934 1497 4010 post

166 4029 309 4108 rnrrltos,
332 4048 520 4116 eorumque
546 4024 689 4093 accedas
713 4025 924 4098 testimonio,
952 4022 1000 4090 ad
1022 4023 1231 4110 fleetendum
1255 4025 1307 4090 ius
1331 4026 1384 4111 (ol.
1406 4050 1439 4093 v.
1458 4033 1494 4108 6;

165 4141 260 4204 Deut.
285 4133 540 4217 27‚1a;lhren.
566 4130 672 4219 3‚35).
694 4135 763 4196 Vox
786 4128 990 4220 respondere
1009 4130 1112 4196 etiam
1134 4130 1284 4198 habetur
1302 4138 1416 4214 20‚16‚
1438 4133 1499 4202 uhi

165 4247 257 4309 eerte
276 4263 347 4307 non
370 4238 591 4325 restringitur
609 4237 655 4304 ad
676 4235 822 4319 iudices;
848 4236 929 4302 licet
951 4259 1016 4302 vox
1033 4236 1242 4325 quandoque
1258 4259 1359 4304 sensu
1376 4239 1498 4308 latiore

165 4353 329 4428 sumatur,
361 4351 478 4413 tamen
501 4343 618 4411 nativo
645 4364 745 4409 sensu
769 4343 882 4432 potius
905 4342 1047 4409 testibus
1068 4346 1129 4408 aut
1157 4343 1312 4434 partibus
1338 4347 1498 4414 convenit

166 4475 270 4543 quam
285 4453 408 4534 iudici,
426 4450 522 4518 cuius
544 4448 696 4516 oslieium
716 4455 855 4516 estnon
874 4448 1082 4539 respondere
1101 4448 1162 4516 sed
1181 4448 1406 4537 interrogare.
1428 4477 1458 4520 v.
1476 4459 1495 4520 3

167 4589 183 4623 «
203 4558 371 4653 Pauperis
395 4578 530 4648 quoquc
551 4578 621 4622 ιιοιι
646 4553 855 4622 ntz'serebere's
877 4553 914 4621 in
930 4553 1058 4621 iudicio
1087 4581 1122 4638 n,
1147 4556 1248 4621 Hebr.
1266 4555 1303 4622 in
1324 4556 1385 4622 lite
1408 4560 1490 4626 eius.

163 4669 221 4734 Ps.
240 4668 314 4733 Ion.
337 4687 350 4731 .·
368 4695 383 4727 «
401 4663 580 4754 pauperis,
598 4661 659 4752 qui
675 4683 752 4729 reus
767 4668 818 4728 est
835 4661 873 4728 in
892 4660 1019 4727 iudicio
1035 4681 1111 4743 sue,
1133 4682 1202 4726 non
1217 4661 1364 4751 accipies
1381 4684 1493 4754 perso-

164 4794 263 4854 nam,
280 4778 318 4840 nt
331 4768 521 4839 miserearis
534 4769 608 4836 eius
623 4795 654 4834 n.
674 4796 690 4830 ι(
714 4773 750 4834 ln
766 4767 894 4834 iudicio
918 4767 1087 4834 habeatur
1108 4765 1197 4832 ratio
1221 4767 1371 4837 iustitiae
1393 4770 1494 4837 dum-
