3534 5384
242 377 300 437 itt
724 390 761 433 sx
784 388 923 434 asurrro
946 388 977 432 m
999 389 1092 433 sirm.

238 526 341 593 altari
375 524 574 613 impositum
603 523 757 591 cernitur
790 522 984 612 depictum,
1013 521 1187 611 habetque
1217 542 1345 588 nomen
1372 521 1574 611 aegyptium

126 651 129 655 ⁴
235 654 385 717 irrorante,
404 629 677 719 describiturque
698 628 801 697 fuisse
826 657 842 691 ο
864 629 1001 711 aihum,
1025 628 1069 695 ad
1087 628 1195 695 instar
1209 628 1436 715 granulorum
1452 642 1535 697 ertia
1554 658 1568 691 n

236 738 357 825 (Edere
380 761 415 827 p.
441 743 505 803 ais
524 736 612 826 sq.);
636 740 818 802 astantem
842 747 925 801 enta
945 734 1058 803 resina
1077 734 1194 824 aliqua
1221 733 1373 824 pretiosa
1393 757 1413 802 a
1430 736 1571 825 quibus-

234 845 314 911 dam
329 843 535 933 Aethiopiae
555 842 737 910 arboribus
755 842 920 932 profecta.
941 847 1009 908 Hoc
1026 840 1322 908 1t83mmardm
1342 840 1383 907 de
1397 841 1565 931 Breyden·

235 950 334 1037 baele,
365 955 515 1017 [tecanus
540 949 775 1035 hioguntinus,
797 954 831 1015 et
859 950 981 1014 Petrus
1004 948 1110 1015 Helen
1137 946 1184 1013 du
1206 950 1307 1014 Mens
1331 970 1359 1014 c.
1389 955 1487 1031 1550,
1509 950 1569 1038 qui

234 1056 422 1123 Sinaitiden
439 1056 506 1146 ipsi
525 1056 687 1135 invisere,
706 1055 891 1145 pluresque
911 1055 970 1122 alii
985 1076 1063 1121 eum
1085 1076 1210 1121 manua
1225 1053 1457 1122 Hebraeorum
1476 1076 1570 1121 eom·

235 1168 456 1253 paraverunt.
475 1168 595 1230 itianna
616 1163 681 1228 hoc
703 1160 849 1247 vulgare
870 1161 1023 1251 aliquam
1042 1182 1121 1227 cum
1145 1160 1411 1228 mannabihlieo
1425 1161 1571 1229 affinita-

234 1277 305 1337 tem
321 1269 465 1351 habere,
483 1271 595 1357 primo
610 1269 730 1335 obtutu
747 1273 841 1358 patet
853 1288 866 1334 1:
885 1273 1069 1336 moventur
1082 1274 1196 1335 tamen
1208 1266 1312 1335 etiam
1328 1289 1451 1356 graves
1469 1290 1571 1358 quae-

236 1375 316 1444 dam
335 1375 555 1445 abiectiones.

274 1600 298 1667 i)
314 1602 418 1653 Manna
430 1602 566 1664 vulgare,
579 1603 646 1652 iicet
657 1604 687 1651 in
701 1602 736 1652 iis
749 1601 809 1652 iere
825 1602 895 1652 locis
908 1614 983 1653 nunc
1002 1601 1166 1665 reperiatur,
1181 1601 1227 1651 ubi
1242 1600 1276 1651 ab
1292 1600 1428 1651 Hebraeis
1448 1602 1570 1665 primum

235 1696 416 1755 conspectum
430 1696 487 1752 est,
504 1702 685 1755 nequaquam
702 1697 795 1741 tamen
810 1702 859 1754 per
874 1696 963 1741 totum
977 1690 1056 1741 iilum
1073 1692 1191 1741 tractum
1210 1690 1357 1753 reperitur,
1374 1703 1430 1754 quo
1446 1690 1569 1741 Hebraei

235 1790 339 1829 manna
352 1781 425 1843 pasti
442 1792 505 1829 esse
522 1778 692 1829 scribuntur.
710 1778 822 1830 Etenim
836 1792 863 1827 v.
879 1778 912 1829 35
928 1780 1058 1830 dicuntur
1072 1779 1227 1831 comedisse
1249 1790 1366 1839 manna,
1386 1795 1397 1826 ι
1417 1792 1567 1843 usquequo

234 1870 381 1932 tangerent
395 1866 465 1920 iines
479 1870 575 1918 terrac
591 1866 729 1919 chanaan
745 1883 769 1919 r.
786 1868 890 1918 Manna
904 1872 998 1918 autem
1011 1868 1128 1938 vuigare
1147 1868 1176 1916 in
1190 1868 1252 1918 sola
1267 1866 1412 1919 Sinaitidis
1424 1872 1506 1931 parte
1519 1880 1568 1919 oc·

233 1954 366 2007 cidentaii
383 1958 522 2021 reperitur
540 1962 582 2016 et,
603 1957 671 2007 iicet
694 1968 752 2007 una
771 1958 891 2008 tamarix
911 1954 1078 2007 tarbuam
1097 1956 1227 2019 globulos
1245 1955 1393 2019 prodirent,
1415 1958 1524 2017 tamen,
1542 1958 1567 2007 si

235 2044 303 2095 tides
319 2046 455 2096 habeatur
468 2044 591 2095 Arabum
607 2046 740 2107 assertis,
757 2050 833 2095 totus
847 2044 895 2095 iile
911 2050 1016 2095 tractus
1030 2057 1087 2095 non
1099 2046 1162 2107 pius
1176 2044 1362 2108 septingentis
1380 2043 1460 2094 libris
1479 2044 1570 2107 angli·

234 2134 275 2185 eis
286 2134 417 2198 producit
428 2134 548 2198 singuiis
562 2135 660 2195 annis;
676 2146 770 2199 neque
787 2146 839 2198 per
857 2138 948 2185 totum
965 2146 1069 2183 annum
1083 2133 1225 2197 producit,
1241 2133 1292 2184 sed
1305 2144 1472 2197 perpaucos
1488 2145 1569 2184 men·

236 2235 282 2273 ses
292 2226 410 2272 tantum.

273 2310 455 2374 Respondent
466 2307 491 2377 a]
509 2324 515 2359 :
532 2310 595 2361 Non
611 2317 655 2362 ost
668 2310 798 2372 dubium,
817 2311 972 2362 Sinaitiden
995 2312 1148 2375 antiquitus
1162 2311 1250 2361 multo
1269 2309 1504 2374 trequentioribus
1523 2323 1569 2360 ar-

238 2398 353 2449 boribus
367 2399 504 2449 consitam
527 2398 630 2460 iuisse,
647 2402 732 2463 atquo
746 2413 821 2450 nune
833 2402 885 2451 est.
909 2401 1017 2451 Arabes
1033 2402 1137 2464 quippe
1159 2411 1270 2463 semper
1284 2411 1433 2450 assuevere
1454 2398 1570 2449 arbores

238 2486 367 2537 excidere
382 2487 417 2537 ad
430 2487 566 2539 carbones
583 2488 765 2549 obtinendos,
788 2500 860 2553 ques
881 2502 939 2538 non
958 2490 1017 2539 suis
1035 2490 1143 2539 tantum
1161 2488 1258 2539 usibus
1272 2488 1456 2547 adhibebant,
1474 2487 1524 2537 scd
1540 2490 1569 2537 in

240 2576 398 2639 Aegyptum
412 2576 499 2627 eham
512 2576 714 2638 divendebant;
727 2576 903 2628 Mehemmcd
919 2577 977 2637 Ali,
996 2578 1115 2643 Aegypti
1128 2580 1253 2641 satrapa,
1272 2576 1417 2627 Sinaitidis
1432 2576 1571 2627 Arabibus

236 2664 372 2715 carbones
382 2677 433 2728 pro
443 2665 546 2716 tributo
556 2665 759 2729 persolvendos
769 2666 916 2731 impostum
929 2665 978 2715 sed
989 2666 1059 2717 alias
1068 2680 1118 2731 pro
1128 2667 1229 2718 excisis
1239 2666 1355 2717 arbores
1367 2665 1475 2717 Arabes
1487 2664 1569 2729 plan·

237 2756 296 2803 tant
311 2766 464 2819 nunquam.
482 2753 565 2806 Corte
580 2754 610 2805 S.
626 2754 684 2805 Nili
699 2757 826 2820 tempore
840 2756 920 2819 regio
934 2755 1020 2819 lignis
1034 2755 1194 2806 abundabat
1206 2752 1255 2818 (De
1267 2754 1353 2807 caede
1369 2754 1569 2804 monachorum

236 2844 265 2892 in
280 2846 375 2893 monte
393 2842 463 2894 Sina
478 2844 606 2894 narratio
618 2842 674 2905 Vi;
688 2844 723 2894 ii.
740 2844 782 2895 79.
800 2840 861 2909 661)
879 2859 885 2895 :
904 2839 985 2893 Εὐλον
1000 2841 1046 2913 γάρ
1066 2840 1149 2902 αὐτοῖς
1162 2839 1187 2894 ἐν
1203 2840 1277 2894 asari
1291 2841 1360 2911 τόπῳ
1378 2838 1420 2893 καὶ
1439 2839 1569 2911 φρυγάνων

235 2926 337 2998 εὐπορία
355 2925 452 2993 πολλὴ,
465 2926 566 2990 οὐδενος
580 2929 643 2981 κατὰ
657 2928 702 2995 τὴν
717 2928 811 3000 ἔρημον
828 2929 1013 3002 ὑλοτομοῦντας
1028 2929 1060 2983 τὰ
1074 2930 1193 3000 φυόμενα.
1211 2934 1328 2984 Factum
1340 2938 1383 2983 est
1395 2944 1464 2995 ergo
1478 2933 1507 2981 in
1524 2931 1569 2981 si-

237 3020 342 3071 naitidc
356 3020 462 3085 aliquid
477 3022 568 3072 simile
582 3023 659 3082 eius,
680 3022 756 3087 quod
772 3024 801 3072 in
821 3023 961 3073 Dalmatia
975 3022 1106 3085 contigit,
1123 3024 1238 3085 regione
1251 3023 1360 3085 pridem
1379 3032 1528 3071 nemorosa
1542 3022 1570 3069 et

238 3109 337 3168 iertili,
353 3109 403 3160 sed
418 3123 490 3174 quae
505 3111 621 3161 succisis
631 3110 710 3161 silvie
721 3108 782 3160 iero
795 3109 863 3161 abiit
876 3113 906 3161 in
921 3111 1071 3161 desertum.

269 3195 296 3263 b)
312 3198 404 3247 Etiam
416 3199 490 3248 aeris
505 3200 675 3262 temperiem
691 3198 776 3262 ionga
796 3198 880 3250 eiiam
900 3200 1054 3264 antiquitus
1075 3202 1103 3249 in
1124 3198 1260 3249 Sinaitido
1278 3199 1380 3259 tuisse,
1396 3203 1480 3262 atque
1492 3210 1567 3247 nunc

239 3292 295 3347 est,
312 3284 470 3337 affirmandi
483 3293 549 3338 sunt
568 3290 701 3338 rationes.
728 3286 760 3337 id
776 3289 898 3352 primum
912 3283 1017 3339 inieras
1032 3287 1295 3353 eisequentioribus
1310 3286 1455 3338 arboribus
1473 3286 1568 3337 stivis-

243 3387 312 3438 que,
325 3378 354 3425 et
367 3375 434 3424 binc
445 3387 462 3425 e
475 3374 595 3426 tortium
612 3377 641 3426 et
658 3377 786 3428 rivorum
804 3376 1055 3429 abundantioribus
1073 3377 1166 3441 aquis;
1183 3376 1287 3427 inieras
1306 3389 1321 3427 e
1339 3375 1459 3435 diversa,
1482 3386 1568 3438 quam

240 3462 385 3514 adstruere
405 3462 449 3513 ias
472 3469 530 3526 est,
546 3463 703 3515 adiacentis
728 3466 849 3529 Aegypti
871 3466 1011 3516 interioris
1032 3466 1180 3530 temperie,
1197 3466 1244 3516 ubi
1262 3464 1444 3515 abundabant
1470 3463 1568 3526 papyri

241 3565 317 3602 nunc
334 3550 391 3602 iere
406 3554 545 3614 exstincti,
561 3552 697 3604 crocodili
707 3557 735 3605 et
749 3554 941 3619 hippopotami
949 3568 957 3614 ,·
968 3554 1073 3605 inieras
1086 3567 1176 3615 enea,
1193 3555 1271 3605 cuius
1286 3554 1367 3618 plura
1379 3554 1407 3603 in
1422 3565 1446 3601 s.
1458 3551 1569 3615 paginis

238 3638 486 3704 deprehenduntur
504 3641 621 3702 indicia,
639 3644 745 3695 maiore
769 3643 828 3694 illis
844 3643 1015 3706 temporibus
1038 3643 1187 3695 idumaeae
1206 3642 1359 3694 iertilitate.
1377 3640 1495 3693 Caelum
1510 3646 1568 3690 tum

238 3731 266 3777 in
282 3728 419 3780 sinaitide
432 3729 521 3781 inisse
542 3730 700 3792 humidius,
715 3732 832 3795 colligas
846 3734 945 3782 iterna
963 3746 990 3781 v.
1008 3732 1049 3789 13,
1068 3736 1229 3796 comparato
1248 3744 1312 3782 eum
1329 3730 1413 3780 Num.
1433 3728 1503 3791 ii,9,
1521 3726 1568 3778 ubi

237 3818 346 3869 doceris
356 3817 482 3881 quotidie
497 3817 621 3871 admisse
634 3833 738 3872 rorem.
760 3820 908 3881 Quomodo
924 3824 965 3872 tot
983 3820 1174 3873 Hebraeorum
1188 3833 1289 3884 greges
1303 3820 1390 3869 vitam
1403 3817 1565 3875 trahebant,

237 3908 292 3957 nisi
302 3907 360 3957 aiis
373 3909 546 3971 supponatur
557 3910 634 3959 aeris
649 3910 812 3973 temperies,
830 3910 886 3960 alia
897 3912 1022 3973 regionis
1031 3910 1140 3960 indoles
1154 3908 1261 3961 tuisse?

271 3992 295 4062 c)
311 3995 352 4045 Ex
376 3995 458 4047 dictis
479 3994 598 4047 efficitur
620 3997 780 4061 probabile,
798 4001 826 4049 et
853 3999 1032 4051 tamarioibus
1051 3999 1205 4063 antiquitus
1228 3999 1314 4061 longe
1335 3994 1568 4061 trequentioribus

233 4086 352 4134 tractum
374 4098 392 4133 a
413 4084 549 4135 Sinaitide
563 4086 598 4135 ad
626 4085 774 4138 Iordanem
789 4087 910 4139 obsitum
926 4086 1013 4137 tuisse
1032 4092 1060 4137 et
1081 4100 1198 4147 manna,
1216 4086 1290 4151 quod
1312 4087 1464 4136 etiamnum
1486 4082 1567 4131 annis

233 4172 435 4224 humidioribus
456 4175 579 4225 nascitur
609 4177 765 4239 copiosius,
781 4175 867 4227 tuisse
890 4178 921 4226 in
949 4176 1048 4227 eodem
1071 4180 1162 4227 tractu
1183 4176 1267 4239 longe
1288 4173 1492 4233 abundantius,
1511 4182 1567 4220 non

234 4272 290 4309 uno
304 4262 411 4311 tantum
426 4262 551 4313 alterove
562 4278 675 4326 mense,
690 4265 740 4315 sed
756 4279 806 4330 per
818 4268 906 4315 totum
921 4278 1036 4316 annum.
1053 4264 1138 4327 Haec,
1154 4266 1283 4330 inquam,
1300 4276 1358 4314 non
1372 4262 1485 4327 quidem
1502 4260 1567 4310 sunt

234 4353 324 4408 certa,
338 4349 387 4399 sed
412 4362 503 4415 neque
526 4354 586 4402 veri
608 4356 673 4404 sunt
694 4353 752 4404 ulio
771 4355 885 4405 nomine
908 4354 1069 4415 dissimilia,
1083 4354 1222 4418 simulque
1242 4366 1293 4403 nos
1313 4352 1426 4411 docent,
1444 4348 1518 4413 quod
1537 4348 1568 4397 in

237 4436 374 4488 sinaitidc
388 4437 423 4488 ab
445 4440 579 4491 Hebraeis
598 4442 739 4505 quaedam
758 4441 831 4494 iacta
850 4447 1010 4503 narrentur,
1027 4455 1100 4507 quae
1119 4441 1202 4492 hodie
1217 4441 1320 4492 ibidem
1334 4439 1394 4490 fieri
1413 4438 1564 4502 nequeant,

236 4524 300 4575 inde
312 4538 490 4592 nequaquam
504 4529 576 4580 effici
591 4529 655 4581 ricta
671 4533 792 4593 narrari,
809 4532 859 4582 sed
876 4533 991 4597 suggeri
1011 4545 1066 4581 non
1082 4532 1167 4581 talem
1186 4532 1270 4595 plane
1289 4531 1348 4579 tum
1362 4527 1448 4579 tuisse
1472 4525 1566 4576 Sinai·

238 4614 328 4675 tidcn,
345 4615 436 4680 qualis
449 4631 524 4669 nunc
536 4621 586 4669 cst.

271 4702 298 4769 i)
313 4702 417 4754 Manna
434 4706 550 4770 aurigam
564 4720 619 4758 non
639 4711 795 4773 putrescit:
814 4722 919 4759 manna
934 4708 1125 4761 Hebraeorum
1140 4723 1166 4759 v.
1183 4708 1215 4759 ‘io
1232 4724 1244 4757 r
1265 4710 1372 4758 scatere
1391 4705 1482 4768 coepit
1501 4713 1565 4752 ver·

236 4791 326 4843 mibus
341 4796 427 4858 atque
441 4798 609 4860 computruit
628 4813 652 4847 ο.
