3534 5384
700 368 767 410 inv.
793 353 882 421 14,ss
907 369 969 420 sco.
1443 357 1502 415 rra

166 504 301 558 locausto.
326 504 489 556 oueruntur
511 504 606 553 autem
631 505 742 554 hostiae
765 517 816 568 pro
840 504 943 556 delicto
967 509 995 555 et
1017 517 1068 568 pro
1093 507 1222 568 peccato,
1243 519 1301 556 non
1324 505 1399 572 quod
1422 508 1501 572 lepra

166 596 327 646 censeretur
341 605 453 657 semper
466 594 496 642 in
510 604 634 655 poenam
651 591 743 656 infligi
756 593 876 644 alicuius
893 593 960 644 mali
978 607 995 642 a
1013 592 1126 656 leproso
1142 595 1263 644 scienter
1276 595 1322 645 val
1337 597 1503 660 ignoranter

166 683 321 744 commissi,
338 682 388 734 sed
411 680 502 745 quod,
515 693 578 730 curn
599 680 689 731 multa
709 683 815 745 quique
837 684 865 732 et
885 684 1006 732 scientes
1028 684 1056 732 et
1076 683 1240 745 ignorantes
1260 681 1438 746 deficiamus,
1452 699 1501 737 ae-

167 774 304 837 quamsit
322 772 435 822 nonnisi
452 770 551 820 hostiis
564 781 617 834 pro
635 768 746 820 delictis
761 773 791 820 et
804 773 930 834 peccatis
949 771 1051 821 oblatis
1068 771 1104 821 ad
1118 770 1312 823 holocaustum
1326 773 1500 826 offerendum

167 860 309 912 accedere.

211 1059 243 1101 v.
269 1042 306 1101 11
325 1061 342 1096 a
363 1036 514 1123 Cumque
527 1032 684 1100 sacerdos
691 1034 887 1124 purificares
902 1032 1075 1100 henricum
1091 1061 1106 1096 u
1121 1034 1382 1124 plurificaudum
1398 1065 1414 1099 a
1434 1052 1502 1106 sta-

165 1143 270 1210 tuerit
284 1164 362 1208 cum
376 1153 410 1207 ct
427 1139 648 1207 haecomnia
666 1162 782 1208 coram
804 1141 948 1207 Domino
969 1141 1005 1207 iu
1023 1140 1109 1207 ostio
1126 1139 1340 1208 tabernaculi
1352 1143 1502 1212 testimo-

167 1250 220 1317 m'i
251 1276 286 1332 a,
316 1270 349 1315 v.
375 1253 417 1313 12
443 1273 459 1309 a
485 1246 582 1313 tollct
603 1269 739 1336 oqnccm
770 1273 786 1308 a
815 1269 924 1314 unzcm
942 1275 957 1309 a
981 1259 1015 1312 et
1038 1247 1163 1336 offeret
1181 1269 1338 1338 cumpro
1359 1249 1500 1332 delicto,

166 1355 297 1445 oleique
322 1353 511 1420 scacarium
534 1366 583 1435 et,
606 1351 733 1419 oblatis
748 1364 827 1419 onte
843 1352 1028 1419 Dominum
1053 1353 1236 1442 [omnibus]
1265 1379 1282 1416 u
1311 1355 1499 1424 elevatione

165 1461 360 1542 sacrificali,
378 1483 411 1526 v.
429 1466 469 1527 13
488 1486 504 1521 «
530 1458 723 1526 immolabit
743 1481 892 1548 aquom,
920 1459 980 1534 ubi
999 1459 1084 1526 solet
1103 1459 1279 1527 immolari
1302 1460 1411 1530 lrostiu
1429 1487 1496 1554 pro

163 1580 303 1659 peccato
323 1579 357 1633 ct
378 1565 632 1645 holocaustum,
654 1565 690 1654 [i.
715 1566 758 1653 a]
783 1565 820 1631 in
839 1564 1050 1642 locosancto
1074 1594 1110 1649 a,
1130 1567 1166 1633 in
1185 1567 1274 1634 atrio
1298 1571 1497 1637 sanctuarii.

173 1675 272 1764 Vulq.
290 1674 444 1740 inserens
461 1672 485 1739 i.
507 1696 537 1739 e.
553 1671 588 1736 id
609 1693 716 1738 unum
733 1671 853 1752 efficit,
871 1671 964 1738 hanc
981 1694 1044 1762 pro
1068 1671 1191 1740 delicto
1206 1673 1355 1741 hostiam
1373 1675 1500 1744 immo-

168 1781 309 1848 landam
322 1779 427 1846 fuisse
443 1778 569 1846 alicubi
583 1777 620 1843 in
638 1777 744 1859 atri03
762 1784 815 1858 at,
833 1799 912 1844 cum
931 1777 1073 1845 aliunde
1086 1783 1215 1846 constet
1233 1780 1344 1870 (6,25;
1363 1788 1436 1864 723
1453 1785 1496 1852 cf.

170 1890 277 1974 1,11),
297 1887 443 1953 hostiam
457 1906 520 1974 pro
538 1884 662 1951 delicto
680 1906 751 1950 non
772 1884 884 1950 solum
903 1886 938 1950 in
963 1884 1067 1968 atrio,
1083 1883 1142 1952 sed
1162 1885 1283 1952 eodem
1306 1887 1384 1954 atrii
1407 1890 1497 1968 loco,

168 2002 272 2085 atque
290 1992 438 2059 hostiam
455 2014 519 2081 pro
538 1996 676 2080 peccato
691 1994 725 2056 et
740 1990 996 2074 holocaustum,
1014 1989 1117 2058 fuisse
1128 1992 1394 2071 immolandam,
1411 1994 1503 2062 illud*

169 2103 192 2168 i.
207 2123 236 2167 e.
255 2099 510 2166 convenientius
526 2096 765 2186 supprimitur.
781 2096 878 2164 Ratio
893 2097 958 2163 loci
971 2097 1170 2164 inculcandi
1182 2097 1269 2166 haec
1283 2101 1396 2188 potuit
1409 2124 1497 2184 esse,

165 2229 210 2274 ne
233 2206 448 2274 suboriretur
471 2204 634 2286 dubium,
653 2225 697 2270 an
720 2202 897 2271 hominem
921 2204 1058 2294 alepra
1087 2210 1243 2272 recenter
1262 2212 1420 2274 sanatum
1445 2210 1498 2276 las

168 2317 255 2380 esset
265 2313 303 2379 in
315 2311 441 2379 atrium
454 2309 599 2378 admitti.
620 2337 635 2372 ι(
649 2310 748 2377 Sicut
757 2309 849 2376 euim
856 2332 920 2400 pro
930 2322 1082 2400 peccato,
1097 2310 1148 2378 ito
1157 2322 1190 2377 ct
1197 2333 1264 2402 pro
1278 2313 1402 2381 delicto
1418 2344 1434 2377 u
1451 2330 1498 2382 est

170 2419 304 2508 (LXX);
327 2418 415 2484 sicut
437 2417 545 2500 illius,
571 2417 621 2483 ita
643 2415 745 2483 huius
771 2417 864 2484 locus
884 2417 1045 2507 proprius
1064 2423 1115 2484 est
1138 2417 1227 2485 latus
1252 2419 1385 2504 altaris,
1403 2421 1495 2512 quod

168 2524 305 2615 respicit
323 2523 368 2591 ad
392 2524 599 2614 aquilonem.
620 2521 696 2589 Alia
717 2521 859 2589 additur
880 2523 970 2590 ratio
993 2544 1000 2590 :
1020 2553 1035 2586 α
1057 2522 1104 2589 od
1121 2525 1331 2592 sacerdotem
1345 2528 1497 2618 pertinet

168 2631 279 2699 hostio
296 2659 312 2718 a
321 2686 329 2713 ,
346 2631 384 2697 in
398 2630 488 2698 atrio
503 2628 733 2712 comedenda,
748 2650 830 2716 ergo
845 2630 883 2695 in
897 2630 984 2696 atrio
999 2629 1103 2696 etiam
1123 2630 1305 2698 mactanda
1326 2633 1493 2724 (lloufe.);

166 2761 236 2806 non
250 2738 342 2805 enim
356 2737 408 2803 ias
418 2743 492 2803 erat
508 2757 648 2803 carnem
658 2735 694 2801 in
709 2735 785 2801 loco
797 2735 943 2823 profano
950 2735 1167 2803 immolatam
1182 2738 1219 2802 in
1234 2737 1345 2805 locum
1361 2763 1494 2809 sacrum

167 2846 306 2912 inferre.
325 2843 475 2910 Tandem
497 2843 596 2908 tertia
614 2840 836 2927 subiungitur
854 2840 942 2907 ratio
967 2863 975 2909 :
1001 2870 1015 2901 «
1036 2853 1157 2909 saneto
1175 2855 1372 2911 sauctorum
1384 2860 1432 2912 est
1454 2877 1489 2929 »‚

169 2974 252 3039 ergo
273 2972 342 3017 non
364 2948 449 3015 alibi
472 2969 576 3038 quam
597 2947 634 3012 in
658 2947 733 3013 loco
758 2951 876 3013 sancto
899 2946 1125 3014 immolanda.
1151 2948 1186 3015 Si
1208 2949 1380 3032 advertas,
1403 2975 1490 3043 quae

166 3081 203 3146 p.
221 3065 286 3124 359
302 3079 377 3144 sqq.
391 3054 589 3120 dicebamus
600 3052 643 3119 de
658 3051 833 3120 sacrificiis
848 3075 910 3142 pro
925 3052 1061 3136 delicto,
1079 3053 1231 3142 colliges,
1246 3057 1339 3147 quod
1353 3059 1493 3128 aliunde

167 3163 272 3231 etiam
288 3160 469 3251 probabile
483 3165 644 3249 apparet,
661 3160 766 3226 ritum
782 3160 818 3227 h.
834 3159 858 3225 l.
877 3160 1085 3249 descriptum
1101 3183 1171 3228 esse
1188 3167 1294 3250 Moyse
1314 3165 1417 3252 longe
1432 3191 1493 3234 an-

166 3268 362 3360 tiquiorem.
380 3289 412 3333 v.
437 3271 477 3332 1t
495 3294 511 3329 «
530 3268 782 3355 Assumcusque
796 3263 954 3333 sacerdos
972 3265 1014 3334 dc
1031 3269 1201 3357 sanquine
1228 3268 1377 3353 hostiae,
1394 3275 1493 3364 lquor

166 3375 347 3443 inzuzolato
367 3377 428 3460 eet]
445 3395 513 3464 pro
538 3370 679 3455 delicto,
698 3386 806 3463 ponet
825 3395 927 3464 suuper
941 3385 1128 3440 ectremum
1143 3375 1320 3444 auriculae
1335 3378 1494 3450 dexterae

168 3483 256 3567 cius,
278 3480 342 3573 qui
354 3478 554 3565 mundatur,
573 3490 606 3546 ct
623 3501 725 3569 super
738 3478 881 3571 pollices
900 3501 1024 3546 manus
1038 3479 1195 3548 deuterue
1213 3494 1246 3548 ct
1256 3483 1355 3572 pedis
1372 3515 1387 3547 u
1410 3488 1494 3556 decc-

168 3591 233 3655 teri
240 3642 249 3674 ,
270 3617 286 3650 α
304 3589 347 3655 ad
362 3586 599 3668 indicandum,
612 3585 706 3676 quod
720 3586 760 3667 is,
783 3587 843 3674 qui
862 3590 964 3653 antea
978 3593 1119 3675 propter
1132 3588 1264 3676 lepram
1277 3613 1346 3657 non
1361 3601 1491 3683 poterat

167 3719 201 3762 se
227 3696 302 3762 aliis
320 3694 532 3780 coniungere
558 3692 603 3760 ad
624 3691 837 3759 audiendum
859 3699 999 3758 sacraet
1015 3692 1059 3759 ad
1084 3695 1294 3782 operandum
1312 3702 1490 3786 cumillis,

167 3801 219 3867 uti
231 3824 296 3868 nec
310 3799 353 3868 ad
366 3798 658 3890 frequentandum
672 3799 917 3879 sanctuarium,
934 3798 978 3865 ad
992 3799 1105 3866 omnia
1116 3800 1176 3866 illa
1191 3801 1260 3868 iam
1274 3811 1358 3872 esset
1373 3806 1461 3875 liber
1476 3839 1490 3869 »

173 3908 307 3996 (Sesto).
331 3906 478 3974 hiembra
497 3905 635 3972 dextera
653 3911 829 3992 tamquam
846 3903 1008 3991 digniora
1028 3905 1281 3994 praeferuntur.
1303 3913 1430 3980 Similis
1449 3916 1493 3982 ri-

167 4022 221 4081 tus
235 4015 273 4081 in
284 4011 536 4080 consecratione
555 4010 772 4078 sacerdotum
784 4016 864 4091 833
877 4011 1135 4094 observabatur,
1153 4013 1309 4084 adhibito
1327 4023 1493 4106 sanguine

168 4143 237 4187 non
263 4121 419 4186 victimae
444 4141 508 4209 pro
530 4115 671 4199 delicte,
697 4117 758 4183 sed
778 4116 894 4184 arietis
913 4119 1190 4202 consecrationis3
1207 4122 1288 4188 item
1304 4127 1493 4198 sacerdotes

168 4226 390 4314 ungebantur
404 4225 478 4291 oleo
494 4222 677 4307 unctionis,
695 4223 849 4312 leprosus
860 4229 997 4291 sanatus
1012 4247 1044 4292 v.
1064 4231 1104 4292 15
1119 4247 1195 4315 sqq.
1212 4227 1288 4294 oleo
1305 4239 1489 4304 communi.

167 4357 200 4402 v.
220 4339 293 4400 15«
314 4333 360 4398 Et
373 4330 415 4398 dc
430 4329 497 4397 olei
515 4330 664 4397 sextario
684 4331 794 4396 mittet
814 4329 852 4396 in
873 4351 1017 4396 murrum
1035 4353 1133 4397 suam
1155 4332 1331 4403 sinistram
1351 4366 1385 4420 u,
1404 4363 1436 4410 v.
1454 4352 1493 4411 16

171 4469 187 4501 «
209 4439 384 4530 tinyetque
406 4437 554 4526 diqitum
573 4435 750 4504 deuterum
775 4436 812 4502 in
831 4458 886 4522 eo,
906 4450 937 4504 et
954 4451 1110 4527 uspcrqet
1130 4461 1244 4506 eorum
1259 4445 1404 4513 Domino
1419 4473 1494 4538 sep-

170 4547 233 4614 ties
250 4575 279 4614 u,
298 4567 329 4614 v.
352 4549 393 4610 1⁵1
412 4570 427 4605 a
446 4543 546 4624 Quod
552 4555 669 4610 autem
682 4542 853 4633 reliquum
871 4555 919 4609 cst
935 4544 1002 4609 elci
1016 4543 1053 4609 iu
1066 4544 1186 4634 [lucca]
1202 4571 1319 4635 rreauu,
1333 4551 1461 4638 fraudet
1476 4586 1491 4618 u

168 4692 213 4705 —
229 4654 331 4720 Hebe.
352 4661 461 4742 ponet
480 4651 505 4716 i.
526 4672 557 4715 e.
579 4649 705 4716 illiniat
717 4687 762 4698 -
782 4678 797 4711 a
813 4672 914 4739 suaper
935 4662 1122 4716 ectremum
1141 4654 1320 4722 cicerculae
1339 4657 1496 4728 deuteros

169 4761 257 4846 eius,
276 4761 338 4849 qui
354 4753 555 4839 mundatur,
573 4765 607 4820 ct
624 4775 724 4843 super
739 4753 880 4845 pollices
895 4778 1018 4820 erraras
1032 4779 1071 4820 uc
1080 4756 1183 4844 pedis
1198 4759 1348 4844 deuteri,
1369 4768 1426 4854 [ct]
1441 4791 1498 4836 su-

571 4881 744 4920 nunnmuaa.
763 4895 794 4906 -
809 4881 836 4919 ru
853 4883 892 4917 cx.
912 4883 942 4918 nr
958 4882 1012 4918 nur.
1028 4895 1059 4906 -
1077 4876 1105 4920 29
