3534 5384
276 375 335 436 275
412 363 415 369 v
674 388 820 433 novom
842 387 1004 433 SACRORL'M
1027 387 1212 434 institutio.

279 525 432 612 gravius,
449 546 490 590 ex
507 521 617 589 solido
631 521 729 609 ligno
745 522 798 588 vel
821 521 973 589 metallo.
995 526 1190 604 Praeterea,
1212 544 1283 589 non
1298 525 1435 612 poterat
1449 544 1520 590 esse
1534 521 1612 589 soli-

278 632 362 698 dum
376 651 480 719 supra
493 628 711 710 craticulam,
729 627 779 693 uti
796 632 908 717 palei,
926 633 1000 695 erat
1016 628 1110 695 enim
1123 630 1153 695 is
1167 628 1262 696 locus
1276 628 1450 715 lignorum
1467 634 1501 695 ct
1514 629 1611 696 vicli-

277 759 369 821 mae3
386 758 498 825 neque
512 735 602 802 inira
616 733 837 816 craticulam,
858 732 920 824 qui
935 734 1031 802 locus
1045 733 1218 802 cineribus
1231 739 1306 801 crat
1324 735 1522 803 destinatus.
1539 739 1612 803 Non

276 851 392 912 lamen
411 841 576 934 patebant
592 841 711 908 altaris
726 839 911 923 interiora,
932 841 993 908 sed
1014 841 1178 908 acorolla
1196 841 1241 908 ad
1256 843 1366 908 imum
1385 841 1473 908 illud
1486 843 1611 909 tabulis

278 942 319 1018 de
334 951 430 1038 ligno
449 949 547 1016 set-im
562 947 819 1015 occludebatur.
834 948 887 1014 sd
901 948 1060 1015 ultimum
1076 947 1225 1015 incisum
1240 948 1283 1016 cl.
1302 955 1422 1032 n5‚t0;
1445 955 1558 1034 26,30.

786 1188 810 1239 ὃ.
826 1189 927 1236 Atrium
943 1189 989 1236 Ex.
1004 1189 1033 1236 ti
1045 1191 1108 1236 9-19.

320 1381 402 1466 Arq.
431 1416 475 1426 -
498 1376 632 1444 Atrium
658 1377 856 1442 continetur
877 1374 1035 1459 cortinis,
1058 1397 1147 1466 quae
1170 1374 1338 1443 columnis
1356 1380 1605 1460 sustentantur;

276 1484 452 1553 clauditur
465 1483 553 1549 velo.

319 1613 352 1658 v.
370 1597 390 1658 9
408 1617 424 1652 «
440 1588 560 1656 Facies
574 1601 608 1654 et
628 1587 759 1654 ateium
774 1587 991 1655 tabernaculi
1013 1615 1050 1669 l,
1066 1587 1317 1656 —babitaculi
1335 1627 1379 1640 -·
1403 1615 1419 1649 u
1446 1589 1483 1656 in
1510 1590 1608 1658 cuites

274 1695 422 1764 neutrali
436 1695 545 1786 plaqa
564 1707 682 1761 contra
703 1693 882 1761 meridiem
897 1706 997 1760 erunt
1021 1693 1166 1760 tentoria
1186 1722 1222 1775 a,
1240 1695 1316 1762 vela
1337 1721 1354 1756 r<
1380 1693 1421 1761 (le
1441 1698 1535 1785 bqsso
1557 1719 1608 1764 re·

276 1815 364 1871 torta
380 1825 392 1870 :
409 1815 546 1869 eentum
561 1801 690 1868 cubitos
704 1823 813 1868 uatem
828 1800 919 1868 latres
935 1801 1060 1868 tenebit
1075 1799 1113 1868 in
1128 1800 1347 1890 lonqitudine
1365 1823 1398 1884 »;
1417 1825 1450 1870 v.
1472 1809 1513 1869 10
1535 1831 1551 1864 (ι
1575 1815 1607 1870 et

276 1910 451 1978 columnas
468 1908 595 2000 viqinti
611 1936 627 1970 a
634 1927 651 1992 ,·
665 1907 716 1974 uti
730 1908 819 1974 aliae
834 1909 1014 1974 columnae
1032 1907 1074 1974 de
1090 1907 1194 1994 lignis
1206 1909 1321 1990 setim,
1346 1935 1363 1971 a
1380 1931 1457 1976 cum
1473 1909 1608 1977 basibm

276 2015 417 2085 totidem
428 2015 561 2101 aeneis,
579 2036 668 2104 quae
686 2014 897 2104 cupitarum
915 2013 1099 2081 caelaturis
1118 2013 1189 2081 suis
1205 2013 1375 2082 habebunt
1391 2029 1558 2105 arqentea
1574 2043 1605 2082 ».

308 2227 406 2290 Capita
425 2237 475 2274 seu
488 2224 587 2273 hamos
601 2222 664 2272 vide
678 2222 768 2283 ibit.
780 2247 816 2258 —-
827 2228 937 2305 ntpiiin
955 2221 1056 2288 (38,st
1073 2221 1112 2289 19)
1126 2223 1171 2273 vel
1182 2229 1318 2307 nipwnn
1333 2221 1437 2290 (billi
1452 2223 1486 2275 cl.
1503 2225 1605 2293 iarn,

274 2329 291 2364 a
306 2319 376 2398 pipp
400 2311 529 2373 coltipare
543 2325 550 2359 :
565 2312 631 2360 hinc
649 2309 745 2361 circla.
761 2311 901 2361 intellexit
919 2317 992 2360 rena
1011 2311 1149 2373 quaedam
1167 2311 1202 2362 ab
1217 2325 1273 2362 una
1287 2312 1420 2362 columna
1437 2313 1474 2364 ad
1487 2315 1606 2366 alteram

273 2402 477 2467 pertingentia;
494 2399 557 2451 tir
569 2393 684 2467 ψαλῑὸες,
701 2387 832 2463 fornicem
855 2400 904 2461 iq.
925 2393 1146 2466 προςκολλήματα,
1162 2399 1190 2449 id
1210 2401 1284 2464 quod
1301 2401 1381 2451 alteri
1402 2403 1604 2466 agglutinatur.

274 2497 334 2541 Ros.
351 2501 420 2541 vero
434 2488 539 2552 aliique
553 2489 730 2552 interpretati
742 2493 807 2537 sunt
821 2489 940 2552 perticas
956 2487 1091 2552 quasdam
1106 2491 1269 2562 argentam,
1284 2489 1386 2553 qulbus
1401 2493 1606 2544 sustentaretur

273 2581 377 2630 velum.
394 2578 502 2637 Quibus
513 2579 624 2641 reponit
637 2575 743 2636 tillim„
758 2576 852 2627 velum
867 2575 950 2636 tasi
965 2581 994 2628 et
1011 2575 1092 2636 tato
1110 2579 1262 2628 sustentari
1275 2591 1332 2628 non
1346 2579 1472 2642 perticis,
1485 2581 1535 2632 sed
1552 2567 1605 2632 lm-

275 2670 338 2719 mis.
353 2666 487 2718 Tcxtibus
501 2679 587 2730 supra
599 2665 721 2716 laudatis
736 2656 844 2747 nipliiti
859 2665 905 2715 vel
922 2668 1058 2749 nipiilt'titi
1080 2668 1146 2716 sunt
1163 2666 1271 2730 aliquid
1290 2667 1431 2718 diversum
1448 2669 1603 2730 abusibus,

274 2759 365 2808 hamis
383 2760 412 2807 ct
431 2756 624 2823 columnarum
637 2754 791 2818 capitibus·
807 2753 821 2803 3
838 2752 909 2816 neg.
927 2753 990 2814 7,33
1007 2754 1105 2804 eadem
1122 2768 1177 2806 vox
1191 2753 1334 2819 significat
1348 2762 1512 2808 curvaturas
1526 2763 1603 2810 rott-

273 2859 345 2896 rum.
359 2845 434 2908 Ergo
447 2844 619 2909 probabilius
636 2842 713 2905 Vulp.
730 2841 894 2902 caelaturae,
911 2855 982 2906 quas
998 2842 1058 2892 Gai.
1074 2843 1207 2894 describit
1221 2859 1232 2891 ι
1248 2843 1398 2908 cingula»,
1418 2845 1476 2896 iat.
1495 2860 1605 2898 «zonas

274 2936 424 2986 circulares
442 2935 501 2985 sivo
521 2932 578 2993 illa,
594 2932 696 2996 qulbus
710 2932 791 2997 quasi
806 2932 957 2994 cinguntur
974 2931 1121 2982 columnae
1139 2945 1166 2992 t;
1183 2938 1211 2982 et
1230 2932 1288 2983 lero
1302 2933 1375 2983 idem
1390 2936 1473 2986 sonat
1486 2937 1547 2999 Sur.
1566 2943 1605 2986 te-

275 3029 409 3087 qumenta.
430 3022 628 3084 intelliguntur
647 3020 770 3070 laminae
788 3025 939 3082 argenteae
958 3020 1068 3083 aliquae
1090 3021 1164 3071 circa
1185 3022 1331 3072 columnas
1353 3022 1466 3098 plexae,
1490 3025 1605 3076 ornabis

276 3113 376 3176 gratia.

320 3309 353 3352 v.
373 3291 411 3351 11
438 3314 454 3346 c
474 3283 644 3350 Similiter
662 3293 694 3348 et
720 3281 757 3347 iu
779 3281 884 3349 latere
903 3281 1079 3373 aquilonis
1095 3305 1158 3372 per
1181 3284 1321 3374 lonqum
1339 3297 1439 3351 emnil
1457 3287 1604 3354 tentoria

276 3403 413 3460 centum
429 3389 640 3470 cubitorum,
657 3388 835 3455 columnae
850 3387 976 3479 eiqinti
990 3401 1024 3454 et
1039 3391 1132 3456 bases
1147 3411 1273 3457 aeneae
1290 3389 1442 3458 eiusdem
1450 3393 1587 3460 nunteri
1591 3447 1601 3478 ,

276 3512 309 3566 et
323 3497 440 3588 capita
459 3519 577 3563 eamcm
600 3517 678 3562 cum
697 3494 881 3562 caelaturis
900 3495 972 3578 stris
990 3508 1153 3585 arqentea
1172 3523 1201 3564 a,
1216 3518 1250 3564 v.
1270 3504 1310 3564 tn
1328 3525 1343 3559 r
1361 3499 1402 3565 ln
1418 3498 1604 3567 latitudine

276 3627 353 3673 cero
368 3601 469 3685 atrii,
489 3601 583 3693 quod
601 3600 741 3692 respicit
758 3599 807 3668 ael
822 3601 1048 3686 occidentem,
1066 3614 1166 3669 erunt
1183 3602 1332 3670 tentoria
1344 3628 1411 3695 per
1430 3607 1604 3696 qui-nqua-

276 3712 377 3804 qinta
403 3708 534 3777 cubitos
553 3721 586 3777 et
602 3707 781 3776 columnae
803 3706 921 3774 elecem
944 3709 1106 3798 basesque
1126 3707 1267 3776 totidem
1293 3737 1324 3777 n.
1349 3733 1382 3778 v.
1412 3718 1452 3779 13
1470 3740 1487 3774 a
1506 3715 1549 3780 In
1563 3735 1603 3781 ea

274 3839 411 3910 quoque
449 3814 534 3884 atrii
554 3814 759 3896 latitudine,
790 3837 878 3905 qtme
907 3813 1045 3905 respicit
1069 3815 1320 3902 adorientem,
1347 3817 1602 3910 quinquaqinta

275 3924 383 3994 cubiti
394 3936 494 3992 erum
511 3951 546 4006 »,
563 3924 621 4011 qui
640 3923 711 3988 iam
727 3921 969 3989 discernuntur
987 3921 1024 3988 in
1040 3920 1149 3988 latera
1161 3922 1230 3990 duo
1246 3945 1278 3992 v.
1300 3929 1341 3990 itt
1356 3946 1406 4015 sq.
1429 3925 1482 3992 bis
1501 3925 1602 4015 quin-

272 4033 384 4100 decim
415 4030 627 4111 cubitorum,
653 4035 687 4094 el
710 4039 847 4119 portam
876 4050 908 4096 v.
939 4035 979 4095 16
1004 4027 1129 4115 viginti
1162 4028 1369 4098 cubilorum.
1395 4054 1428 4098 v.
1458 4037 1497 4098 lt
1529 4061 1545 4094 a
1562 4035 1602 4099 lu

273 4139 396 4229 quibus
411 4135 608 4226 quindecim
623 4134 815 4202 cubitorum
822 4134 971 4202 tentoria
987 4134 1089 4201 lateri
1104 4159 1172 4201 urm
1188 4135 1453 4226 depectabuntur,
1473 4139 1602 4206 colum·

272 4267 405 4334 uaeque
421 4255 533 4310 tresel
549 4245 642 4310 bases
663 4239 803 4308 totidem
821 4261 857 4320 »;
878 4265 910 4306 v.
931 4247 971 4309 15
990 4267 1006 4302 «
1028 4253 1059 4308 et
1075 4241 1112 4307 in
1127 4241 1233 4310 latere
1251 4243 1360 4310 altero
1377 4259 1478 4312 eram
1496 4258 1603 4314 teuto·

273 4353 327 4420 ria
349 4351 479 4418 cubitos
503 4348 693 4416 obtinentia
711 4346 926 4436 quindecim,
952 4347 1133 4416 columnae
1154 4360 1218 4416 tres
1244 4361 1276 4416 et
1298 4349 1391 4418 bases
1413 4351 1553 4420 totidem
1570 4381 1598 4420 ».

270 4481 302 4528 v.
330 4465 370 4524 16
385 4486 401 4517 «
416 4459 458 4524 ln
472 4454 615 4522 introitu
634 4477 710 4521 uero
723 4453 807 4520 atrii
817 4454 879 4544 fiet
900 4457 1084 4522 tentorium
1104 4454 1293 4522 cubitorum
1313 4457 1442 4546 ciqinti
1455 4483 1497 4526 en
1514 4457 1600 4550 ltqu-

271 4563 385 4633 cintlto
407 4575 439 4630 et
454 4584 631 4653 purpura,
654 4583 819 4650 coccoque
843 4561 893 4627 bis
915 4563 1033 4644 tincto,
1064 4573 1095 4627 el
1126 4559 1222 4649 bqsso
1241 4575 1384 4650 retorta,
1408 4587 1506 4655 opere
1516 4565 1601 4655 plu·

270 4672 396 4758 irenrii;
419 4670 597 4738 columnas
618 4666 753 4736 babebit
773 4679 934 4756 quatuor,
962 4690 1040 4734 cunc
1062 4667 1198 4733 basibus
1225 4668 1365 4736 tolidem
1393 4699 1422 4738 o.
1450 4672 1601 4760 Singulis

268 4781 397 4870 quippe
414 4777 493 4846 atrii
506 4774 684 4844 columnis
709 4773 815 4842 cubiti
839 4775 993 4864 quinque
1018 4773 1247 4860 longitudinis
1266 4776 1332 4844 veli
1349 4777 1596 4862 attribuuntur,
