3534 5384
852 401 944 444 llBER
964 399 1073 444 Lentu.

522 646 550 696 b.
572 645 686 696 Poenae
705 645 905 696 attentantimn
925 644 1055 706 coniugia
1075 643 1170 693 illicita
1189 641 1256 694 Lev.
1278 642 1404 702 uon-‘m

601 801 625 831 a„
640 783 757 832 Formnla
772 783 861 844 eapitis
878 787 962 842 partes
979 782 1134 842 distinguens
1151 781 1212 830 Lev.
1228 782 1280 842 20st
1296 795 1333 841 sq.

341 970 522 1038 Exordium
540 974 674 1036 constat
693 969 827 1037 duabus
848 967 1006 1035 formulis
1031 991 1049 1034 e
1070 967 1258 1050 eonsuetiS,
1276 988 1436 1057 quaeque
1452 991 1485 1034 v.
1503 974 1558 1036 22.
1577 975 1626 1036 26

293 1079 330 1144 in
351 1077 489 1167 epilogo
515 1081 729 1166 repetuntur.
746 1082 819 1142 u't
845 1104 860 1135 «
883 1073 1162 1164 Sanctifieamiui
1183 1101 1218 1156 »,
1240 1080 1374 1141 sanctos
1394 1096 1452 1141 vos
1470 1081 1633 1159 servate,

295 1212 311 1245 α
330 1197 363 1251 et
376 1196 480 1251 estote
497 1183 625 1263 saneti,
643 1183 727 1272 qum
747 1204 810 1271 eqo
827 1203 905 1248 sum
918 1180 1081 1248 Dominus
1094 1183 1184 1248 Deus
1198 1191 1306 1247 vestet·
1319 1203 1351 1248 a.
1372 1203 1405 1247 v.
1422 1188 1443 1248 8
1462 1211 1477 1242 «
1501 1183 1634 1250 Custo-

294 1290 365 1357 dite
386 1301 571 1382 praecepta
591 1311 669 1355 urea
691 1300 724 1355 et
740 1287 852 1379 [acite
871 1311 912 1354 ea
932 1308 946 1353 .·
960 1309 1023 1377 eqo
1038 1287 1224 1372 Dominus,
1243 1285 1305 1376 qui
1320 1287 1496 1376 sanctifico
1514 1311 1572 1354 uos
1590 1316 1630 1357 a.

294 1401 382 1464 llaec
405 1396 548 1464 monitio
569 1402 619 1463 est
639 1400 693 1464 sat
714 1393 835 1461 similis
857 1392 1028 1463 clausulae
1048 1399 1160 1479 11,tt‚
1177 1393 1262 1484 quin
1277 1415 1318 1461 ex
1338 1416 1379 1463 ea
1395 1393 1623 1462 similitudine

293 1525 371 1571 cum
380 1501 498 1569 Dillm.
509 1504 637 1569 inferre
647 1501 762 1584 liceat,
772 1522 956 1591 perperam
968 1503 1063 1569 Sam.
1074 1503 1165 1568 LXX
1175 1523 1208 1570 v.
1221 1507 1242 1567 7
1258 1500 1414 1569 omittere
1429 1517 1626 1594 nnurpnui.

293 1615 386 1688 Quae
406 1633 469 1676 vox
492 1631 571 1676 cum
594 1608 650 1675 vix
678 1629 750 1675 non
773 1629 890 1675 ornnes
908 1607 1040 1674 litteras
1058 1606 1340 1691 habeateasdem
1365 1629 1443 1675 cunr
1461 1613 1624 1698 sequente

293 1731 403 1809 ntutp
423 1730 550 1788 nuum,
576 1720 610 1783 et
633 1715 734 1781 faeile
760 1719 839 1782 ante
865 1735 941 1781 earn
965 1712 1077 1803 potuit
1102 1713 1271 1794 excidere,
1294 1718 1326 1780 et
1347 1715 1445 1782 facile
1472 1715 1627 1782 eiusdem

292 1823 563 1914 reduplicatione
579 1820 738 1912 produci.

745 2054 769 2115 β.
785 2052 868 2100 Poena
884 2051 974 2112 cepitis
989 2051 1046 2099 lev.
1062 2053 1166 2112 tut-16.

335 2257 368 2301 v.
386 2239 406 2298 9
425 2261 440 2293 «
459 2229 529 2313 Qui
541 2228 761 2297 maledixerit
775 2230 872 2318 patri
888 2251 948 2294 suo
968 2241 1031 2296 aut
1052 2257 1067 2290 a
1091 2267 1135 2280 —
1157 2228 1206 2296 ita
1225 2236 1316 2297 recte
1335 2231 1425 2296 LXX
1447 2230 1547 2321 Vulp.
1570 2231 1627 2298 in-

291 2344 529 2430 terpretantur
546 2334 704 2426 copulam
720 2373 765 2386 —
779 2362 795 2396 α
812 2335 935 2422 aratri,
957 2347 1065 2402 morte
1083 2335 1252 2402 moriatur
1274 2363 1303 2405 a.
1322 2337 1500 2427 Repetitnr
1511 2359 1625 2428 poena

292 2451 349 2512 Ex.
377 2449 480 2528 21,ss
502 2441 634 2509 indicta
657 2464 721 2532 pro
745 2442 839 2508 laesa
856 2440 1071 2528 obligatione
1097 2445 1174 2509 Lea.
1198 2448 1275 2525 19,3
1295 2465 1463 2533 expressa.
1486 2445 1627 2510 «Patri

291 2550 463 2638 uratrique
483 2546 664 2615 maledixit
686 2546 859 2637 :sanquis
882 2548 956 2614 eius
978 2548 1023 2613 sit
1039 2571 1140 2640 super
1163 2569 1294 2630 eum»,
1319 2572 1396 2616 reus
1411 2562 1461 2616 est
1484 2549 1621 2639 (LXA);

292 2661 427 2726 tantum
455 2655 564 2723 scelus
586 2653 755 2745 patravit,
782 2652 877 2744 quod
909 2654 1003 2722 neeis
1031 2653 1239 2741 infligendae
1272 2655 1414 2724 abunda
1444 2662 1494 2723 est
1519 2658 1622 2726 ratio

293 2764 437 2832 «Aliam
455 2763 575 2830 mortis
591 2782 732 2829 causam
753 2783 797 2828 ne
820 2760 959 2850 require
978 2781 986 2829 :
1005 2761 1085 2828 satis
1103 2767 1152 2828 est
1165 2762 1230 2828 hac
1244 2785 1313 2830 unu
1333 2791 1348 2822 a
1368 2763 1535 2852 (Bousr.).
1552 2769 1627 2842 Qua

291 2868 448 2962 emphasi
479 2868 668 2936 enormitas
693 2867 832 2936 sceleris
847 2867 1061 2957 depingitur.
1086 2872 1262 2957 llonetque
1290 2868 1377 2952 Gai,
1407 2871 1494 2937 siout
1517 2892 1626 2938 unam

292 2976 545 3068 blasphemiam
561 2977 596 3041 in
611 2979 717 3040 Deum
733 2973 879 3062 (2116),
900 2974 946 3040 ita
965 2995 1070 3041 unam
1085 2975 1186 3042 etiam
1205 2981 1390 3065 parentum
1411 2975 1627 3044 maledictio-

291 3107 373 3153 nem
388 3087 498 3150 morte
505 3082 616 3150 'fuisse
631 3080 808 3147 luendam.
827 3080 890 3147 Sed
908 3080 1031 3147 merito
1046 3103 1203 3170 quaeres,
1218 3103 1279 3148 cur
1290 3081 1362 3148 eius
1374 3081 1627 3151 maledictionis

292 3212 406 3280 poena
419 3187 612 3280 prinoipem
627 3187 740 3254 locum
755 3186 963 3254 obtinentin
979 3187 1135 3274 catalogo
1149 3209 1339 3277 poenarum
1352 3189 1623 3275 infligendarum

294 3297 339 3364 ob
354 3300 520 3364 attentata
534 3293 677 3361 infanda
695 3292 882 3360 connubia.
904 3293 1070 3376 Advorte,
1090 3300 1169 3376 tat
1187 3295 1294 3362 scelus
1308 3316 1388 3362 cum
1406 3300 1515 3364 matre
1527 3317 1627 3363 eom-

294 3405 436 3471 missum
459 3402 611 3491 primurn
633 3401 719 3466 item
743 3399 858 3469 locum
886 3400 1054 3468 obtinere.
1072 3402 1181 3486 Igitur
1196 3406 1275 3483 20‚9
1287 3423 1399 3492 poena
1417 3402 1570 3471 sancitur
1584 3403 1624 3469 in

292 3513 477 3601 parentum
500 3506 795 3588 maledictionem,
813 3528 880 3594 quo
903 3512 935 3573 et
956 3505 1041 3573 haee
1062 3505 1258 3575 maledictio
1275 3507 1452 3598 puniatur,
1469 3514 1502 3576 et
1520 3508 1627 3577 simul

295 3614 540 3705 euphemistiee
562 3614 636 3703 ipse
654 3613 713 3679 ille
737 3611 902 3679 infandus
926 3613 1072 3680 incestus
1093 3613 1262 3703 plectatur
1290 3615 1469 3683 :atrocius
1495 3617 1627 3705 quippe

293 3722 385 3813 patri
399 3720 625 3811 opprobrium
642 3718 755 3805 infligi
769 3719 907 3808 nequit,
926 3741 1029 3807 quam
1048 3719 1077 3785 si
1099 3749 1113 3780 «
1138 3719 1309 3787 reveletur
1326 3720 1502 3811 turpitudo
1517 3722 1590 3788 eius
1608 3749 1626 3782 a

296 3830 392 3919 (Gen.
407 3827 517 3917 923),
534 3826 713 3916 turpitudo
728 3831 843 3893 autem
863 3827 982 3892 matris
997 3831 1045 3892 est
1062 3825 1240 3916 turpitudo
1254 3829 1372 3916 patris.
1388 3832 1499 3895 Poena
1516 3827 1629 3914 igitur

294 3942 374 4019 20‚9
394 3935 535 4002 omnino
547 3931 713 4000 indicitur
725 3931 829 3999 etiam
843 3931 879 3998 in
898 3932 1008 3998 scelus
1030 3937 1120 4016 1851.

338 4064 371 4109 v.
391 4049 431 4108 10
453 4041 525 4109 «Si
543 4038 740 4106 moechatus
756 4039 834 4129 quis
847 4039 958 4127 suerit
973 4061 1050 4105 carm
1067 4061 1171 4106 rmore
1188 4039 1344 4124 alterius,
1365 4053 1398 4107 et
1412 4039 1628 4108 adulterium

287 4148 539 4239 perpetrauerit
561 4169 639 4213 eum
657 4146 802 4235 coiriuqe
814 4144 972 4236 proniani
991 4145 1064 4226 sui,
1081 4158 1186 4212 morte
1204 4145 1398 4213 utoriautm·
1416 4159 1449 4213 et
1468 4146 1630 4214 moechus

293 4268 326 4322 et
340 4255 499 4323 adultera
519 4281 550 4322 a.
570 4253 618 4321 (ll.
639 4259 754 4336 18‚20;
774 4257 872 4319 Dent.
891 4257 1005 4332 2232.
1025 4256 1138 4320 Poena
1152 4257 1200 4320 lo.
1222 4259 1278 4336 8,5
1293 4251 1517 4339 infligebatur
1533 4253 1627 4344 lapi·
1744 4291 1745 4298 1

293 4362 397 4430 datio.
415 4366 535 4428 Textus
547 4360 777 4427 hebraeusest
788 4356 999 4448 impeditior,
1025 4365 1205 4448 censetque
1219 4357 1337 4427 Dillm.
1358 4358 1444 4427 duos
1460 4365 1626 4427 centones

291 4493 312 4537 a
331 4468 413 4536 libri
434 4468 610 4535 redactore
631 4488 702 4533 esse
722 4470 904 4532 consutos:
924 4469 1113 4554 potuerunt
1126 4466 1242 4550 etiarn,
1259 4465 1320 4533 diu
1332 4474 1410 4556 post
1428 4466 1624 4534 absolutum

289 4575 431 4658 librum,
448 4574 538 4640 duae
553 4572 707 4643 eiusdem
719 4594 837 4640 versus
855 4571 1019 4639 lectiones
1038 4571 1211 4640 confundi.
1228 4571 1294 4641 Sed
1311 4572 1433 4640 melius
1445 4579 1625 4662 tamquam

288 4682 442 4770 spurium
458 4678 535 4746 dele
548 4680 696 4747 alterum
711 4694 794 4755 nutu,
811 4685 844 4745 et
858 4677 1004 4745 habebis
1016 4678 1160 4745 eandem
1175 4684 1277 4770 atque
1290 4703 1324 4747 v.
1344 4686 1382 4746 11
1397 4679 1625 4746 constructio-

287 4808 366 4853 nem
384 4778 391 4855 ὲ
416 4786 455 4854 Si
468 4784 663 4852 ttroecltatus
684 4799 734 4852 est
757 4784 855 4851 bomo
872 4807 949 4850 cum
968 4807 1073 4852 acrore
1090 4783 1242 4872 alterius,
1260 4783 1457 4853 utoealtutus
1472 4797 1519 4852 est
1538 4807 1621 4853 eum
