3534 5384
736 357 803 402 inv.
828 341 900 414 738
922 357 985 408 soe.
1467 342 1524 402 397

196 495 296 547 borum
308 494 437 546 ordinem
452 496 593 546 invertunt
609 508 616 544 :
630 501 709 552 min
724 474 822 551 bunut
841 502 888 551 u:
902 475 964 556 bnt,
981 511 993 541 r
1011 495 1045 546 ed
1063 494 1135 546 illios
1151 501 1243 546 autem
1259 496 1346 546 lsrael
1360 496 1484 560 loqueris
1501 512 1524 547 r.

199 585 279 644 Quae
292 585 376 635 lectio
389 596 470 634 suam
488 582 574 634 habet
592 583 818 646 probabilitatem
835 585 1018 648 suggeritque
1033 583 1156 647 aliquem
1171 583 1322 648 aliquando
1336 587 1526 648 praecessisse

199 676 314 734 textum,
329 672 434 735 Moysis
446 672 480 723 de
494 672 593 722 eedem
608 685 637 722 re
649 671 735 723 verba
749 671 784 722 ad
800 671 895 722 Aaron
909 673 1026 735 eiusque
1040 670 1113 722 illios
1127 672 1232 724 directa
1248 673 1424 726 referentem.
1442 674 1527 724 Cete-

202 773 265 812 mm
277 763 399 812 incertae
411 761 527 811 lectioni
541 760 622 812 firma
636 761 779 812 conclusio
791 762 945 824 superstrui
960 763 1065 824 nequit.
1081 759 1122 812 cl.
1137 759 1228 810 Dittm.

241 911 323 998 Arp.
340 946 384 961 —
406 907 494 986 Quid
518 907 693 989 uunehee,
711 930 798 998 quae
813 909 961 975 hostiam
980 908 1203 996 pacificorum
1218 908 1458 988 comitabatur,
1475 933 1527 976 sa-

196 1014 329 1082 cerdoti
343 1014 493 1097 cederet,
515 1013 713 1082 dicebamus
732 1036 764 1081 v.
792 1021 832 1082 1t
855 1035 864 1081 :
887 1013 958 1080 iem
978 1013 1152 1094 doeemur,
1169 1013 1254 1104 quid
1270 1013 1377 1104 ipsius
1397 1017 1527 1083 hostiae

198 1121 423 1211 pacificorum
437 1114 485 1187 adv
501 1120 714 1188 sacerdotem
732 1118 999 1202 sacrificantem,
1018 1119 1102 1211 quid
1117 1119 1161 1187 ad
1178 1120 1369 1190 sacerdotes
1390 1124 1528 1188 univer·

198 1228 262 1294 sim
278 1227 493 1318 spectaverit.

243 1358 276 1401 ν.
303 1340 345 1402 28
367 1362 384 1395 c
405 1337 619 1423 Locutusque
636 1345 686 1400 est
704 1333 869 1400 Dominus·
888 1332 937 1399 ud
956 1337 1097 1422 Moysen
1121 1331 1236 1402 dicens
1251 1361 1268 1396 »
1291 1355 1298 1402 :
1318 1358 1349 1403 v.
1370 1341 1412 1400 29
1430 1364 1444 1394 ι(
1465 1339 1528 1400 Lo·

199 1463 303 1530 quere
321 1439 404 1529 filiis
425 1440 534 1507 lsrael
554 1438 671 1506 dicens
692 1462 704 1507 .·
723 1440 791 1522 Qui
804 1440 912 1528 offert
928 1439 1103 1506 uictimam
1121 1439 1348 1530 pacificorum
1361 1441 1525 1524 Domino,

200 1548 331 1637 offerat
349 1547 468 1637 [simul
490 1547 533 1634 et]
556 1545 779 1634 sucrificium,
799 1546 836 1632 [i.
861 1569 890 1612 e.
916 1545 1103 1613 libamento
1120 1545 1205 1633 eius]
1226 1574 1255 1613 n.
1273 1551 1412 1614 Textum
1425 1571 1528 1614 cona-

200 1661 253 1721 tus
271 1653 493 1743 interpreteri
512 1652 608 1722 Hier.
630 1675 652 1720 a
672 1675 753 1720 vero
775 1673 878 1720 sensu
904 1653 1028 1719 misere
1054 1653 1243 1736 aberravit3
1266 1652 1356 1719 nihil
1377 1653 1419 1722 de
1442 1654 1530 1720 libu-

199 1761 324 1828 mentis
345 1767 455 1827 textus
480 1759 596 1827 hebet.
619 1759 719 1850 Apud
741 1761 843 1826 Heer.
865 1759 915 1826 ita
933 1767 1030 1826 sonat
1052 1758 1211 1849 epodosis
1232 1779 1239 1826 :
1259 1759 1388 1846 asseret
1402 1760 1531 1827 dunelm

199 1889 301 1934 suum
313 1865 460 1934 Domino
472 1865 513 1933 de
527 1865 638 1933 hostia
649 1866 890 1955 pacificorum,
906 1866 967 1933 ubi
984 1871 1075 1932 reete
1090 1869 1146 1932 Ps.
1164 1867 1237 1932 lon.
1255 1866 1391 1956 supplet
1406 1866 1478 1956 ipse
1494 1868 1532 1934 iu

196 1995 346 2063 persono
360 1995 438 2056 seu,
454 1972 548 2062 quod
562 1973 667 2039 habet
675 1995 709 2038 v.
726 1980 782 2057 30,
801 2000 817 2036 «
834 1973 905 2039 suis
919 1971 1081 2039 manibus
1094 1999 1124 2037 n.
1141 1975 1215 2038 Non
1229 1979 1364 2061 poteret
1378 1971 1414 2039 id
1430 1974 1531 2040 alieri

199 2079 410 2147 demandare
431 2101 438 2148 :
462 2099 611 2167 aequum
628 2101 674 2146 sc.
699 2084 788 2162 erat,
809 2085 847 2146 ut
867 2078 914 2158 ie,
937 2079 995 2169 qui
1020 2077 1214 2146 convivium
1234 2079 1300 2144 hoc
1321 2099 1455 2145 sacrum
1482 2081 1532 2146 iu-

201 2191 386 2267 struxerat,
404 2189 472 2252 Deo
488 2185 559 2275 ipse
573 2185 767 2274 portionem
788 2185 943 2265 offerret,
967 2207 1038 2252 uon
1061 2184 1158 2250 alius.
1176 2189 1222 2251 En
1235 2184 1300 2252 hoc
1313 2183 1421 2271 igitur
1441 2191 1532 2251 textu

201 2293 342 2375 inferne,
360 2290 500 2381 quando
519 2291 555 2357 in
574 2313 611 2358 re
629 2289 878 2359 sacrificiorum
898 2313 971 2368 nou
988 2290 1148 2382 explicite
1164 2289 1366 2374 affirmetur,
1384 2291 1531 2359 offeren-

201 2405 271 2466 tem
295 2404 355 2465 eut
373 2396 584 2465 sacerdotem
602 2397 692 2487 ipsos
714 2395 848 2488 aliquid
864 2397 1017 2479 efficere,
1039 2419 1110 2464 non
1132 2396 1267 2465 excludi
1280 2397 1314 2464 vi
1334 2402 1458 2480 tentus,
1475 2421 1531 2465 eos

200 2505 239 2572 id
247 2505 382 2571 efficere
391 2504 569 2594 penatium
577 2503 742 2593 aliquem.
755 2506 816 2570 LX
815 2506 848 2569 X
853 2503 1015 2593 copulam
1025 2503 1157 2570 hubent
1165 2509 1244 2570 aute
1258 2519 1343 2568 narn
1356 2521 1363 2564 :
1374 2504 1441 2571 hec
1454 2528 1531 2593 snp-

201 2611 311 2702 posita
325 2611 487 2692 lectione,
502 2610 591 2677 duae
610 2616 779 2678 extremae
792 2632 824 2676 v.
845 2615 887 2676 29
902 2631 1002 2678 voces
1013 2615 1115 2676 erunt
1129 2608 1320 2677 trahendae
1336 2609 1380 2676 ad
1395 2632 1532 2677 versum

201 2722 420 2809 sequentem..
438 2740 472 2784 v.
498 2723 540 2785 30
566 2745 582 2778 «
615 2717 752 2784 Tenebit
774 2715 932 2783 erunibus
950 2715 1090 2805 uclipem
1109 2714 1239 2781 licetine
1264 2728 1296 2782 et
1319 2743 1334 2776 n
1361 2754 1405 2767 -
1430 2720 1528 2783 Hebe.

203 2846 280 2893 cum
296 2825 355 2913 (ei.
375 2824 582 2912 10,15)-«
599 2821 856 2913 pectusculum,
875 2822 1150 2911 cumquelambo]
1168 2821 1438 2890 oblutullomino
1455 2849 1533 2888 truil-

202 2931 395 3013 secrooerit,
410 2928 546 3015 [trudet]
557 2928 727 2996 sacerdoti
740 2957 770 2997 n,
785 2931 887 2995 Hebr.
901 2926 1047 3018 repetite
1062 2950 1142 2995 voce
1151 2928 1386 3018 pectusculum
1397 2932 1530 3019 pergit:

204 3035 299 3126 quod
306 3034 538 3126 separandum
549 3047 597 3102 est
609 3045 788 3124 tamquam
798 3033 913 3124 portio
924 3043 1052 3123 (nstin,
1063 3034 1107 3101 ci.
1125 3040 1183 3102 Ex.
1199 3040 1301 3116 39,Ἇὸ
1310 3035 1402 3124 sqq.)
1419 3058 1534 3100 cortem

204 3141 363 3209 Domino.
378 3163 411 3208 v.
426 3148 466 3208 31
480 3169 496 3202 κ
517 3141 585 3223 Qui
598 3139 749 3208 adolebit
764 3141 902 3230 adipem
916 3163 1017 3230 super
1029 3141 1158 3225 ultore,·
1169 3141 1407 3230 pectusculum
1419 3155 1534 3207 uectem

205 3249 269 3316 erit
282 3250 399 3315 Aaron
416 3260 449 3313 et
456 3246 612 3337 filiorum
627 3246 699 3314 eius
717 3276 751 3329 n,
766 3269 835 3315 non
849 3247 949 3314 unius
962 3253 1096 3314 tantum
1116 3247 1309 3315 sacerdotis.
1329 3270 1361 3314 v.
1379 3253 1422 3314 32
1437 3276 1452 3308 α
1470 3252 1533 3313 Αν-

204 3377 280 3424 mus
298 3383 314 3419 n
332 3393 376 3405 -
390 3355 434 3422 ci.
450 3375 540 3444 quae
550 3353 593 3420 ad
608 3359 665 3422 Ex.
684 3360 785 3435 een-2
799 3353 1056 3421 dicebamus-
1072 3381 1089 3415 u
1104 3376 1238 3444 quoque
1251 3353 1370 3422 deuter
1384 3353 1425 3420 de
1432 3354 1533 3444 pud-

202 3465 347 3553 sicorum
365 3460 487 3528 hostiis
506 3460 602 3527 cedet
617 3459 656 3528 in
673 3460 852 3551 primitius
871 3488 907 3542 n,
925 3481 984 3526 seu
996 3460 1109 3528 verius
1123 3460 1367 3550 impertionem
1388 3489 1404 3523 u
1421 3484 1532 3528 sciuer-

205 3569 294 3637 dotis
311 3597 341 3634 ».
361 3569 417 3650 Et,
434 3566 495 3659 qui
510 3567 670 3635 sacerdos
687 3567 913 3653 intelligatur,
930 3566 1076 3656 explicat
1098 3589 1131 3634 v.
1149 3573 1191 3634 33
1216 3589 1224 3637 :
1243 3595 1259 3630 c
1288 3567 1356 3650 Qui
1375 3569 1533 3634 obtuderit

206 3675 412 3765 ,sanquinem
428 3687 460 3741 et
478 3672 636 3763 adipem,
652 3673 808 3763 filiorum
822 3675 955 3754 Aaron,
983 3671 1055 3762 ipse
1075 3672 1209 3739 hebebit
1223 3686 1256 3739 et
1270 3696 1404 3740 uentum
1419 3674 1532 3739 (leute-

204 3804 281 3847 rum
294 3781 332 3847 in
346 3781 504 3871 portione
514 3803 580 3847 stra
591 3808 621 3846 n.
639 3802 670 3847 v.
693 3785 734 3846 aa
751 3807 768 3840 «
783 3778 1021 3846 Pectusculum
1034 3779 1126 3845 enim
1137 3780 1332 3847 elevationis
1348 3793 1380 3846 et
1397 3803 1532 3846 arritum

205 3887 434 3977 separationis
448 3887 515 3954 tuli
532 3911 555 3953 u
570 3886 655 3976 filiis
672 3885 779 3954 lsrael
793 3884 833 3952 de
853 3884 973 3952 bestiis
987 3908 1105 3952 eorum
1121 3885 1297 3975 pacifice,
1318 3897 1349 3952 et
1369 3885 1450 3952 dedi
1464 3889 1531 3952 Λα-

205 4017 269 4061 ron
286 3991 456 4060 sacerdoti
477 4006 510 4060 et
527 3994 613 4084 filiis
636 3992 709 4060 eius
727 3991 799 4082 Iepe
817 4005 1000 4082 perpetuo,
1021 3994 1063 4057 ub
1088 3992 1206 4078 [omni]
1224 3992 1357 4083 populo
1376 3994 1482 4059 lsi-uel
1497 4018 1527 4058 n.

205 4100 354 4168 Verbum
380 4099 517 4167 rediens
536 4100 580 4167 ad
595 4099 745 4190 primum
759 4121 848 4189 pers.
866 4097 955 4185 sing.
974 4105 1007 4166 et
1025 4100 1217 4166 orationem
1234 4103 1441 4167 connectens
1457 4123 1534 4166 cuni

174 4260 178 4271 ,
205 4207 262 4273 Dei
278 4205 416 4296 eloquio
437 4229 470 4274 v.
495 4213 539 4273 29
560 4206 675 4273 innuit
697 4228 790 4288 eom,
812 4227 901 4295 quae
920 4228 953 4272 v.
975 4211 1017 4273 28
1031 4205 1224 4296 inceperat,
1242 4229 1274 4272 v.
1293 4212 1335 4274 at
1359 4195 1535 4273 terminari

205 4311 402 4403 pericopen.
425 4312 538 4379 Pontio
557 4313 682 4380 Aaroui
701 4316 735 4379 et
756 4311 834 4378 filiis
853 4312 1027 4399 assignate
1049 4317 1098 4378 esi
1117 4334 1138 4379 a
1163 4334 1323 4401 suprema
1339 4313 1398 4380 [lei
1417 4321 1533 4380 aucte-

206 4419 322 4500 ritete‚
343 4420 419 4506 lege
442 4424 610 4510 perpetua
632 4425 665 4486 et
681 4419 867 4487 universali
895 4440 903 4486 :
924 4419 989 4484 erit
1009 4440 1091 4506 ergo
1110 4418 1257 4486 fideliter
1270 4423 1303 4490 et
1316 4419 1472 4507 religiose
1489 4420 1532 4486 ub

206 4525 366 4594 omnibus
383 4523 576 4615 pendenda.

250 4654 282 4698 v.
307 4637 347 4700 31
370 4632 472 4699 lectio
490 4633 583 4698 LXX
599 4635 677 4722 Syr.
705 4647 815 4726 :ripen
830 4653 894 4721 pro
908 4645 1025 4725 impul
1045 4631 1214 4719 originem
1234 4632 1330 4701 duxit
1348 4639 1408 4700 aut
1425 4657 1463 4698 ex
1479 4657 1531 4699 ea-

207 4760 285 4806 rum
305 4760 428 4831 vocum
448 4737 691 4819 similitudine,
712 4743 771 4805 eut
791 4761 831 4805 ex
854 4738 1036 4808 recentiori
1057 4738 1175 4828 eliqua
1197 4739 1412 4808 secerdotum
1436 4740 1532 4828 praxi
