3534 5384
205 323 265 382 isa
690 343 727 385 aa
749 341 889 387 aserere
909 343 940 386 rs
962 341 1053 388 sium.

206 472 324 539 omnia
335 473 406 563 ipse
421 475 591 558 contueri,
607 480 640 541 et
653 475 697 541 ab
713 475 873 543 omnibus
884 476 986 544 facile
1001 475 1150 565 conspici
1165 480 1288 564 posset.
1303 499 1333 544 v.
1352 483 1393 543 10
1410 500 1427 540 a
1443 479 1537 545 Fecit

209 583 324 660 losue,
340 592 377 645 ut
393 580 526 648 locutus
536 592 610 648 erat
626 585 774 671 Moyses,
790 595 823 648 et
832 581 1004 672 pupnaut't
1022 593 1140 649 contro
1155 582 1295 650 Amalec
1300 604 1313 668 ;
1329 585 1461 672 Moyses
1478 607 1538 651 art·

210 699 276 753 tent
291 697 323 751 et
336 688 454 752 Aaron
470 699 503 753 et
516 690 594 753 Hur
607 687 834 755 ascenderunt
844 711 944 778 semer
959 689 1115 756 verticem
1131 688 1226 755 collis
1243 717 1273 755 a.

242 851 301 898 lior
314 851 383 900 satis
397 850 577 913 probabiliter
589 851 640 901 lor.
660 850 763 919 (Antiq.
781 852 832 904 iii.
849 851 873 919 6)
891 852 1011 904 eundem
1025 866 1088 904 esse
1102 854 1265 916 pronuntiat
1283 859 1367 918 atque
1382 866 1465 904 avum
1482 855 1537 906 Be·

212 939 300 988 seleel
317 937 446 1004 artificis,
460 938 548 989 filium
568 939 668 1002 Galen,
687 940 737 990 snit
757 941 880 1002 Hesron,
897 940 947 991 filii
967 941 1087 1004 Pharos,
1101 940 1150 991 filii
1170 941 1239 991 luda
1257 955 1264 990 z
1280 941 1332 992 Ex.
1347 941 1424 1004 31‚2;
1440 942 1535 1006 35,3o;

210 1026 290 1087 3831
298 1041 305 1088 ;
326 1028 335 1077 1
361 1027 424 1077 Par.
441 1028 514 1089 219.
532 1028 580 1096 5⁰3
598 1028 652 1090 i,i.
669 1028 728 1090 432
748 1030 811 1080 Par.
834 1030 890 1091 t,5.
908 1030 971 1091 Quo
994 1032 1054 1081 iure
1074 1030 1194 1081 eundem
1213 1033 1344 1081 maritum
1364 1029 1461 1082 lecerit
1481 1031 1537 1082 Ma·

219 1117 292 1176 riae,
308 1117 413 1166 sororis
434 1116 552 1180 Moysis,
570 1119 732 1168 nescimus:
748 1117 823 1183 quod
843 1121 868 1169 si
892 1119 1035 1180 admittas,
1052 1119 1168 1170 habebis
1188 1117 1276 1181 Moysi
1299 1119 1443 1170 adstantes
1462 1121 1538 1171 viros

212 1203 283 1253 duos
297 1217 365 1267 prae
376 1207 476 1255 ceteris
490 1205 531 1256 illi
541 1208 662 1258 maxime
673 1210 862 1268 necessarios,
878 1207 992 1258 tratrem
1007 1211 1035 1258 et
1045 1220 1189 1271 generum.
1203 1209 1282 1258 Alius
1292 1209 1334 1257 vir
1347 1209 1469 1259 nominis
1479 1209 1539 1260 Hur

216 1292 335 1344 habetur
349 1292 365 1342 2
380 1293 459 1344 Esdr.
477 1294 537 1355 3,9;
554 1297 677 1360 itemque
695 1308 746 1346 rex
759 1296 974 1346 Madianitarum
993 1296 1076 1347 Num.
1096 1296 1174 1358 31‚8;
1195 1297 1251 1348 ios.
1269 1296 1358 1356 tuti.
1373 1297 1538 1349 -Natales

219 1393 267 1430 cur
283 1383 454 1432 reticeantur
472 1382 555 1434 losue
571 1383 677 1445 etHur,
690 1383 725 1434 cl.
743 1397 815 1449 quae
831 1384 1052 1448 suggerebamus
1062 1399 1089 1448 p.
1107 1385 1140 1434 37
1156 1397 1199 1449 sq.
1218 1400 1230 1433 a
1247 1385 1333 1435 Filius
1352 1385 1417 1436 Nun
1429 1400 1440 1433 r
1453 1399 1538 1436 voca·

223 1474 267 1518 tur
290 1469 371 1520 losue
392 1473 514 1535 primum
537 1471 614 1533 3:3‚11
638 1479 703 1536 post
725 1473 908 1539 interemptos
931 1474 1091 1524 sacerdotes
1114 1475 1225 1536 pristini
1247 1473 1362 1524 ordinis.
1381 1473 1442 1524 liur
1460 1474 1537 1536 31,2;

222 1550 302 1618 38,ἳῖ
324 1559 488 1622 simpliciter
507 1561 608 1612 dicitur
624 1577 636 1608 ι
653 1561 687 1612 de
708 1560 780 1612 tribu
799 1561 867 1613 luda
883 1577 908 1610 r.
923 1561 1029 1613 Neuter
1048 1574 1117 1612 suae
1141 1561 1229 1612 tribus
1252 1564 1381 1626 princeps
1402 1568 1476 1624 erat,
1490 1562 1540 1614 sod

215 1645 298 1697 iosue
312 1649 442 1699 scribitur
456 1647 596 1700 Elisamae
607 1662 710 1715 nepos,
724 1654 772 1715 qui
787 1654 847 1715 ipse
861 1653 991 1716 princeps
1005 1655 1065 1702 erat
1082 1652 1170 1702 tribus
1185 1649 1318 1714 Ephraim
1333 1651 1427 1714 (Nun).
1445 1649 1517 1716 1,10)
1532 1666 1538 1700 :

208 1737 253 1783 vir
268 1735 316 1786 iile
335 1739 429 1787 senior
447 1738 557 1789 videtur
570 1741 695 1790 consiliis
714 1742 802 1791 tribus
815 1739 985 1804 praefuisse,
1004 1741 1070 1792 dum
1085 1742 1176 1790 iunior
1190 1740 1273 1791 tribui
1293 1740 1419 1803 praeibat
1438 1740 1473 1790 ad
1488 1754 1541 1803 pu·

215 1837 300 1886 gnam
313 1824 374 1891 (Ex.
394 1827 454 1887 17,9
470 1825 553 1895 sqq).
569 1827 629 1878 Hur
642 1831 779 1891 originem
794 1829 909 1880 duxisse
923 1829 1052 1880 scribitur
1066 1830 1100 1879 ab
1116 1829 1236 1891 Hesron,
1251 1832 1354 1893 nepote
1369 1829 1469 1889 lutiam
1485 1841 1541 1879 non

196 1920 199 1944 ²
220 1917 314 1963 tamen
328 1914 363 1964 ab
379 1914 516 1966 Hesronis
534 1914 593 1968 filio
613 1922 681 1968 natu
700 1920 805 1970 maiore
824 1919 909 1981 Ram,
926 1920 1004 1969 cuius
1023 1931 1111 1982 nepos
1132 1918 1281 1969 Nahasson
1303 1917 1397 1982 (Num.
1416 1914 1466 1984 i,'t)
1483 1923 1543 1969 erat

217 2003 348 2066 princeps
362 2005 450 2054 tribus
465 2005 543 2067 Iuda,
558 2007 607 2056 sed
622 2007 656 2056 ab
672 2007 806 2057 Hesronis
820 2007 878 2057 lilio
894 2010 1000 2058 minore
1015 2006 1101 2059 Caleb
1116 2008 1139 2069 (i
1158 2007 1222 2058 Par.
1237 2007 1281 2068 ts
1297 2003 1381 2072 sqq).

259 2156 290 2209 v.
311 2149 378 2210 11«
394 2146 549 2232 Cumque
563 2144 689 2211 leuaret
704 2149 837 2235 Moyses
849 2169 973 2214 ritanus
986 2173 1017 2228 n,
1033 2183 1078 2198 —
1092 2145 1184 2212 solus
1198 2147 1300 2212 Hebr.
1317 2166 1330 2210 .·
1345 2165 1487 2212 manum
1499 2181 1543 2194 -

218 2278 234 2313 «
247 2249 403 2317 eirtcebat
418 2250 543 2336 Israel;
554 2251 607 2317 sin
617 2265 732 2318 crutam
743 2251 950 2341 [puellulam]
959 2252 1154 2332 renumeret,
1166 2255 1347 2342 superabat
1356 2250 1496 2318 Amalec
1511 2279 1541 2318 a.

221 2380 254 2422 v.
277 2363 317 2422 12
334 2383 351 2417 a
372 2360 497 2424 ilarius
516 2370 630 2424 autem
645 2359 758 2448 Moysi
772 2372 869 2425 erant
888 2382 1009 2448 praees
1031 2387 1062 2441 »‚
1078 2359 1187 2426 factae
1203 2363 1282 2426 sunt
1298 2379 1420 2446 graves
1439 2378 1447 2425 ε
1468 2357 1545 2448 quis

225 2462 319 2529 enim
337 2461 474 2550 integro
494 2464 549 2531 die
564 2486 687 2531 manus
708 2471 860 2532 extentas
878 2468 1010 2532 servet?
1029 2492 1045 2528 a
1068 2467 1247 2534 Sumentas
1267 2464 1375 2554 iqitur
1394 2462 1545 2554 lapidem

224 2582 414 2658 posuerunt
428 2572 542 2637 subter
554 2593 643 2655 erint,
666 2571 704 2637 ia
719 2593 785 2661 quo
800 2569 906 2657 sedit;
919 2574 1036 2638 Aaron
1048 2584 1164 2639 uectem
1182 2584 1214 2639 et
1225 2573 1544 2638 Hursustantabant

221 2697 345 2742 moratu
357 2678 429 2742 eius
445 2699 488 2742 ex
502 2688 648 2767 utraque
656 2691 770 2767 porte.
787 2679 831 2744 Et
844 2678 981 2766 facttun
1001 2691 1064 2763 est,
1088 2691 1126 2744 ut
1141 2701 1264 2745 marcus
1281 2677 1377 2744 iliius
1389 2699 1459 2743 non
1475 2677 1543 2744 lus·

223 2796 380 2850 serentur
403 2782 575 2874 usquead
589 2806 745 2850 occasum
759 2783 840 2850 solis
856 2813 886 2852 ».
904 2807 937 2852 v.
954 2792 993 2851 13
1011 2812 1027 2846 α
1046 2784 1262 2875 Fuquvitque
1275 2787 1371 2850 Iosue
1385 2783 1540 2870 Amalec,

217 2901 250 2954 et
259 2890 430 2980 populum
447 2890 682 2970 crusinam»,
699 2893 736 2957 in
747 2893 819 2958 acie
836 2921 852 2952 ν
866 2891 980 2979 piasti
995 2919 1024 2959 ».
1041 2913 1073 2957 v.
1096 2895 1136 2956 ii
1155 2920 1169 2950 α
1189 2890 1288 2957 Dicit
1299 2904 1414 2958 autem
1431 2889 1546 2956 Domi·

218 3019 284 3062 nus
304 2995 353 3063 ad
373 3000 515 3086 Aloysea
537 3019 550 3062 .·
572 2997 688 3064 Scribe
708 2997 770 3064 ltoc
796 3000 835 3064 ab
861 3011 1169 3078 coronamentum»,
1196 3027 1211 3059 a
1237 2997 1273 3063 in
1297 2996 1499 3064 memoriam
1526 3023 1541 3054 a

226 3102 392 3192 (Bonfr.)‚
413 3130 428 3163 «
451 3103 485 3168 in
503 3103 588 3169 libro
603 3115 636 3170 et
650 3103 747 3171 trade
765 3103 905 3170 uteribus
924 3106 1022 3170 losue
1042 3127 1054 3169 :
1074 3103 1189 3170 delebo
1212 3103 1326 3193 [arcina]
1342 3091 1545 3170 ‘memoriam

225 3209 364 3275 Ama‘lec
378 3207 439 3275 sub
455 3209 546 3276 coelo
567 3237 597 3275 ».
616 3210 840 3277 scribendam
857 3217 973 3277 censet
991 3209 1063 3277 Coi.
1086 3232 1160 3276 rern
1174 3214 1322 3296 gestam,
1339 3209 1544 3277 tradendam

219 3314 361 3382 auribus
382 3321 477 3383 losue
499 3315 652 3383 divinam
674 3316 716 3384 de
738 3316 895 3384 delendis
915 3316 1109 3383 amalecitis
1128 3316 1447 3398 comminationem;
1471 3335 1543 3382 rem

223 3427 354 3508 gestam
367 3422 476 3504 enim,
491 3422 618 3512 inquit,
635 3429 731 3490 losue
743 3423 872 3513 oppido
881 3429 983 3490 norat
992 3445 1104 3512 neque
1115 3431 1199 3504 erat,
1213 3443 1274 3490 eur
1287 3421 1318 3489 ei
1330 3415 1541 3488 narraretur.

217 3527 333 3595 llelius
352 3531 472 3618 Bonsr.
496 3534 625 3612 censet,
652 3536 836 3621 utrumque
859 3529 1003 3597 verbum
1024 3530 1068 3598 ad
1089 3551 1192 3596 unam
1212 3529 1334 3595 referri
1358 3528 1544 3595 commina-

218 3634 359 3701 tionem.
372 3635 472 3701 Liber
483 3635 629 3703 articulo
640 3643 733 3704 earet
745 3636 837 3727 apud
847 3640 908 3704 LX
908 3639 948 3723 Χ,
966 3634 1149 3704 articulum
1159 3635 1265 3702 habet
1282 3634 1374 3724 apud
1388 3637 1512 3702 Alosor.
1531 3654 1544 3698 .·
1574 3631 1579 3639 “

224 3743 411 3809 secundum
430 3742 493 3808 hos
511 3742 580 3809 iam
604 3742 782 3810 exsistebat
799 3743 890 3813 liber
908 3742 1047 3834 aliquis,
1066 3750 1148 3833 puta
1169 3741 1270 3836 Liber
1287 3745 1473 3822 iustorum;
1496 3761 1545 3806 se-

222 3848 372 3916 cundum
391 3846 469 3915 iilos
482 3850 644 3935 generale
662 3847 765 3916 detur
778 3849 953 3916 scribendi
968 3849 1181 3916 mandatum.
1200 3852 1355 3914 Ceterum
1376 3870 1415 3914 ex
1432 3845 1545 3913 verbis

220 3955 394 4044 probabili
414 3954 609 4023 coniectura
630 3955 825 4038 inferimus,
848 3956 1060 4024 consuevisse
1083 3955 1150 4022 iam
1173 3959 1246 4022 tum
1267 3953 1361 4043 apud
1377 3952 1545 4020 Hebraeos

220 4061 339 4152 aliqua
361 4062 495 4152 scriptis
516 4061 685 4129 mandari.
707 4067 821 4151 Neque
840 4062 877 4128 id
897 4062 1040 4146 mirum,
1065 4060 1157 4151 quod
1172 4060 1341 4148 Aegyptii,
1365 4058 1544 4146 Babylonii

218 4167 404 4259 pluresque
423 4169 523 4235 Asiae
546 4170 726 4235 anterioris
744 4170 818 4236 eius
839 4170 914 4234 aevi
935 4168 1055 4258 populi
1079 4175 1149 4234 tam
1169 4167 1275 4234 multa
1299 4166 1398 4233 nobis
1417 4164 1544 4255 scripta

225 4273 436 4363 reliquerint.
459 4298 492 4340 v.
517 4281 589 4342 15«
614 4275 884 4365 Aedificooiique
898 4278 1031 4364 Moyses
1051 4274 1159 4340 altare
1179 4301 1208 4358 ν,
1227 4277 1260 4339 et
1277 4274 1348 4340 sine
1365 4271 1471 4339 dubio
1491 4293 1544 4337 sa-

228 4380 393 4447 crificium
412 4381 523 4447 inille
541 4381 679 4464 obtulit,
697 4412 712 4442 a
732 4394 764 4449 et
779 4382 911 4448 uocauit
929 4380 1138 4448 nomenoius
1155 4379 1348 4446 :Dominus
1366 4377 1543 4444 Enattatio

220 4509 310 4567 meu,
327 4485 443 4553 dicem·
455 4515 471 4548 a
489 4511 497 4556 :
512 4511 544 4555 v.
564 4495 605 4555 16
621 4517 636 4551 a
655 4489 745 4569 eria
756 4511 879 4554 erarius
894 4486 1136 4567 saltationum,
1152 4498 1184 4553 et
1195 4485 1317 4552 bellum
1330 4483 1544 4550 Donrinierit

219 4605 340 4659 eontra
355 4594 511 4675 Amalec,
527 4617 548 4660 a
565 4595 786 4682 peroratione
802 4595 836 4660 iu
852 4594 1108 4683 perterritionem
1132 4622 1161 4660 r.

250 4783 296 4832 to:
311 4782 379 4831 i'tii'ti
396 4786 403 4830 ζ
420 4783 478 4832 rto:
500 4776 733 4841 significationem
755 4777 840 4826 habet
857 4774 1015 4834 attollendi,
1030 4789 1047 4824 a
1066 4788 1121 4838 qua
1139 4775 1264 4836 legitime
1285 4774 1448 4824 derivantur
1464 4769 1543 4822 exat-
