3534 5384
461 445 602 491 taurona
624 445 759 492 ttostict
782 447 1001 492 intumescitis
1024 445 1215 492 eburneam.
1467 434 1507 494 25

171 577 308 665 legibus
327 578 543 668 patriarchae
562 578 726 660 vixerint,
748 580 822 666 lege
843 578 996 646 Exodum
1017 585 1052 645 et
1075 578 1278 657 Leviticum;
1303 581 1332 646 si
1351 582 1503 668 quaeris,

172 707 241 774 quo
259 684 329 751 ritu
353 706 449 752 sacra
474 684 636 762 fecerint,
659 685 798 752 consule
822 691 898 752 Lev.
930 691 1001 752 t-v.
1020 689 1150 752 Novum
1170 687 1403 753 sanctuarium
1426 709 1505 755 cum

170 813 260 859 novo
279 790 492 858 sacerdotum
512 791 634 858 ordine
655 791 755 858 lahvc
775 813 864 858 novo
883 791 1025 858 nomine
1039 790 1269 881 appellandus
1287 791 1353 859 sihi
1369 815 1507 882 compa-

172 897 274 976 ravit3
293 896 507 965 memorialia
532 896 703 988 quaedam
725 903 964 988 portentorum
985 897 1021 964 in
1046 903 1200 986 Aegypto
1221 897 1386 966 lectorum
1410 898 1507 966 insti-

174 1005 261 1072 tuit:
281 1003 324 1070 de
338 1009 451 1074 cetero
464 1004 570 1071 ritum
582 1025 736 1086 sacrum,
757 1004 852 1091 leges
869 1004 986 1070 civiles
1000 1009 1034 1071 et
1049 1004 1194 1071 morales
1209 1002 1363 1072 retinuit.

208 1185 290 1236 Unde
301 1186 386 1248 plana
399 1198 431 1237 sc
445 1185 526 1236 oiiert
538 1186 643 1236 solutio
658 1185 845 1247 difficultatis,
863 1199 935 1250 quae
949 1186 1077 1249 pluriims
1091 1187 1152 1237 visa
1169 1188 1212 1236 est
1225 1187 1394 1250 gravissima
1409 1200 1416 1238 :
1432 1187 1510 1249 leges

175 1272 326 1326 Sinalticae
345 1275 421 1324 totae
440 1276 562 1338 quantae
583 1280 744 1339 supponunt
762 1274 895 1339 poputum
913 1288 1042 1338 aprorum
1063 1274 1191 1323 cultorem
1208 1288 1216 1323 .·
1234 1273 1271 1326 01.
1287 1277 1355 1326 anni
1377 1274 1512 1326 sabbatici

173 1363 341 1422 institutum,
358 1363 432 1426 quod
446 1361 496 1412 Ex.
514 1362 578 1422 ibi
591 1369 685 1413 cotum
700 1365 876 1428 supponitur.
892 1363 997 1414 Verum
1014 1362 1134 1414 Hebraei
1145 1365 1174 1412 in
1190 1364 1319 1428 Aegypto
1334 1365 1362 1414 et
1378 1362 1511 1415 chanaa-

173 1450 260 1501 nitide
274 1443 415 1514 agricolae
434 1463 491 1501 non
505 1451 630 1511 inerant,
646 1451 696 1502 sed
715 1453 853 1516 pastores.
867 1451 1051 1515 Respondeo,
1068 1434 1212 1502 Hebraeos
1227 1454 1283 1502 tam
1300 1453 1329 1502 in
1350 1450 1512 1503 chanaani-

172 1538 229 1590 tide
243 1552 327 1604 quam
347 1541 376 1589 in
396 1541 525 1604 Aegypto
542 1545 670 1591 versatos
689 1553 751 1591 esse
770 1541 984 1604 peregrinorum
998 1542 1087 1591 instar
1106 1545 1135 1590 et
1148 1545 1293 1604 tamquam
1307 1543 1337 1590 in
1356 1545 1433 1590 terra
1452 1553 1510 1591 non

173 1641 234 1678 sua.
250 1627 272 1677 Ε
287 1630 377 1693 patria
391 1627 508 1692 proiecti
523 1632 603 1680 erant
621 1629 776 1692 Babylonia
793 1629 822 1679 et
843 1630 960 1692 regione
982 1628 1074 1686 Eden,
1090 1629 1129 1678 ibi
1148 1641 1232 1692 agros
1252 1630 1413 1689 coluerant,
1429 1630 1510 1692 leges

174 1718 249 1766 nacti
264 1719 358 1778 erant,
374 1729 446 1780 quas
460 1717 518 1768 alta
532 1721 626 1768 mente
640 1717 791 1769 servabant
804 1719 846 1778 et,
859 1719 994 1782 quantum
1011 1720 1139 1781 tempora
1153 1717 1294 1779 terebant,
1311 1717 1508 1777 observabant,

172 1803 262 1855 donec
280 1806 309 1855 in
327 1817 430 1855 novam
444 1807 611 1869 promissam
629 1807 749 1871 patriam
765 1808 894 1869 segetum
907 1806 1030 1857 leracem
1048 1806 1224 1857 devenirent.
1242 1805 1401 1870 Sperabant
1415 1809 1510 1857 autem

172 1888 204 1942 se
217 1893 295 1943 brevi
309 1907 342 1945 eo
353 1894 533 1955 deventuros,
547 1894 598 1945 scd
607 1895 643 1946 ob
657 1907 710 1946 sua
719 1897 834 1958 peccata
843 1894 951 1945 detenti
966 1897 1032 1944 sunt
1046 1895 1076 1944 in
1091 1894 1202 1945 deserto
1215 1895 1403 1958 quadraginta
1416 1896 1508 1945 annis.

173 1981 205 2034 Si
222 1982 301 2046 leges
314 1996 331 2033 a
343 1981 438 2046 Moyse
457 1995 600 2048 supponas
614 1996 677 2034 esse
693 1984 767 2034 latas
785 1997 885 2045 noces,
901 1983 998 2047 plures
1017 1984 1047 2033 tn
1066 1983 1179 2034 deserto
1193 1996 1251 2034 non
1265 1985 1395 2048 poterant
1413 1984 1511 2034 obser-

173 2072 232 2120 vari
249 2071 299 2121 :in
315 2084 390 2122 nova
403 2072 497 2122 autem
510 2071 588 2134 lege,
605 2072 635 2122 ni
649 2073 745 2122 omnia
763 2072 846 2124 simul
865 2073 1060 2131 observentur,
1076 2071 1286 2122 contunduntur
1304 2073 1411 2123 omnia.
1427 2071 1510 2122 Aliud

174 2162 230 2219 est,
245 2159 270 2210 st
288 2164 389 2223 agatur
406 2160 442 2211 de
460 2161 524 2224 lege
538 2165 649 2218 vetere,
666 2173 684 2210 a
696 2160 824 2224 patribus
838 2161 951 2211 tradita.
969 2160 1046 2211 Haec
1059 2160 1173 2224 plenam
1187 2166 1284 2211 serrat
1303 2161 1509 2218 auctoritatem,
1603 2199 1609 2210 .

174 2250 226 2299 etsi
240 2249 335 2314 aliqua
349 2249 410 2300 eius
422 2261 489 2314 pars
498 2249 534 2299 ad
546 2253 655 2312 tempus
670 2249 815 2300 observari
828 2253 964 2313 nequeat.

541 2455 572 2515 7.
595 2448 710 2516 Exodi
725 2461 757 2516 et
771 2448 918 2516 Levitici
932 2449 1144 2540 interpretes.

220 2636 552 2703 Commentariorum
566 2636 749 2705 elenchum
767 2636 874 2703 tradit
889 2639 930 2703 11.
951 2635 1098 2726 Comely
1118 2658 1131 2702 .·
1157 2636 1323 2703 Historica
1343 2643 1376 2704 et
1395 2635 1514 2704 critica

175 2741 384 2810 introductio
399 2742 435 2808 in
452 2747 488 2810 U.
505 2747 540 2810 T.
557 2742 665 2809 libros
678 2763 792 2809 sacros
810 2746 851 2809 11.
871 2748 902 2810 1.
926 2748 987 2834 161
1004 2765 1100 2832 sqq,
1119 2744 1223 2810 Paris.
1242 2747 1341 2811 1887.
1360 2741 1514 2810 Erodum

175 2853 211 2914 ct
221 2847 407 2916 Leviticum
420 2850 638 2916 commentati
654 2853 734 2915 sunt
747 2854 905 2916 auctores
919 2849 1023 2936 longe
1037 2851 1217 2939 pauciores
1229 2870 1336 2938 quam
1349 2848 1512 2926 Genesim

176 2975 297 3020 eorum
322 2955 439 3045 plures
457 2977 585 3045 paucas
605 2955 739 3045 aliquas
760 2955 977 3045 quaestiones
1000 2955 1107 3023 fusius
1129 2954 1342 3039 tractabant,
1371 2955 1514 3043 reliquis

176 3067 237 3127 aut
250 3061 383 3128 omissis
398 3066 458 3129 aut
473 3062 624 3130 breviter
642 3060 818 3152 expeditis.
837 3065 903 3130 Nos
918 3083 1057 3144 eorum,
1075 3084 1162 3152 quos
1182 3061 1401 3151 frequentius
1416 3060 1515 3128 adhi-

177 3165 325 3257 bitisque
344 3167 662 3236 abbreviationibus
681 3167 891 3257 quibusdam
909 3167 1072 3249 citamus,
1091 3168 1125 3234 h.
1148 3168 1173 3235 l.
1191 3169 1333 3234 nomina
1357 3172 1391 3234 et
1412 3188 1516 3257 opera

177 3271 415 3357 describimus;
442 3275 593 3365 reliquos
616 3275 652 3340 iu
676 3296 781 3364 opere
804 3275 879 3364 ipso
904 3275 972 3342 suis
993 3273 1079 3341 locis
1100 3273 1174 3342 sinc
1196 3272 1516 3342 abbreviationibus

177 3379 368 3448 citabimus.
390 3381 594 3449 Auctoribus
618 3381 871 3469 antiquioribus
895 3379 1123 3448 adscribimus
1148 3387 1282 3448 tomum
1307 3379 1518 3447 collectionis

179 3485 308 3575 Mipne.

179 3649 334 3702 Theodoret.
349 3665 358 3700 .·
376 3651 562 3712 Quaestiones
574 3653 603 3700 in
615 3650 744 3701 Exodum
764 3654 792 3700 et
807 3650 965 3702 Leviticum
976 3651 1010 3700 11.
1027 3651 1070 3700 80.
1085 3649 1136 3700 115
1151 3663 1214 3714 sqq.

178 3741 254 3790 Prot.
273 3753 281 3789 .·
298 3739 429 3804 Procopii
445 3734 547 3791 Gazaei
558 3739 786 3791 Commentarius
800 3740 829 3790 in
841 3737 893 3788 Ex.
908 3741 936 3790 et
951 3739 1020 3790 Lev.
1037 3739 1071 3790 Μ.
1083 3738 1116 3788 87
1129 3752 1154 3790 a.
1168 3738 1217 3789 511
1230 3751 1293 3804 sqq.

178 3828 290 3892 Hespcb.
305 3841 313 3876 :
328 3828 460 3892 Hesychii
476 3828 613 3879 Hierosol.
630 3827 862 3880 Commentarius
876 3829 905 3877 in
921 3828 989 3878 Lev.
1007 3828 1041 3877 it.
1058 3827 1102 3877 93.
1115 3827 1166 3877 787
1180 3840 1245 3890 sqq.
1332 3894 1335 3904 Ι

179 3919 246 3981 inp.
264 3931 272 3967 .·
290 3917 319 3968 S.
336 3918 485 3982 Augustini
503 3917 689 3976 Quaestiones
702 3918 732 3966 in
748 3907 972 3981 Heptateuchum
991 3917 1026 3966 11.
1043 3916 1087 3967 at.
1100 3917 1151 3966 597
1165 3928 1230 3979 sqq.
1252 3914 1451 3977 intelliguntur
1464 3913 1518 3965 hac

215 4007 413 4069 Quaestionem,
427 4007 537 4070 quoties
550 4019 608 4056 non
626 4005 792 4056 adscribitur
810 4005 926 4055 alterius
944 4005 1008 4055 iibri
1030 4006 1065 4055 ab
1084 4004 1184 4055 eodem
1204 4003 1235 4054 S.
1263 4003 1297 4054 D.
1313 4002 1462 4066 conscripti
1481 4005 1519 4052 ti·

217 4095 307 4146 tulna.

182 4183 300 4248 Wclcir.
317 4198 325 4232 :
340 4183 488 4234 Walairidi
505 4183 651 4234 Strabonis
665 4183 765 4234 Glossa
777 4182 920 4232 ordinaria
934 4183 967 4230 11.
985 4181 1044 4231 113.
1061 4181 1108 4230 183
1127 4194 1189 4244 sqq.

180 4272 254 4335 liupo
270 4286 279 4320 .·
295 4272 424 4335 lingonis
443 4285 461 4322 a
484 4271 513 4322 S.
527 4271 641 4322 Victore
665 4272 871 4322 annotationes
890 4269 1089 4321 elucidatoriae
1110 4271 1140 4319 in
1164 4267 1376 4319 pentateuchon
1399 4268 1433 4317 11.
1456 4267 1516 4317 115.

215 4359 277 4410 dis
319 4397 325 4410 .

180 4449 247 4514 iiop.
273 4373 428 4514 :quuperti
449 4448 601 4524 Tuitiensis
623 4449 688 4499 libri
720 4449 761 4500 Dc
791 4448 929 4499 Trinitate
948 4449 976 4498 et
995 4447 1126 4511 operibus
1149 4448 1210 4497 eius
1230 4446 1263 4495 11.
1294 4445 1352 4497 167.
1376 4444 1426 4495 565
1453 4458 1517 4508 sqq.

227 4604 404 4673 Accedunt
420 4627 429 4673 ι

181 4786 273 4849 Bonfr.
292 4801 300 4835 :
318 4787 338 4836 1.
361 4785 499 4838 Bonirerii
524 4787 552 4838 S.
575 4788 596 4836 1.
619 4786 824 4838 pentateuchus
847 4785 951 4848 Moysis
973 4783 1176 4835 commentario
1199 4782 1370 4845 illustratus,
1389 4781 1519 4830 111111101-

220 4876 285 4939 piae
302 4875 379 4926 1615.
