<?xml version="1.0" encoding="UTF-8"?>
<!DOCTYPE html PUBLIC "-//W3C//DTD XHTML 1.0 Transitional//EN"
    "http://www.w3.org/TR/xhtml1/DTD/xhtml1-transitional.dtd">
<html xmlns="http://www.w3.org/1999/xhtml" xml:lang="en" lang="en">
 <head>
  <title>
</title>
<meta http-equiv="Content-Type" content="text/html;charset=utf-8" />
  <meta name='ocr-system' content='tesseract 3.04.00' />
  <meta name='ocr-capabilities' content='ocr_page ocr_carea ocr_par ocr_line ocrx_word'/>
</head>
<body>
  <div class='ocr_page' id='page_1' title='image "./commentariusine00hummgoog/commentariusine00hummgoog_0337.png"; bbox 0 0 3534 5384; ppageno 0'>
   <div class='ocr_carea' id='block_1_1' title="bbox 559 354 2421 413">
    <p class='ocr_par' dir='ltr' id='par_1_1' title="bbox 559 354 2421 413">
     <span class='ocr_line' id='line_1_1' title="bbox 559 354 2421 413; baseline -0.002 -1"><span class='ocrx_word' id='word_1_1' title='bbox 559 354 679 412; x_wconf 82' lang='lat'><strong>326</strong></span> <span class='ocrx_word' id='word_1_2' title='bbox 1361 368 1642 413; x_wconf 63' lang='lat' dir='ltr'><strong>novorum</strong></span> <span class='ocrx_word' id='word_1_3' title='bbox 1685 368 2005 413; x_wconf 54' lang='lat' dir='ltr'><strong>saeuorum</strong></span> <span class='ocrx_word' id='word_1_4' title='bbox 2049 368 2421 412; x_wconf 69' lang='lat' dir='ltr'><strong>lxsriwrlo.</strong></span> 
     </span>
    </p>
   </div>
   <div class='ocr_carea' id='block_1_2' title="bbox 472 491 3241 3969">
    <p class='ocr_par' dir='ltr' id='par_1_2' title="bbox 545 491 3240 2080">
     <span class='ocr_line' id='line_1_2' title="bbox 555 491 3233 593; baseline -0.002 -24"><span class='ocrx_word' id='word_1_5' title='bbox 555 502 903 593; x_wconf 84' lang='lat' dir='ltr'><strong>profertur</strong></span> <span class='ocrx_word' id='word_1_6' title='bbox 948 503 1156 582; x_wconf 86' lang='lat' dir='ltr'><strong>ratio,</strong></span> <span class='ocrx_word' id='word_1_7' title='bbox 1191 523 1316 568; x_wconf 91' lang='lat' dir='ltr'><strong>cur</strong></span> <span class='ocrx_word' id='word_1_8' title='bbox 1351 506 1564 568; x_wconf 91' lang='lat' dir='ltr'><strong>Deum</strong></span> <span class='ocrx_word' id='word_1_9' title='bbox 1617 501 1855 568; x_wconf 85' lang='lat' dir='ltr'><strong>deceat</strong></span> <span class='ocrx_word' id='word_1_10' title='bbox 1899 501 2096 588; x_wconf 75' lang='lat' dir='ltr'><strong>Moysi</strong></span> <span class='ocrx_word' id='word_1_11' title='bbox 2138 523 2280 567; x_wconf 92' lang='lat' dir='ltr'><strong>non</strong></span> <span class='ocrx_word' id='word_1_12' title='bbox 2329 491 2679 586; x_wconf 86' lang='lat' dir='ltr'><strong>denegare</strong></span> <span class='ocrx_word' id='word_1_13' title='bbox 2718 505 3035 565; x_wconf 80' lang='lat' dir='ltr'><strong>constans</strong></span> <span class='ocrx_word' id='word_1_14' title='bbox 3069 519 3233 564; x_wconf 85' lang='lat' dir='ltr'><strong>suae</strong></span> 
     </span>
     <span class='ocr_line' id='line_1_3' title="bbox 553 605 3233 699; baseline -0.002 -25"><span class='ocrx_word' id='word_1_15' title='bbox 553 607 983 699; x_wconf 84' lang='lat' dir='ltr'><strong>praesentiae</strong></span> <span class='ocrx_word' id='word_1_16' title='bbox 1023 607 1381 674; x_wconf 86' lang='lat' dir='ltr'><strong>oraculum</strong></span> <span class='ocrx_word' id='word_1_17' title='bbox 1421 630 1436 677; x_wconf 86' lang='grc'>;</span> <span class='ocrx_word' id='word_1_18' title='bbox 1479 607 1739 696; x_wconf 86' lang='lat' dir='ltr'><strong>prima,</strong></span> <span class='ocrx_word' id='word_1_19' title='bbox 1789 606 1975 695; x_wconf 91' lang='lat' dir='ltr'><strong>quod</strong></span> <span class='ocrx_word' id='word_1_20' title='bbox 2021 629 2176 674; x_wconf 88' lang='lat' dir='ltr'><strong>eum</strong></span> <span class='ocrx_word' id='word_1_21' title='bbox 2228 606 2463 673; x_wconf 87' lang='lat' dir='ltr'><strong>deceat</strong></span> <span class='ocrx_word' id='word_1_22' title='bbox 2502 608 2596 672; x_wconf 87' lang='lat' dir='ltr'><strong>ita</strong></span> <span class='ocrx_word' id='word_1_23' title='bbox 2628 605 2988 687; x_wconf 87' lang='lat' dir='ltr'><strong>honorari,</strong></span> <span class='ocrx_word' id='word_1_24' title='bbox 3023 626 3233 693; x_wconf 91' lang='lat' dir='ltr'><strong>quem</strong></span> 
     </span>
     <span class='ocr_line' id='line_1_4' title="bbox 558 710 3236 803; baseline -0.002 -23"><span class='ocrx_word' id='word_1_25' title='bbox 558 720 727 780; x_wconf 85' lang='lat' dir='ltr'><strong>Deus</strong></span> <span class='ocrx_word' id='word_1_26' title='bbox 763 715 870 781; x_wconf 90' lang='lat' dir='ltr'><strong>sui</strong></span> <span class='ocrx_word' id='word_1_27' title='bbox 917 715 1161 803; x_wconf 89' lang='lat' dir='ltr'><strong>populi</strong></span> <span class='ocrx_word' id='word_1_28' title='bbox 1207 714 1455 780; x_wconf 89' lang='lat' dir='ltr'><strong>ducem</strong></span> <span class='ocrx_word' id='word_1_29' title='bbox 1502 713 1961 794; x_wconf 82' lang='lat' dir='ltr'><strong>constituerit3</strong></span> <span class='ocrx_word' id='word_1_30' title='bbox 2013 714 2263 785; x_wconf 83' lang='lat' dir='ltr'><strong>altera.</strong></span> <span class='ocrx_word' id='word_1_31' title='bbox 2317 713 2507 801; x_wconf 91' lang='lat' dir='ltr'><strong>quod</strong></span> <span class='ocrx_word' id='word_1_32' title='bbox 2555 712 2745 778; x_wconf 91' lang='lat' dir='ltr'><strong>idem</strong></span> <span class='ocrx_word' id='word_1_33' title='bbox 2804 732 3103 798; x_wconf 88' lang='lat' dir='ltr'><strong>aequum</strong></span> <span class='ocrx_word' id='word_1_34' title='bbox 3148 710 3236 775; x_wconf 86' lang='lat' dir='ltr'><strong>sit</strong></span> 
     </span>
     <span class='ocr_line' id='line_1_5' title="bbox 554 815 3234 908; baseline -0.002 -21"><span class='ocrx_word' id='word_1_35' title='bbox 554 818 932 887; x_wconf 80' lang='lat' dir='ltr'><strong>concedere</strong></span> <span class='ocrx_word' id='word_1_36' title='bbox 972 820 1190 886; x_wconf 89' lang='lat' dir='ltr'><strong>amico</strong></span> <span class='ocrx_word' id='word_1_37' title='bbox 1222 819 1532 887; x_wconf 88' lang='lat' dir='ltr'><strong>omnium</strong></span> <span class='ocrx_word' id='word_1_38' title='bbox 1576 818 2146 900; x_wconf 84' lang='lat' dir='ltr'><strong>familiarissimo,</strong></span> <span class='ocrx_word' id='word_1_39' title='bbox 2181 840 2528 908; x_wconf 88' lang='lat' dir='ltr'><strong>quemque</strong></span> <span class='ocrx_word' id='word_1_40' title='bbox 2569 822 2745 884; x_wconf 91' lang='lat' dir='ltr'><strong>Deus</strong></span> <span class='ocrx_word' id='word_1_41' title='bbox 2780 815 3051 883; x_wconf 81' lang='lat' dir='ltr'><strong>disertis</strong></span> <span class='ocrx_word' id='word_1_42' title='bbox 3078 836 3234 882; x_wconf 90' lang='lat' dir='ltr'><strong>ver-</strong></span> 
     </span>
     <span class='ocr_line' id='line_1_6' title="bbox 554 923 3234 1014; baseline -0.002 -21"><span class='ocrx_word' id='word_1_43' title='bbox 554 927 658 994; x_wconf 85' lang='lat' dir='ltr'><strong>bis</strong></span> <span class='ocrx_word' id='word_1_44' title='bbox 688 925 1135 992; x_wconf 79' lang='lat' dir='ltr'><strong>affirmaverit</strong></span> <span class='ocrx_word' id='word_1_45' title='bbox 1171 925 1303 991; x_wconf 89' lang='lat' dir='ltr'><strong>sibi</strong></span> <span class='ocrx_word' id='word_1_46' title='bbox 1341 947 1482 991; x_wconf 89' lang='lat' dir='ltr'><strong>esse</strong></span> <span class='ocrx_word' id='word_1_47' title='bbox 1523 925 1839 1014; x_wconf 88' lang='lat' dir='ltr'><strong>apprime</strong></span> <span class='ocrx_word' id='word_1_48' title='bbox 1872 946 2109 991; x_wconf 88' lang='lat' dir='ltr'><strong>carum</strong></span> <span class='ocrx_word' id='word_1_49' title='bbox 2143 930 2211 991; x_wconf 91' lang='lat' dir='ltr'><strong>et</strong></span> <span class='ocrx_word' id='word_1_50' title='bbox 2240 923 2651 1010; x_wconf 87' lang='lat' dir='ltr'><strong>gratiosum.</strong></span> <span class='ocrx_word' id='word_1_51' title='bbox 2682 946 2745 990; x_wconf 80' lang='lat' dir='ltr'><strong>v,</strong></span> <span class='ocrx_word' id='word_1_52' title='bbox 2782 929 2860 988; x_wconf 90' lang='lat'><strong>13</strong></span> <span class='ocrx_word' id='word_1_53' title='bbox 2898 952 2930 982; x_wconf 91' lang='lat'>«</span> <span class='ocrx_word' id='word_1_54' title='bbox 2962 923 3044 992; x_wconf 86' lang='lat' dir='ltr'><strong>Si</strong></span> <span class='ocrx_word' id='word_1_55' title='bbox 3070 945 3234 1011; x_wconf 69' lang='lat' dir='ltr'><strong>erqo</strong></span> 
     </span>
     <span class='ocr_line' id='line_1_7' title="bbox 554 1028 3239 1122; baseline -0.002 -24"><span class='ocrx_word' id='word_1_56' title='bbox 554 1032 786 1098; x_wconf 75' lang='lat' dir='ltr'><strong>inveni</strong></span> <span class='ocrx_word' id='word_1_57' title='bbox 824 1031 1133 1120; x_wconf 77' lang='lat' dir='ltr'><em>qratiam</em></span> <span class='ocrx_word' id='word_1_58' title='bbox 1179 1032 1253 1098; x_wconf 86' lang='lat' dir='ltr'><strong>in</strong></span> <span class='ocrx_word' id='word_1_59' title='bbox 1290 1044 1651 1122; x_wconf 81' lang='lat' dir='ltr'><strong>conspectu</strong></span> <span class='ocrx_word' id='word_1_60' title='bbox 1696 1043 1813 1097; x_wconf 88' lang='lat' dir='ltr'><strong>tuo</strong></span> <span class='ocrx_word' id='word_1_61' title='bbox 1861 1059 1891 1090; x_wconf 71' lang='grc' dir='ltr'><strong>ι)</strong></span> <span class='ocrx_word' id='word_1_62' title='bbox 1917 1085 1932 1112; x_wconf 88' lang='grc'><strong>,</strong></span> <span class='ocrx_word' id='word_1_63' title='bbox 1976 1030 2165 1120; x_wconf 89' lang='lat' dir='ltr'><strong>quod</strong></span> <span class='ocrx_word' id='word_1_64' title='bbox 2198 1036 2276 1097; x_wconf 86' lang='lat' dir='ltr'><strong>tu</strong></span> <span class='ocrx_word' id='word_1_65' title='bbox 2306 1031 2646 1112; x_wconf 80' lang='lat' dir='ltr'><strong>affirmaS,</strong></span> <span class='ocrx_word' id='word_1_66' title='bbox 2681 1058 2711 1090; x_wconf 90' lang='lat'>«</span> <span class='ocrx_word' id='word_1_67' title='bbox 2750 1028 3030 1095; x_wconf 78' lang='lat' dir='ltr'><strong>ostende</strong></span> <span class='ocrx_word' id='word_1_68' title='bbox 3059 1028 3239 1094; x_wconf 70' lang='lat' dir='ltr'><strong>mihi</strong></span> 
     </span>
     <span class='ocr_line' id='line_1_8' title="bbox 545 1135 3240 1228; baseline -0.002 -23"><span class='ocrx_word' id='word_1_69' title='bbox 545 1139 810 1228; x_wconf 86' lang='lat' dir='ltr'><strong>faciem</strong></span> <span class='ocrx_word' id='word_1_70' title='bbox 842 1149 1031 1204; x_wconf 84' lang='lat' dir='ltr'><strong>tuam</strong></span> <span class='ocrx_word' id='word_1_71' title='bbox 1077 1166 1144 1218; x_wconf 94' lang='lat'><strong>»,</strong></span> <span class='ocrx_word' id='word_1_72' title='bbox 1195 1176 1285 1187; x_wconf 90' lang='lat'><strong>—-</strong></span> <span class='ocrx_word' id='word_1_73' title='bbox 1316 1137 1590 1224; x_wconf 83' lang='lat' dir='ltr'><strong>corrige</strong></span> <span class='ocrx_word' id='word_1_74' title='bbox 1636 1137 1822 1203; x_wconf 74' lang='lat' dir='ltr'><strong>riam</strong></span> <span class='ocrx_word' id='word_1_75' title='bbox 1873 1151 2067 1203; x_wconf 85' lang='lat' dir='ltr'><strong>tuam</strong></span> <span class='ocrx_word' id='word_1_76' title='bbox 2122 1138 2215 1225; x_wconf 81' lang='lat' dir='ltr'><strong>(v,</strong></span> <span class='ocrx_word' id='word_1_77' title='bbox 2263 1137 2347 1225; x_wconf 93' lang='lat' dir='ltr'><strong>s.)</strong></span> <span class='ocrx_word' id='word_1_78' title='bbox 2408 1157 2423 1204; x_wconf 90' lang='lat'>:</span> <span class='ocrx_word' id='word_1_79' title='bbox 2466 1137 2696 1203; x_wconf 81' lang='lat' dir='ltr'><strong>tribue</strong></span> <span class='ocrx_word' id='word_1_80' title='bbox 2742 1135 2917 1202; x_wconf 90' lang='lat' dir='ltr'><strong>mihi</strong></span> <span class='ocrx_word' id='word_1_81' title='bbox 2954 1135 3240 1201; x_wconf 86' lang='lat' dir='ltr'><strong>oracula</strong></span> 
     </span>
     <span class='ocr_line' id='line_1_9' title="bbox 556 1241 3235 1326; baseline -0.003 -15"><span class='ocrx_word' id='word_1_82' title='bbox 556 1252 675 1312; x_wconf 89' lang='lat' dir='ltr'><strong>tua</strong></span> <span class='ocrx_word' id='word_1_83' title='bbox 713 1284 798 1294; x_wconf 93' lang='lat'><strong>—</strong></span> <span class='ocrx_word' id='word_1_84' title='bbox 838 1272 871 1304; x_wconf 87' lang='lat'>«</span> <span class='ocrx_word' id='word_1_85' title='bbox 918 1257 997 1311; x_wconf 83' lang='lat' dir='ltr'><strong>ut</strong></span> <span class='ocrx_word' id='word_1_86' title='bbox 1032 1244 1247 1310; x_wconf 79' lang='lat' dir='ltr'><strong>sciam</strong></span> <span class='ocrx_word' id='word_1_87' title='bbox 1286 1254 1349 1309; x_wconf 83' lang='lat' dir='ltr'><strong>te</strong></span> <span class='ocrx_word' id='word_1_88' title='bbox 1389 1272 1458 1326; x_wconf 88' lang='lat'><strong>»‚</strong></span> <span class='ocrx_word' id='word_1_89' title='bbox 1492 1243 1673 1310; x_wconf 88' lang='lat' dir='ltr'><strong>viam</strong></span> <span class='ocrx_word' id='word_1_90' title='bbox 1714 1250 1939 1324; x_wconf 89' lang='lat' dir='ltr'><strong>tuam,</strong></span> <span class='ocrx_word' id='word_1_91' title='bbox 1971 1242 2398 1310; x_wconf 87' lang='lat' dir='ltr'><strong>voluntatem</strong></span> <span class='ocrx_word' id='word_1_92' title='bbox 2450 1251 2641 1310; x_wconf 89' lang='lat' dir='ltr'><strong>tuam</strong></span> <span class='ocrx_word' id='word_1_93' title='bbox 2666 1296 2683 1325; x_wconf 91' lang='lat'>,</span> <span class='ocrx_word' id='word_1_94' title='bbox 2722 1271 2754 1303; x_wconf 91' lang='lat'>«</span> <span class='ocrx_word' id='word_1_95' title='bbox 2789 1254 2851 1308; x_wconf 80' lang='lat' dir='ltr'><strong>ec</strong></span> <span class='ocrx_word' id='word_1_96' title='bbox 2886 1241 3235 1307; x_wconf 78' lang='lat' dir='ltr'><strong>inveniam</strong></span> 
     </span>
     <span class='ocr_line' id='line_1_10' title="bbox 554 1348 3237 1440; baseline -0.001 -24"><span class='ocrx_word' id='word_1_97' title='bbox 554 1349 861 1440; x_wconf 69' lang='lat' dir='ltr'><strong>qratiam</strong></span> <span class='ocrx_word' id='word_1_98' title='bbox 910 1361 1067 1417; x_wconf 82' lang='lat' dir='ltr'><strong>ante</strong></span> <span class='ocrx_word' id='word_1_99' title='bbox 1108 1350 1337 1416; x_wconf 87' lang='lat' dir='ltr'><strong>oculos</strong></span> <span class='ocrx_word' id='word_1_100' title='bbox 1384 1361 1534 1415; x_wconf 82' lang='lat' dir='ltr'><strong>tuos</strong></span> <span class='ocrx_word' id='word_1_101' title='bbox 1576 1377 1645 1431; x_wconf 89' lang='lat'><strong>»,</strong></span> <span class='ocrx_word' id='word_1_102' title='bbox 1692 1349 1739 1415; x_wconf 92' lang='lat' dir='ltr'><strong>i.</strong></span> <span class='ocrx_word' id='word_1_103' title='bbox 1778 1373 1840 1416; x_wconf 90' lang='lat' dir='ltr'><strong>e.</strong></span> <span class='ocrx_word' id='word_1_104' title='bbox 1886 1350 2389 1439; x_wconf 84' lang='lat' dir='ltr'><strong>experimento,</strong></span> <span class='ocrx_word' id='word_1_105' title='bbox 2432 1371 2574 1416; x_wconf 92' lang='lat' dir='ltr'><strong>non</strong></span> <span class='ocrx_word' id='word_1_106' title='bbox 2617 1348 2762 1415; x_wconf 87' lang='lat' dir='ltr'><strong>sola</strong></span> <span class='ocrx_word' id='word_1_107' title='bbox 2795 1371 2859 1414; x_wconf 87' lang='lat' dir='ltr'><strong>v.</strong></span> <span class='ocrx_word' id='word_1_108' title='bbox 2907 1353 2988 1413; x_wconf 78' lang='lat'><strong>12</strong></span> <span class='ocrx_word' id='word_1_109' title='bbox 3018 1370 3237 1414; x_wconf 87' lang='lat' dir='ltr'><strong>asser-</strong></span> 
     </span>
     <span class='ocr_line' id='line_1_11' title="bbox 557 1455 3236 1546; baseline -0.001 -23"><span class='ocrx_word' id='word_1_110' title='bbox 557 1458 744 1523; x_wconf 83' lang='lat' dir='ltr'><strong>tione</strong></span> <span class='ocrx_word' id='word_1_111' title='bbox 773 1455 1085 1539; x_wconf 87' lang='lat' dir='ltr'><strong>edocear,</strong></span> <span class='ocrx_word' id='word_1_112' title='bbox 1116 1478 1227 1523; x_wconf 91' lang='lat' dir='ltr'><strong>me</strong></span> <span class='ocrx_word' id='word_1_113' title='bbox 1247 1456 1375 1524; x_wconf 91' lang='lat' dir='ltr'><strong>tibi</strong></span> <span class='ocrx_word' id='word_1_114' title='bbox 1405 1478 1548 1523; x_wconf 89' lang='lat' dir='ltr'><strong>esse</strong></span> <span class='ocrx_word' id='word_1_115' title='bbox 1573 1478 1837 1523; x_wconf 86' lang='lat' dir='ltr'><strong>carum.</strong></span> <span class='ocrx_word' id='word_1_116' title='bbox 1872 1459 1933 1522; x_wconf 92' lang='lat' dir='ltr'><em>E</em></span> <span class='ocrx_word' id='word_1_117' title='bbox 1939 1468 1965 1521; x_wconf 81' lang='lat' dir='ltr'><strong>t</strong></span> <span class='ocrx_word' id='word_1_118' title='bbox 1995 1485 2027 1516; x_wconf 91' lang='lat'>«</span> <span class='ocrx_word' id='word_1_119' title='bbox 2063 1455 2319 1546; x_wconf 79' lang='lat' dir='ltr'><strong>respice</strong></span> <span class='ocrx_word' id='word_1_120' title='bbox 2335 1455 2684 1546; x_wconf 82' lang='lat' dir='ltr'><strong>populum</strong></span> <span class='ocrx_word' id='word_1_121' title='bbox 2709 1468 2927 1540; x_wconf 86' lang='lat' dir='ltr'><strong>tuum,</strong></span> <span class='ocrx_word' id='word_1_122' title='bbox 2959 1467 3236 1543; x_wconf 69' lang='lat' dir='ltr'><strong>yentem</strong></span> 
     </span>
     <span class='ocr_line' id='line_1_12' title="bbox 558 1559 3237 1653; baseline -0.001 -24"><span class='ocrx_word' id='word_1_123' title='bbox 558 1563 745 1629; x_wconf 69' lang='lat' dir='ltr'><strong>lianc</strong></span> <span class='ocrx_word' id='word_1_124' title='bbox 788 1589 849 1629; x_wconf 92' lang='lat'><strong>».</strong></span> <span class='ocrx_word' id='word_1_125' title='bbox 899 1561 1104 1630; x_wconf 85' lang='lat' dir='ltr'><strong>Hebr.</strong></span> <span class='ocrx_word' id='word_1_126' title='bbox 1142 1584 1168 1627; x_wconf 90' lang='grc'><strong>.·</strong></span> <span class='ocrx_word' id='word_1_127' title='bbox 1198 1565 1290 1629; x_wconf 84' lang='lat' dir='ltr'><strong>Et</strong></span> <span class='ocrx_word' id='word_1_128' title='bbox 1320 1561 1503 1645; x_wconf 80' lang='lat' dir='ltr'><strong>vide,</strong></span> <span class='ocrx_word' id='word_1_129' title='bbox 1557 1563 1886 1653; x_wconf 82' lang='lat' dir='ltr'><strong>quoniam</strong></span> <span class='ocrx_word' id='word_1_130' title='bbox 1916 1562 2222 1653; x_wconf 77' lang='lat' dir='ltr'><strong>populus</strong></span> <span class='ocrx_word' id='word_1_131' title='bbox 2257 1574 2415 1628; x_wconf 83' lang='lat' dir='ltr'><strong>tuus</strong></span> <span class='ocrx_word' id='word_1_132' title='bbox 2447 1583 2619 1651; x_wconf 75' lang='lat' dir='ltr'><strong>qens</strong></span> <span class='ocrx_word' id='word_1_133' title='bbox 2657 1561 2821 1628; x_wconf 81' lang='lat' dir='ltr'><strong>haec</strong></span> <span class='ocrx_word' id='word_1_134' title='bbox 2861 1574 2995 1642; x_wconf 82' lang='lat' dir='ltr'><strong>est,</strong></span> <span class='ocrx_word' id='word_1_135' title='bbox 3023 1559 3237 1650; x_wconf 90' lang='lat' dir='ltr'><strong>idque</strong></span> 
     </span>
     <span class='ocr_line' id='line_1_13' title="bbox 558 1667 3238 1759; baseline -0.002 -23"><span class='ocrx_word' id='word_1_136' title='bbox 558 1670 801 1736; x_wconf 88' lang='lat' dir='ltr'><strong>videns</strong></span> <span class='ocrx_word' id='word_1_137' title='bbox 838 1669 1078 1758; x_wconf 87' lang='lat' dir='ltr'><strong>utique</strong></span> <span class='ocrx_word' id='word_1_138' title='bbox 1116 1669 1392 1759; x_wconf 81' lang='lat' dir='ltr'><strong>respice.</strong></span> <span class='ocrx_word' id='word_1_139' title='bbox 1437 1675 1650 1756; x_wconf 85' lang='lat' dir='ltr'><strong>Ergo,</strong></span> <span class='ocrx_word' id='word_1_140' title='bbox 1694 1669 1750 1735; x_wconf 92' lang='lat' dir='ltr'><strong>si</strong></span> <span class='ocrx_word' id='word_1_141' title='bbox 1794 1691 2033 1735; x_wconf 87' lang='lat' dir='ltr'><strong>revera</strong></span> <span class='ocrx_word' id='word_1_142' title='bbox 2083 1691 2285 1735; x_wconf 90' lang='lat' dir='ltr'><strong>carus</strong></span> <span class='ocrx_word' id='word_1_143' title='bbox 2326 1667 2453 1735; x_wconf 89' lang='lat' dir='ltr'><strong>tibi</strong></span> <span class='ocrx_word' id='word_1_144' title='bbox 2490 1689 2676 1751; x_wconf 89' lang='lat' dir='ltr'><strong>sum,</strong></span> <span class='ocrx_word' id='word_1_145' title='bbox 2712 1667 2849 1734; x_wconf 90' lang='lat' dir='ltr'><strong>duo</strong></span> <span class='ocrx_word' id='word_1_146' title='bbox 2877 1668 2987 1734; x_wconf 79' lang='lat' dir='ltr'><strong>fac</strong></span> <span class='ocrx_word' id='word_1_147' title='bbox 3013 1720 3029 1748; x_wconf 91' lang='lat'><strong>,</strong></span> <span class='ocrx_word' id='word_1_148' title='bbox 3059 1689 3238 1756; x_wconf 87' lang='lat' dir='ltr'><strong>quae</strong></span> 
     </span>
     <span class='ocr_line' id='line_1_14' title="bbox 555 1773 3237 1862; baseline -0.001 -20"><span class='ocrx_word' id='word_1_149' title='bbox 555 1781 623 1843; x_wconf 89' lang='lat' dir='ltr'><strong>te</strong></span> <span class='ocrx_word' id='word_1_150' title='bbox 652 1798 821 1862; x_wconf 88' lang='lat' dir='ltr'><strong>rogo</strong></span> <span class='ocrx_word' id='word_1_151' title='bbox 855 1797 871 1843; x_wconf 73' lang='grc' dir='ltr'>ε</span> <span class='ocrx_word' id='word_1_152' title='bbox 908 1775 1176 1842; x_wconf 88' lang='lat' dir='ltr'><strong>etmihi</strong></span> <span class='ocrx_word' id='word_1_153' title='bbox 1207 1782 1330 1842; x_wconf 88' lang='lat' dir='ltr'><strong>tua</strong></span> <span class='ocrx_word' id='word_1_154' title='bbox 1359 1775 1640 1843; x_wconf 87' lang='lat' dir='ltr'><strong>oracula</strong></span> <span class='ocrx_word' id='word_1_155' title='bbox 1675 1775 2004 1842; x_wconf 89' lang='lat' dir='ltr'><strong>continua</strong></span> <span class='ocrx_word' id='word_1_156' title='bbox 2034 1783 2101 1842; x_wconf 90' lang='lat' dir='ltr'><strong>et</strong></span> <span class='ocrx_word' id='word_1_157' title='bbox 2127 1775 2523 1848; x_wconf 78' lang='lat' dir='ltr'><strong>recordare,</strong></span> <span class='ocrx_word' id='word_1_158' title='bbox 2560 1780 2841 1861; x_wconf 82' lang='lat' dir='ltr'><strong>gentem</strong></span> <span class='ocrx_word' id='word_1_159' title='bbox 2878 1773 3061 1840; x_wconf 87' lang='lat' dir='ltr'><strong>hanc</strong></span> <span class='ocrx_word' id='word_1_160' title='bbox 3093 1794 3237 1839; x_wconf 87' lang='lat' dir='ltr'><strong>esse</strong></span> 
     </span>
     <span class='ocr_line' id='line_1_15' title="bbox 557 1871 3240 1973; baseline -0.002 -25"><span class='ocrx_word' id='word_1_161' title='bbox 557 1882 896 1973; x_wconf 83' lang='lat' dir='ltr'><strong>populum</strong></span> <span class='ocrx_word' id='word_1_162' title='bbox 927 1888 1158 1963; x_wconf 89' lang='lat' dir='ltr'><strong>tuum,</strong></span> <span class='ocrx_word' id='word_1_163' title='bbox 1199 1904 1336 1948; x_wconf 89' lang='lat' dir='ltr'><strong>non</strong></span> <span class='ocrx_word' id='word_1_164' title='bbox 1370 1903 1599 1948; x_wconf 91' lang='lat' dir='ltr'><strong>meum</strong></span> <span class='ocrx_word' id='word_1_165' title='bbox 1629 1888 1933 1962; x_wconf 89' lang='lat' dir='ltr'><strong>tantum,</strong></span> <span class='ocrx_word' id='word_1_166' title='bbox 1977 1902 2127 1948; x_wconf 88' lang='lat' dir='ltr'><strong>rem</strong></span> <span class='ocrx_word' id='word_1_167' title='bbox 2166 1887 2355 1948; x_wconf 88' lang='lat' dir='ltr'><strong>tuam</strong></span> <span class='ocrx_word' id='word_1_168' title='bbox 2387 1871 2651 1947; x_wconf 84' lang='lat' dir='ltr'><strong>abiec&#39;to</strong></span> <span class='ocrx_word' id='word_1_169' title='bbox 2678 1881 2813 1947; x_wconf 89' lang='lat' dir='ltr'><strong>hoc</strong></span> <span class='ocrx_word' id='word_1_170' title='bbox 2859 1878 3119 1970; x_wconf 89' lang='lat' dir='ltr'><strong>populo</strong></span> <span class='ocrx_word' id='word_1_171' title='bbox 3171 1885 3240 1944; x_wconf 75' lang='lat' dir='ltr'><strong>tc</strong></span> 
     </span>
     <span class='ocr_line' id='line_1_16' title="bbox 561 1988 958 2080; baseline -0.005 -24"><span class='ocrx_word' id='word_1_172' title='bbox 561 1988 958 2080; x_wconf 86' lang='lat' dir='ltr'><strong>repudiare.</strong></span> 
     </span>
    </p>

    <p class='ocr_par' dir='ltr' id='par_1_3' title="bbox 472 2091 3241 3969">
     <span class='ocr_line' id='line_1_17' title="bbox 648 2091 3235 2184; baseline -0.002 -24"><span class='ocrx_word' id='word_1_173' title='bbox 648 2094 760 2161; x_wconf 87' lang='lat' dir='ltr'><strong>His</strong></span> <span class='ocrx_word' id='word_1_174' title='bbox 797 2094 1080 2162; x_wconf 87' lang='lat' dir='ltr'><strong>tandem</strong></span> <span class='ocrx_word' id='word_1_175' title='bbox 1123 2093 1510 2160; x_wconf 90' lang='lat' dir='ltr'><strong>rationibus</strong></span> <span class='ocrx_word' id='word_1_176' title='bbox 1545 2092 1865 2183; x_wconf 87' lang='lat' dir='ltr'><strong>placatur</strong></span> <span class='ocrx_word' id='word_1_177' title='bbox 1894 2099 2090 2161; x_wconf 87' lang='lat' dir='ltr'><strong>Deus.</strong></span> <span class='ocrx_word' id='word_1_178' title='bbox 2129 2117 2195 2159; x_wconf 88' lang='lat' dir='ltr'><strong>v.</strong></span> <span class='ocrx_word' id='word_1_179' title='bbox 2246 2101 2325 2161; x_wconf 53' lang='lat'><strong>1&amp;</strong></span> <span class='ocrx_word' id='word_1_180' title='bbox 2370 2122 2403 2155; x_wconf 91' lang='lat'>«</span> <span class='ocrx_word' id='word_1_181' title='bbox 2455 2094 2785 2184; x_wconf 73' lang='lat' dir='ltr'><strong>Dicitque</strong></span> <span class='ocrx_word' id='word_1_182' title='bbox 2826 2091 3167 2160; x_wconf 75' lang='lat' dir='ltr'><strong>Dominus</strong></span> <span class='ocrx_word' id='word_1_183' title='bbox 3210 2114 3235 2156; x_wconf 93' lang='lat'><strong>.·</strong></span> 
     </span>
     <span class='ocr_line' id='line_1_18' title="bbox 472 2197 3233 2290; baseline -0.001 -23"><span class='ocrx_word' id='word_1_184' title='bbox 472 2248 474 2250; x_wconf 27' lang='grc' dir='ltr'>ψ</span> <span class='ocrx_word' id='word_1_185' title='bbox 560 2201 800 2268; x_wconf 79' lang='lat' dir='ltr'><strong>Facies</strong></span> <span class='ocrx_word' id='word_1_186' title='bbox 838 2223 991 2266; x_wconf 87' lang='lat' dir='ltr'><strong>mea</strong></span> <span class='ocrx_word' id='word_1_187' title='bbox 1005 2198 1374 2290; x_wconf 79' lang='lat' dir='ltr'><strong>praecedet</strong></span> <span class='ocrx_word' id='word_1_188' title='bbox 1419 2212 1482 2266; x_wconf 84' lang='lat' dir='ltr'><strong>te</strong></span> <span class='ocrx_word' id='word_1_189' title='bbox 1511 2228 1543 2261; x_wconf 91' lang='lat'>»</span> <span class='ocrx_word' id='word_1_190' title='bbox 1566 2253 1581 2282; x_wconf 90' lang='lat'>‚</span> <span class='ocrx_word' id='word_1_191' title='bbox 1610 2240 1699 2249; x_wconf 89' lang='lat'><em>-</em></span> <span class='ocrx_word' id='word_1_192' title='bbox 1738 2205 1921 2267; x_wconf 86' lang='lat' dir='ltr'><strong>verte</strong></span> <span class='ocrx_word' id='word_1_193' title='bbox 1958 2223 1973 2270; x_wconf 91' lang='lat'>:</span> <span class='ocrx_word' id='word_1_194' title='bbox 1996 2222 2297 2290; x_wconf 80' lang='lat' dir='ltr'><strong>persona</strong></span> <span class='ocrx_word' id='word_1_195' title='bbox 2343 2222 2492 2266; x_wconf 86' lang='lat' dir='ltr'><strong>mea</strong></span> <span class='ocrx_word' id='word_1_196' title='bbox 2536 2199 2699 2282; x_wconf 87' lang='lat' dir='ltr'><strong>ibit,</strong></span> <span class='ocrx_word' id='word_1_197' title='bbox 2735 2222 2858 2290; x_wconf 76' lang='grc'><strong>090</strong></span> <span class='ocrx_word' id='word_1_198' title='bbox 2901 2198 3041 2289; x_wconf 84' lang='lat' dir='ltr'><strong>ipse</strong></span> <span class='ocrx_word' id='word_1_199' title='bbox 3077 2197 3233 2280; x_wconf 76' lang='lat' dir='ltr'><strong>ibo,</strong></span> 
     </span>
     <span class='ocr_line' id='line_1_19' title="bbox 558 2305 3237 2401; baseline -0.001 -29"><span class='ocrx_word' id='word_1_200' title='bbox 558 2329 699 2373; x_wconf 90' lang='lat' dir='ltr'><strong>non</strong></span> <span class='ocrx_word' id='word_1_201' title='bbox 727 2305 908 2372; x_wconf 89' lang='lat' dir='ltr'><strong>solus</strong></span> <span class='ocrx_word' id='word_1_202' title='bbox 937 2305 1227 2392; x_wconf 83' lang='lat' dir='ltr'><strong>angelus</strong></span> <span class='ocrx_word' id='word_1_203' title='bbox 1256 2333 1393 2365; x_wconf 79' lang='lat'><strong>—«</strong></span> <span class='ocrx_word' id='word_1_204' title='bbox 1421 2319 1488 2372; x_wconf 86' lang='lat' dir='ltr'><strong>et</strong></span> <span class='ocrx_word' id='word_1_205' title='bbox 1515 2306 1821 2394; x_wconf 79' lang='lat' dir='ltr'><strong>requiem</strong></span> <span class='ocrx_word' id='word_1_206' title='bbox 1853 2306 2027 2373; x_wconf 84' lang='lat' dir='ltr'><strong>dabo</strong></span> <span class='ocrx_word' id='word_1_207' title='bbox 2061 2307 2186 2373; x_wconf 79' lang='lat' dir='ltr'><strong>cibi</strong></span> <span class='ocrx_word' id='word_1_208' title='bbox 2218 2335 2276 2388; x_wconf 88' lang='lat'><strong>»‚</strong></span> <span class='ocrx_word' id='word_1_209' title='bbox 2307 2307 2454 2395; x_wconf 89' lang='lat' dir='ltr'><strong>ipse</strong></span> <span class='ocrx_word' id='word_1_210' title='bbox 2481 2312 2549 2373; x_wconf 88' lang='lat' dir='ltr'><strong>te</strong></span> <span class='ocrx_word' id='word_1_211' title='bbox 2571 2307 2642 2373; x_wconf 92' lang='lat' dir='ltr'><strong>in</strong></span> <span class='ocrx_word' id='word_1_212' title='bbox 2664 2312 2919 2401; x_wconf 83' lang='lat' dir='ltr'><strong>terram</strong></span> <span class='ocrx_word' id='word_1_213' title='bbox 2947 2305 3237 2394; x_wconf 87' lang='lat' dir='ltr'><strong>promis-</strong></span> 
     </span>
     <span class='ocr_line' id='line_1_20' title="bbox 559 2410 3237 2502; baseline -0 -25"><span class='ocrx_word' id='word_1_214' title='bbox 559 2433 704 2479; x_wconf 89' lang='lat' dir='ltr'><strong>sam</strong></span> <span class='ocrx_word' id='word_1_215' title='bbox 725 2411 1166 2479; x_wconf 89' lang='lat' dir='ltr'><strong>introducens</strong></span> <span class='ocrx_word' id='word_1_216' title='bbox 1188 2412 1410 2499; x_wconf 88' lang='lat' dir='ltr'><strong>(Deut.</strong></span> <span class='ocrx_word' id='word_1_217' title='bbox 1445 2416 1792 2494; x_wconf 85' lang='lat' dir='ltr'><strong>3,·20;10s.</strong></span> <span class='ocrx_word' id='word_1_218' title='bbox 1825 2419 2006 2496; x_wconf 86' lang='lat'><strong>1‚13.</strong></span> <span class='ocrx_word' id='word_1_219' title='bbox 2043 2421 2159 2495; x_wconf 86' lang='lat'><strong>15;</strong></span> <span class='ocrx_word' id='word_1_220' title='bbox 2189 2415 2401 2494; x_wconf 49' lang='lat'><strong>2210).</strong></span> <span class='ocrx_word' id='word_1_221' title='bbox 2435 2418 2527 2480; x_wconf 91' lang='lat' dir='ltr'><strong>De</strong></span> <span class='ocrx_word' id='word_1_222' title='bbox 2555 2435 2621 2479; x_wconf 83' lang='lat' dir='ltr'><strong>V.</strong></span> <span class='ocrx_word' id='word_1_223' title='bbox 2656 2420 2735 2480; x_wconf 83' lang='lat'><strong>15</strong></span> <span class='ocrx_word' id='word_1_224' title='bbox 2764 2434 2866 2502; x_wconf 92' lang='lat' dir='ltr'><strong>sq.</strong></span> <span class='ocrx_word' id='word_1_225' title='bbox 2895 2410 3119 2478; x_wconf 87' lang='lat' dir='ltr'><strong>versui</strong></span> <span class='ocrx_word' id='word_1_226' title='bbox 3158 2415 3237 2476; x_wconf 64' lang='lat'><strong>14</strong></span> 
     </span>
     <span class='ocr_line' id='line_1_21' title="bbox 559 2517 3232 2608; baseline 0.001 -25"><span class='ocrx_word' id='word_1_227' title='bbox 559 2517 989 2607; x_wconf 80' lang='lat' dir='ltr'><strong>probabilius</strong></span> <span class='ocrx_word' id='word_1_228' title='bbox 1007 2519 1492 2608; x_wconf 85' lang='lat' dir='ltr'><strong>anteponendo</strong></span> <span class='ocrx_word' id='word_1_229' title='bbox 1535 2518 1936 2585; x_wconf 76' lang='lat' dir='ltr'><strong>dicebamus</strong></span> <span class='ocrx_word' id='word_1_230' title='bbox 1965 2541 2196 2608; x_wconf 89' lang='lat' dir='ltr'><strong>supra.</strong></span> <span class='ocrx_word' id='word_1_231' title='bbox 2230 2520 2709 2587; x_wconf 81' lang='lat' dir='ltr'><strong>Difficultatem</strong></span> <span class='ocrx_word' id='word_1_232' title='bbox 2741 2520 3039 2586; x_wconf 89' lang='lat' dir='ltr'><strong>sentiens</strong></span> <span class='ocrx_word' id='word_1_233' title='bbox 3067 2522 3232 2605; x_wconf 70' lang='lat' dir='ltr'><strong>Syr.</strong></span> 
     </span>
     <span class='ocr_line' id='line_1_22' title="bbox 562 2613 3240 2715; baseline 0 -27"><span class='ocrx_word' id='word_1_234' title='bbox 562 2647 626 2689; x_wconf 92' lang='lat' dir='ltr'><strong>v.</strong></span> <span class='ocrx_word' id='word_1_235' title='bbox 668 2632 747 2691; x_wconf 60' lang='lat'><strong>14</strong></span> <span class='ocrx_word' id='word_1_236' title='bbox 778 2647 903 2714; x_wconf 90' lang='lat' dir='ltr'><strong>pro</strong></span> <span class='ocrx_word' id='word_1_237' title='bbox 931 2613 1053 2689; x_wconf 53' lang='grc' dir='ltr'><strong>ποθ’</strong></span> <span class='ocrx_word' id='word_1_238' title='bbox 1088 2640 1184 2692; x_wconf 61' lang='grc' dir='ltr'><strong>ἐξ)</strong></span> <span class='ocrx_word' id='word_1_239' title='bbox 1233 2624 1510 2712; x_wconf 81' lang='lat' dir='ltr'><strong>legebat</strong></span> <span class='ocrx_word' id='word_1_240' title='bbox 1561 2615 1639 2714; x_wconf 59' lang='lat'><strong>&#39;35</strong></span> <span class='ocrx_word' id='word_1_241' title='bbox 1673 2614 1807 2693; x_wconf 63' lang='lat'><strong>³225</strong></span> <span class='ocrx_word' id='word_1_242' title='bbox 1841 2627 1953 2714; x_wconf 90' lang='lat' dir='ltr'><strong>(cf.</strong></span> <span class='ocrx_word' id='word_1_243' title='bbox 2001 2629 2162 2692; x_wconf 87' lang='lat' dir='ltr'><strong>Gen.</strong></span> <span class='ocrx_word' id='word_1_244' title='bbox 2214 2626 2437 2715; x_wconf 83' lang='lat'>17‚1)‚</span> <span class='ocrx_word' id='word_1_245' title='bbox 2463 2626 2583 2693; x_wconf 88' lang='lat' dir='ltr'><strong>sed</strong></span> <span class='ocrx_word' id='word_1_246' title='bbox 2623 2626 2815 2693; x_wconf 81' lang='lat' dir='ltr'><strong>falso,</strong></span> <span class='ocrx_word' id='word_1_247' title='bbox 2862 2648 2927 2691; x_wconf 77' lang='lat' dir='ltr'><strong>v,</strong></span> <span class='ocrx_word' id='word_1_248' title='bbox 2970 2633 3048 2692; x_wconf 87' lang='lat'><strong>15</strong></span> <span class='ocrx_word' id='word_1_249' title='bbox 3083 2652 3113 2685; x_wconf 91' lang='lat'>«</span> <span class='ocrx_word' id='word_1_250' title='bbox 3151 2626 3240 2690; x_wconf 77' lang='lat' dir='ltr'><strong>Et</strong></span> 
     </span>
     <span class='ocr_line' id='line_1_23' title="bbox 564 2731 3234 2822; baseline 0 -26"><span class='ocrx_word' id='word_1_251' title='bbox 564 2731 666 2797; x_wconf 79' lang='lat' dir='ltr'><strong>ait</strong></span> <span class='ocrx_word' id='word_1_252' title='bbox 696 2734 962 2819; x_wconf 76' lang='lat' dir='ltr'><strong>Moyses</strong></span> <span class='ocrx_word' id='word_1_253' title='bbox 1001 2754 1025 2797; x_wconf 90' lang='grc'><strong>.·</strong></span> <span class='ocrx_word' id='word_1_254' title='bbox 1065 2732 1145 2799; x_wconf 89' lang='lat' dir='ltr'><strong>Si</strong></span> <span class='ocrx_word' id='word_1_255' title='bbox 1183 2754 1322 2799; x_wconf 83' lang='lat' dir='ltr'><strong>non</strong></span> <span class='ocrx_word' id='word_1_256' title='bbox 1374 2743 1448 2797; x_wconf 85' lang='lat' dir='ltr'><strong>tu</strong></span> <span class='ocrx_word' id='word_1_257' title='bbox 1488 2732 1633 2822; x_wconf 82' lang='lat' dir='ltr'><strong>ipse</strong></span> <span class='ocrx_word' id='word_1_258' title='bbox 1673 2731 2051 2822; x_wconf 70' lang='lat' dir='ltr'><strong>praecedas</strong></span> <span class='ocrx_word' id='word_1_259' title='bbox 2097 2760 2130 2794; x_wconf 89' lang='lat'>»</span> <span class='ocrx_word' id='word_1_260' title='bbox 2158 2746 2306 2814; x_wconf 85' lang='lat'><strong>‚·—</strong></span> <span class='ocrx_word' id='word_1_261' title='bbox 2343 2733 2417 2799; x_wconf 91' lang='lat' dir='ltr'><strong>h.</strong></span> <span class='ocrx_word' id='word_1_262' title='bbox 2462 2733 2507 2798; x_wconf 90' lang='lat' dir='ltr'><strong>l.</strong></span> <span class='ocrx_word' id='word_1_263' title='bbox 2558 2737 2739 2800; x_wconf 89' lang='lat' dir='ltr'><strong>recte</strong></span> <span class='ocrx_word' id='word_1_264' title='bbox 2782 2731 2989 2798; x_wconf 88' lang='lat' dir='ltr'><strong>vertit</strong></span> <span class='ocrx_word' id='word_1_265' title='bbox 3039 2732 3234 2817; x_wconf 85' lang='lat' dir='ltr'><strong>Vulg.</strong></span> 
     </span>
     <span class='ocr_line' id='line_1_24' title="bbox 563 2837 3233 2927; baseline -0.001 -23"><span class='ocrx_word' id='word_1_266' title='bbox 563 2859 800 2905; x_wconf 87' lang='lat' dir='ltr'><strong>vocem</strong></span> <span class='ocrx_word' id='word_1_267' title='bbox 829 2852 973 2927; x_wconf 66' lang='lat' dir='ltr'><strong>&#39;pm</strong></span> <span class='ocrx_word' id='word_1_268' title='bbox 1005 2877 1092 2887; x_wconf 90' lang='lat'>—</span> <span class='ocrx_word' id='word_1_269' title='bbox 1123 2867 1153 2900; x_wconf 89' lang='lat'>«</span> <span class='ocrx_word' id='word_1_270' title='bbox 1188 2862 1274 2905; x_wconf 85' lang='lat' dir='ltr'><strong>ne</strong></span> <span class='ocrx_word' id='word_1_271' title='bbox 1316 2840 1568 2906; x_wconf 77' lang='lat' dir='ltr'><strong>educas</strong></span> <span class='ocrx_word' id='word_1_272' title='bbox 1593 2862 1720 2905; x_wconf 81' lang='lat' dir='ltr'><strong>nos</strong></span> <span class='ocrx_word' id='word_1_273' title='bbox 1755 2866 1786 2898; x_wconf 91' lang='lat'>»</span> <span class='ocrx_word' id='word_1_274' title='bbox 1823 2878 1915 2888; x_wconf 96' lang='lat'><strong>—</strong></span> <span class='ocrx_word' id='word_1_275' title='bbox 1942 2841 2131 2907; x_wconf 86' lang='lat' dir='ltr'><strong>Sam.</strong></span> <span class='ocrx_word' id='word_1_276' title='bbox 2161 2841 2343 2905; x_wconf 79' lang='lat' dir='ltr'><strong>LXX</strong></span> <span class='ocrx_word' id='word_1_277' title='bbox 2367 2861 2471 2906; x_wconf 85' lang='lat' dir='ltr'><strong>me</strong></span> <span class='ocrx_word' id='word_1_278' title='bbox 2515 2878 2604 2887; x_wconf 95' lang='lat'><strong>—</strong></span> <span class='ocrx_word' id='word_1_279' title='bbox 2637 2866 2669 2899; x_wconf 94' lang='lat'>«</span> <span class='ocrx_word' id='word_1_280' title='bbox 2708 2837 2789 2904; x_wconf 86' lang='lat' dir='ltr'><strong>de</strong></span> <span class='ocrx_word' id='word_1_281' title='bbox 2830 2838 2977 2905; x_wconf 90' lang='lat' dir='ltr'><strong>loco</strong></span> <span class='ocrx_word' id='word_1_282' title='bbox 3007 2837 3133 2904; x_wconf 82' lang='lat' dir='ltr'><strong>isto</strong></span> <span class='ocrx_word' id='word_1_283' title='bbox 3176 2864 3233 2902; x_wconf 87' lang='lat'><strong>».</strong></span> 
     </span>
     <span class='ocr_line' id='line_1_25' title="bbox 562 2944 3237 3037; baseline -0.001 -26"><span class='ocrx_word' id='word_1_284' title='bbox 562 2944 793 3011; x_wconf 87' lang='lat' dir='ltr'><strong>Potius</strong></span> <span class='ocrx_word' id='word_1_285' title='bbox 833 2944 945 3011; x_wconf 90' lang='lat' dir='ltr'><strong>hic</strong></span> <span class='ocrx_word' id='word_1_286' title='bbox 985 2945 1297 3035; x_wconf 89' lang='lat' dir='ltr'><strong>relinque</strong></span> <span class='ocrx_word' id='word_1_287' title='bbox 1342 2947 1416 3013; x_wconf 90' lang='lat' dir='ltr'><strong>in</strong></span> <span class='ocrx_word' id='word_1_288' title='bbox 1467 2946 1768 3028; x_wconf 88' lang='lat' dir='ltr'><strong>desert0‚</strong></span> <span class='ocrx_word' id='word_1_289' title='bbox 1814 2968 2023 3037; x_wconf 88' lang='lat' dir='ltr'><strong>quam</strong></span> <span class='ocrx_word' id='word_1_290' title='bbox 2066 2945 2212 3012; x_wconf 89' lang='lat' dir='ltr'><strong>sine</strong></span> <span class='ocrx_word' id='word_1_291' title='bbox 2248 2951 2313 3012; x_wconf 92' lang='lat' dir='ltr'><strong>te</strong></span> <span class='ocrx_word' id='word_1_292' title='bbox 2352 2945 2731 3036; x_wconf 86' lang='lat' dir='ltr'><strong>procedere</strong></span> <span class='ocrx_word' id='word_1_293' title='bbox 2756 2944 3018 3012; x_wconf 78' lang='lat' dir='ltr'><strong>iubeas,</strong></span> <span class='ocrx_word' id='word_1_294' title='bbox 3053 2968 3116 3012; x_wconf 88' lang='lat' dir='ltr'><strong>v.</strong></span> <span class='ocrx_word' id='word_1_295' title='bbox 3158 2951 3237 3012; x_wconf 82' lang='grc'>16</span> 
     </span>
     <span class='ocr_line' id='line_1_26' title="bbox 571 3050 3233 3142; baseline -0 -26"><span class='ocrx_word' id='word_1_296' title='bbox 571 3081 601 3110; x_wconf 88' lang='lat'>«</span> <span class='ocrx_word' id='word_1_297' title='bbox 638 3055 715 3117; x_wconf 84' lang='lat' dir='ltr'><strong>In.</strong></span> <span class='ocrx_word' id='word_1_298' title='bbox 747 3074 883 3140; x_wconf 83' lang='lat' dir='ltr'><strong>quo</strong></span> <span class='ocrx_word' id='word_1_299' title='bbox 914 3053 1093 3118; x_wconf 85' lang='lat' dir='ltr'><strong>enim</strong></span> <span class='ocrx_word' id='word_1_300' title='bbox 1120 3051 1295 3118; x_wconf 88' lang='lat' dir='ltr'><strong>scire</strong></span> <span class='ocrx_word' id='word_1_301' title='bbox 1326 3078 1387 3134; x_wconf 88' lang='lat'><strong>»,</strong></span> <span class='ocrx_word' id='word_1_302' title='bbox 1420 3054 1600 3118; x_wconf 87' lang='lat' dir='ltr'><strong>facto</strong></span> <span class='ocrx_word' id='word_1_303' title='bbox 1632 3054 1952 3142; x_wconf 84' lang='lat' dir='ltr'><strong>experiri,</strong></span> <span class='ocrx_word' id='word_1_304' title='bbox 1990 3079 2022 3111; x_wconf 91' lang='lat'>«</span> <span class='ocrx_word' id='word_1_305' title='bbox 2044 3052 2452 3142; x_wconf 74' lang='lat' dir='ltr'><strong>poterimus,</strong></span> <span class='ocrx_word' id='word_1_306' title='bbox 2477 3075 2602 3141; x_wconf 77' lang='lat' dir='ltr'><strong>eqo</strong></span> <span class='ocrx_word' id='word_1_307' title='bbox 2634 3066 2703 3118; x_wconf 84' lang='lat' dir='ltr'><strong>et</strong></span> <span class='ocrx_word' id='word_1_308' title='bbox 2716 3050 3024 3141; x_wconf 79' lang='lat' dir='ltr'><strong>populus</strong></span> <span class='ocrx_word' id='word_1_309' title='bbox 3054 3064 3233 3135; x_wconf 78' lang='lat' dir='ltr'><strong>tuus,</strong></span> 
     </span>
     <span class='ocr_line' id='line_1_27' title="bbox 570 3157 3236 3248; baseline 0 -26"><span class='ocrx_word' id='word_1_310' title='bbox 570 3157 902 3224; x_wconf 69' lang='lat' dir='ltr'><strong>invenisse</strong></span> <span class='ocrx_word' id='word_1_311' title='bbox 940 3180 1061 3224; x_wconf 81' lang='lat' dir='ltr'><strong>nos</strong></span> <span class='ocrx_word' id='word_1_312' title='bbox 1102 3158 1408 3247; x_wconf 75' lang='lat' dir='ltr'><strong>qratiam</strong></span> <span class='ocrx_word' id='word_1_313' title='bbox 1452 3158 1528 3223; x_wconf 82' lang='lat' dir='ltr'><strong>in</strong></span> <span class='ocrx_word' id='word_1_314' title='bbox 1567 3170 1927 3248; x_wconf 80' lang='lat' dir='ltr'><strong>conspectu</strong></span> <span class='ocrx_word' id='word_1_315' title='bbox 1974 3171 2091 3225; x_wconf 85' lang='lat' dir='ltr'><strong>tuo</strong></span> <span class='ocrx_word' id='word_1_316' title='bbox 2132 3186 2202 3241; x_wconf 89' lang='lat'><strong>»,</strong></span> <span class='ocrx_word' id='word_1_317' title='bbox 2249 3158 2433 3247; x_wconf 90' lang='lat' dir='ltr'><strong>quod</strong></span> <span class='ocrx_word' id='word_1_318' title='bbox 2469 3165 2545 3224; x_wconf 90' lang='lat' dir='ltr'><strong>tu</strong></span> <span class='ocrx_word' id='word_1_319' title='bbox 2584 3182 2649 3224; x_wconf 88' lang='lat' dir='ltr'><strong>v.</strong></span> <span class='ocrx_word' id='word_1_320' title='bbox 2701 3164 2782 3224; x_wconf 75' lang='lat'><strong>12</strong></span> <span class='ocrx_word' id='word_1_321' title='bbox 2817 3157 3047 3224; x_wconf 86' lang='lat' dir='ltr'><strong>verbis</strong></span> <span class='ocrx_word' id='word_1_322' title='bbox 3075 3178 3236 3246; x_wconf 88' lang='lat' dir='ltr'><strong>pro-</strong></span> 
     </span>
     <span class='ocr_line' id='line_1_28' title="bbox 573 3263 3237 3354; baseline 0.001 -27"><span class='ocrx_word' id='word_1_323' title='bbox 573 3263 942 3345; x_wconf 84' lang='lat' dir='ltr'><strong>testabare,</strong></span> <span class='ocrx_word' id='word_1_324' title='bbox 981 3292 1015 3326; x_wconf 92' lang='lat'>«</span> <span class='ocrx_word' id='word_1_325' title='bbox 1053 3263 1192 3329; x_wconf 81' lang='lat' dir='ltr'><strong>nisi</strong></span> <span class='ocrx_word' id='word_1_326' title='bbox 1219 3263 1673 3330; x_wconf 78' lang='lat' dir='ltr'><strong>ambulaveris</strong></span> <span class='ocrx_word' id='word_1_327' title='bbox 1702 3263 2090 3348; x_wconf 79' lang='lat' dir='ltr'><strong>nobiscum,</strong></span> <span class='ocrx_word' id='word_1_328' title='bbox 2120 3276 2197 3330; x_wconf 81' lang='lat' dir='ltr'><strong>ut</strong></span> <span class='ocrx_word' id='word_1_329' title='bbox 2236 3292 2269 3325; x_wconf 92' lang='lat'>»</span> <span class='ocrx_word' id='word_1_330' title='bbox 2304 3304 2392 3314; x_wconf 90' lang='lat'>—</span> <span class='ocrx_word' id='word_1_331' title='bbox 2422 3263 2533 3331; x_wconf 87' lang='lat' dir='ltr'><strong>vel</strong></span> <span class='ocrx_word' id='word_1_332' title='bbox 2554 3265 2782 3354; x_wconf 89' lang='lat' dir='ltr'><strong>potius</strong></span> <span class='ocrx_word' id='word_1_333' title='bbox 2812 3275 2877 3331; x_wconf 82' lang='lat' dir='ltr'><strong>et</strong></span> <span class='ocrx_word' id='word_1_334' title='bbox 2913 3302 3002 3311; x_wconf 95' lang='lat'>—</span> <span class='ocrx_word' id='word_1_335' title='bbox 3032 3291 3066 3324; x_wconf 85' lang='lat'>«</span> <span class='ocrx_word' id='word_1_336' title='bbox 3096 3263 3237 3353; x_wconf 88' lang='grc' dir='ltr'><em>9ἰο-</em></span> 
     </span>
     <span class='ocr_line' id='line_1_29' title="bbox 570 3366 3241 3461; baseline 0 -28"><span class='ocrx_word' id='word_1_337' title='bbox 570 3366 920 3458; x_wconf 80' lang='lat' dir='ltr'><strong>rificemur</strong></span> <span class='ocrx_word' id='word_1_338' title='bbox 953 3398 984 3432; x_wconf 89' lang='lat'>»</span> <span class='ocrx_word' id='word_1_339' title='bbox 1009 3423 1023 3452; x_wconf 92' lang='lat'>‚</span> <span class='ocrx_word' id='word_1_340' title='bbox 1062 3392 1182 3458; x_wconf 81' lang='grc'><strong>090</strong></span> <span class='ocrx_word' id='word_1_341' title='bbox 1215 3381 1279 3436; x_wconf 85' lang='lat' dir='ltr'><strong>et</strong></span> <span class='ocrx_word' id='word_1_342' title='bbox 1299 3369 1604 3459; x_wconf 80' lang='lat' dir='ltr'><strong>populus</strong></span> <span class='ocrx_word' id='word_1_343' title='bbox 1636 3383 1827 3452; x_wconf 87' lang='lat' dir='ltr'><strong>tuus,</strong></span> <span class='ocrx_word' id='word_1_344' title='bbox 1869 3399 1902 3433; x_wconf 87' lang='lat'>«</span> <span class='ocrx_word' id='word_1_345' title='bbox 1945 3374 2028 3437; x_wconf 89' lang='lat' dir='ltr'><strong>ab</strong></span> <span class='ocrx_word' id='word_1_346' title='bbox 2067 3370 2378 3437; x_wconf 84' lang='lat' dir='ltr'><strong>omnibus</strong></span> <span class='ocrx_word' id='word_1_347' title='bbox 2410 3370 2706 3461; x_wconf 80' lang='lat' dir='ltr'><strong>populis</strong></span> <span class='ocrx_word' id='word_1_348' title='bbox 2753 3398 2782 3429; x_wconf 72' lang='lat' dir='ltr'>n</span> <span class='ocrx_word' id='word_1_349' title='bbox 2809 3422 2824 3451; x_wconf 88' lang='lat'>‚</span> <span class='ocrx_word' id='word_1_350' title='bbox 2869 3371 2919 3436; x_wconf 94' lang='lat' dir='ltr'><strong>i.</strong></span> <span class='ocrx_word' id='word_1_351' title='bbox 2965 3392 3025 3436; x_wconf 94' lang='grc'><em>0.</em></span> <span class='ocrx_word' id='word_1_352' title='bbox 3064 3369 3241 3435; x_wconf 79' lang='lat' dir='ltr'><strong>inter</strong></span> 
     </span>
     <span class='ocr_line' id='line_1_30' title="bbox 569 3473 3232 3566; baseline 0.001 -26"><span class='ocrx_word' id='word_1_353' title='bbox 569 3473 755 3558; x_wconf 86' lang='lat' dir='ltr'><strong>illos,</strong></span> <span class='ocrx_word' id='word_1_354' title='bbox 796 3502 828 3537; x_wconf 93' lang='lat'>«</span> <span class='ocrx_word' id='word_1_355' title='bbox 869 3475 993 3565; x_wconf 83' lang='lat' dir='ltr'><strong>qui</strong></span> <span class='ocrx_word' id='word_1_356' title='bbox 1028 3475 1343 3542; x_wconf 78' lang='lat' dir='ltr'><strong>habitant</strong></span> <span class='ocrx_word' id='word_1_357' title='bbox 1377 3499 1580 3566; x_wconf 76' lang='lat' dir='ltr'><strong>super</strong></span> <span class='ocrx_word' id='word_1_358' title='bbox 1610 3490 1861 3543; x_wconf 86' lang='lat' dir='ltr'><strong>terram</strong></span> <span class='ocrx_word' id='word_1_359' title='bbox 1905 3505 1965 3542; x_wconf 86' lang='lat'><strong>».</strong></span> <span class='ocrx_word' id='word_1_360' title='bbox 2010 3476 2335 3565; x_wconf 87' lang='lat' dir='ltr'><strong>Sequitur</strong></span> <span class='ocrx_word' id='word_1_361' title='bbox 2363 3476 2584 3544; x_wconf 87' lang='lat' dir='ltr'><strong>altera</strong></span> <span class='ocrx_word' id='word_1_362' title='bbox 2614 3479 2955 3544; x_wconf 81' lang='lat' dir='ltr'><strong>sententia</strong></span> <span class='ocrx_word' id='word_1_363' title='bbox 2995 3476 3087 3566; x_wconf 79' lang='lat' dir='ltr'><strong>(V.</strong></span> <span class='ocrx_word' id='word_1_364' title='bbox 3118 3475 3232 3566; x_wconf 83' lang='lat' dir='ltr'><strong>s.)‚</strong></span> 
     </span>
     <span class='ocr_line' id='line_1_31' title="bbox 570 3581 3241 3672; baseline 0 -25"><span class='ocrx_word' id='word_1_365' title='bbox 570 3603 708 3670; x_wconf 85' lang='lat' dir='ltr'><strong>qua</strong></span> <span class='ocrx_word' id='word_1_366' title='bbox 743 3586 916 3648; x_wconf 90' lang='lat' dir='ltr'><strong>Deus</strong></span> <span class='ocrx_word' id='word_1_367' title='bbox 943 3584 1146 3670; x_wconf 75' lang='lat' dir='ltr'><strong>Moysi</strong></span> <span class='ocrx_word' id='word_1_368' title='bbox 1175 3583 1566 3650; x_wconf 81' lang='lat' dir='ltr'><strong>assentitur.</strong></span> <span class='ocrx_word' id='word_1_369' title='bbox 1595 3606 1660 3649; x_wconf 81' lang='lat' dir='ltr'><strong>v,</strong></span> <span class='ocrx_word' id='word_1_370' title='bbox 1703 3588 1785 3649; x_wconf 81' lang='lat'><strong>17</strong></span> <span class='ocrx_word' id='word_1_371' title='bbox 1824 3612 1853 3644; x_wconf 89' lang='lat'>«</span> <span class='ocrx_word' id='word_1_372' title='bbox 1896 3582 2087 3649; x_wconf 65' lang='lat' dir='ltr'><strong>Dia-it</strong></span> <span class='ocrx_word' id='word_1_373' title='bbox 2120 3595 2349 3650; x_wconf 79' lang='lat' dir='ltr'><strong>autem</strong></span> <span class='ocrx_word' id='word_1_374' title='bbox 2384 3583 2721 3650; x_wconf 85' lang='lat' dir='ltr'><strong>Dominus</strong></span> <span class='ocrx_word' id='word_1_375' title='bbox 2759 3581 2855 3650; x_wconf 87' lang='lat' dir='ltr'><strong>ad</strong></span> <span class='ocrx_word' id='word_1_376' title='bbox 2888 3586 3175 3672; x_wconf 77' lang='lat' dir='ltr'><strong>Moysen</strong></span> <span class='ocrx_word' id='word_1_377' title='bbox 3215 3603 3241 3647; x_wconf 92' lang='lat'><strong>.·</strong></span> 
     </span>
     <span class='ocr_line' id='line_1_32' title="bbox 572 3687 3238 3780; baseline 0 -27"><span class='ocrx_word' id='word_1_378' title='bbox 572 3689 662 3754; x_wconf 85' lang='lat' dir='ltr'><strong>Ec</strong></span> <span class='ocrx_word' id='word_1_379' title='bbox 693 3690 970 3755; x_wconf 85' lang='lat' dir='ltr'><strong>verbum</strong></span> <span class='ocrx_word' id='word_1_380' title='bbox 1004 3688 1216 3776; x_wconf 83' lang='lat' dir='ltr'><strong>istud,</strong></span> <span class='ocrx_word' id='word_1_381' title='bbox 1263 3689 1451 3778; x_wconf 82' lang='lat' dir='ltr'><strong>quod</strong></span> <span class='ocrx_word' id='word_1_382' title='bbox 1494 3690 1764 3757; x_wconf 87' lang='lat' dir='ltr'><strong>locutus</strong></span> <span class='ocrx_word' id='word_1_383' title='bbox 1793 3713 1896 3771; x_wconf 77' lang='lat' dir='ltr'><strong>eS,</strong></span> <span class='ocrx_word' id='word_1_384' title='bbox 1918 3689 2195 3779; x_wconf 85' lang='lat' dir='ltr'><strong>faciam</strong></span> <span class='ocrx_word' id='word_1_385' title='bbox 2248 3712 2317 3772; x_wconf 81' lang='lat'><strong>»3</strong></span> <span class='ocrx_word' id='word_1_386' title='bbox 2361 3691 2435 3756; x_wconf 90' lang='lat' dir='ltr'><strong>in</strong></span> <span class='ocrx_word' id='word_1_387' title='bbox 2493 3689 2721 3756; x_wconf 87' lang='lat' dir='ltr'><strong>medio</strong></span> <span class='ocrx_word' id='word_1_388' title='bbox 2762 3689 3004 3780; x_wconf 90' lang='lat' dir='ltr'><strong>populi</strong></span> <span class='ocrx_word' id='word_1_389' title='bbox 3043 3687 3238 3756; x_wconf 88' lang='lat' dir='ltr'><strong>habi-</strong></span> 
     </span>
     <span class='ocr_line' id='line_1_33' title="bbox 569 3794 3236 3885; baseline 0 -24"><span class='ocrx_word' id='word_1_390' title='bbox 569 3794 766 3878; x_wconf 87' lang='lat' dir='ltr'><strong>tabo;</strong></span> <span class='ocrx_word' id='word_1_391' title='bbox 807 3823 839 3856; x_wconf 89' lang='lat'>«</span> <span class='ocrx_word' id='word_1_392' title='bbox 900 3795 1225 3862; x_wconf 80' lang='lat' dir='ltr'><strong>invenisti</strong></span> <span class='ocrx_word' id='word_1_393' title='bbox 1256 3795 1438 3862; x_wconf 86' lang='lat' dir='ltr'><strong>enim</strong></span> <span class='ocrx_word' id='word_1_394' title='bbox 1475 3796 1782 3885; x_wconf 76' lang='lat' dir='ltr'><strong>qratiam</strong></span> <span class='ocrx_word' id='word_1_395' title='bbox 1826 3819 2054 3864; x_wconf 86' lang='lat' dir='ltr'><strong>coram</strong></span> <span class='ocrx_word' id='word_1_396' title='bbox 2097 3819 2240 3881; x_wconf 76' lang='lat' dir='ltr'><strong>me,</strong></span> <span class='ocrx_word' id='word_1_397' title='bbox 2284 3808 2350 3863; x_wconf 83' lang='lat' dir='ltr'><strong>et</strong></span> <span class='ocrx_word' id='word_1_398' title='bbox 2401 3809 2464 3862; x_wconf 86' lang='lat' dir='ltr'><strong>te</strong></span> <span class='ocrx_word' id='word_1_399' title='bbox 2504 3797 2729 3885; x_wconf 82' lang='lat' dir='ltr'><strong>ipsum</strong></span> <span class='ocrx_word' id='word_1_400' title='bbox 2776 3795 2938 3862; x_wconf 79' lang='lat' dir='ltr'><strong>novi</strong></span> <span class='ocrx_word' id='word_1_401' title='bbox 2984 3818 3070 3861; x_wconf 72' lang='lat' dir='ltr'><strong>ea:</strong></span> <span class='ocrx_word' id='word_1_402' title='bbox 3116 3817 3236 3862; x_wconf 80' lang='lat' dir='ltr'><strong>no-</strong></span> 
     </span>
     <span class='ocr_line' id='line_1_34' title="bbox 572 3899 1233 3969; baseline 0.003 -2"><span class='ocrx_word' id='word_1_403' title='bbox 572 3899 757 3968; x_wconf 78' lang='lat' dir='ltr'><strong>mine</strong></span> <span class='ocrx_word' id='word_1_404' title='bbox 801 3929 860 3969; x_wconf 89' lang='lat'><strong>».</strong></span> <span class='ocrx_word' id='word_1_405' title='bbox 897 3903 994 3968; x_wconf 88' lang='lat' dir='ltr'><strong>Cf.</strong></span> <span class='ocrx_word' id='word_1_406' title='bbox 1023 3925 1084 3968; x_wconf 85' lang='lat' dir='ltr'><strong>V.</strong></span> <span class='ocrx_word' id='word_1_407' title='bbox 1128 3908 1233 3969; x_wconf 79' lang='lat'><strong>12.</strong></span> 
     </span>
    </p>
   </div>
   <div class='ocr_carea' id='block_1_3' title="bbox 719 4154 3066 4308">
    <p class='ocr_par' dir='ltr' id='par_1_4' title="bbox 719 4154 3066 4308">
     <span class='ocr_line' id='line_1_35' title="bbox 719 4154 3066 4220; baseline 0 -16"><span class='ocrx_word' id='word_1_408' title='bbox 719 4154 772 4204; x_wconf 86' lang='lat' dir='ltr'><strong>b.</strong></span> <span class='ocrx_word' id='word_1_409' title='bbox 807 4155 982 4218; x_wconf 84' lang='lat' dir='ltr'><strong>Moysi</strong></span> <span class='ocrx_word' id='word_1_410' title='bbox 1012 4156 1245 4206; x_wconf 88' lang='lat' dir='ltr'><strong>ulterius</strong></span> <span class='ocrx_word' id='word_1_411' title='bbox 1272 4157 1502 4219; x_wconf 86' lang='lat' dir='ltr'><strong>petenti,</strong></span> <span class='ocrx_word' id='word_1_412' title='bbox 1530 4156 1588 4205; x_wconf 88' lang='lat' dir='ltr'><strong>ut</strong></span> <span class='ocrx_word' id='word_1_413' title='bbox 1616 4154 1815 4206; x_wconf 77' lang='lat' dir='ltr'><strong>faciem</strong></span> <span class='ocrx_word' id='word_1_414' title='bbox 1840 4156 1944 4207; x_wconf 88' lang='lat' dir='ltr'><strong>Dei</strong></span> <span class='ocrx_word' id='word_1_415' title='bbox 1974 4156 2227 4206; x_wconf 86' lang='lat' dir='ltr'><strong>contueri</strong></span> <span class='ocrx_word' id='word_1_416' title='bbox 2251 4157 2627 4220; x_wconf 79' lang='lat' dir='ltr'><strong>permittatur,</strong></span> <span class='ocrx_word' id='word_1_417' title='bbox 2657 4155 2809 4206; x_wconf 84' lang='lat' dir='ltr'><strong>Deus</strong></span> <span class='ocrx_word' id='word_1_418' title='bbox 2840 4168 2873 4205; x_wconf 83' lang='lat' dir='ltr'><strong>a</strong></span> <span class='ocrx_word' id='word_1_419' title='bbox 2905 4159 3066 4219; x_wconf 82' lang='lat' dir='ltr'><strong>tergo</strong></span> 
     </span>
     <span class='ocr_line' id='line_1_36' title="bbox 1365 4243 2438 4308; baseline 0 -14"><span class='ocrx_word' id='word_1_420' title='bbox 1365 4245 1613 4308; x_wconf 86' lang='lat' dir='ltr'><strong>conspici</strong></span> <span class='ocrx_word' id='word_1_421' title='bbox 1639 4245 1982 4308; x_wconf 85' lang='lat' dir='ltr'><strong>permittitur</strong></span> <span class='ocrx_word' id='word_1_422' title='bbox 2011 4245 2110 4294; x_wconf 84' lang='lat' dir='ltr'><strong>Ex.</strong></span> <span class='ocrx_word' id='word_1_423' title='bbox 2148 4243 2438 4304; x_wconf 77' lang='lat'><strong>33,18-23.</strong></span> 
     </span>
    </p>
   </div>
   <div class='ocr_carea' id='block_1_4' title="bbox 566 4434 3235 4845">
    <p class='ocr_par' dir='ltr' id='par_1_5' title="bbox 566 4434 3235 4845">
     <span class='ocr_line' id='line_1_37' title="bbox 655 4434 3235 4526; baseline 0.001 -27"><span class='ocrx_word' id='word_1_424' title='bbox 655 4435 825 4521; x_wconf 78' lang='grc' dir='ltr'><strong>Αν9.</strong></span> <span class='ocrx_word' id='word_1_425' title='bbox 856 4474 945 4482; x_wconf 95' lang='grc'><strong>--</strong></span> <span class='ocrx_word' id='word_1_426' title='bbox 973 4439 1221 4523; x_wconf 82' lang='lat' dir='ltr'><strong>Moyses</strong></span> <span class='ocrx_word' id='word_1_427' title='bbox 1254 4435 1719 4504; x_wconf 89' lang='lat' dir='ltr'><strong>firmissimum</strong></span> <span class='ocrx_word' id='word_1_428' title='bbox 1747 4435 2064 4502; x_wconf 84' lang='lat' dir='ltr'><strong>obtentae</strong></span> <span class='ocrx_word' id='word_1_429' title='bbox 2095 4434 2362 4522; x_wconf 87' lang='lat' dir='ltr'><strong>gratiae</strong></span> <span class='ocrx_word' id='word_1_430' title='bbox 2393 4446 2462 4502; x_wconf 87' lang='lat' dir='ltr'><strong>et</strong></span> <span class='ocrx_word' id='word_1_431' title='bbox 2490 4435 2936 4516; x_wconf 81' lang='lat' dir='ltr'><strong>obtinendae,</strong></span> <span class='ocrx_word' id='word_1_432' title='bbox 2967 4437 3021 4503; x_wconf 88' lang='lat' dir='ltr'><strong>si</strong></span> <span class='ocrx_word' id='word_1_433' title='bbox 3046 4440 3235 4526; x_wconf 89' lang='lat' dir='ltr'><strong>post·</strong></span> 
     </span>
     <span class='ocr_line' id='line_1_38' title="bbox 572 4540 3231 4632; baseline 0.001 -27"><span class='ocrx_word' id='word_1_434' title='bbox 572 4540 855 4606; x_wconf 88' lang='lat' dir='ltr'><strong>modum</strong></span> <span class='ocrx_word' id='word_1_435' title='bbox 882 4562 1152 4608; x_wconf 88' lang='lat' dir='ltr'><strong>necesse</strong></span> <span class='ocrx_word' id='word_1_436' title='bbox 1182 4541 1429 4626; x_wconf 81' lang='lat' dir='ltr'><strong>fuerit,</strong></span> <span class='ocrx_word' id='word_1_437' title='bbox 1463 4543 1701 4610; x_wconf 89' lang='lat' dir='ltr'><strong>veniae</strong></span> <span class='ocrx_word' id='word_1_438' title='bbox 1725 4542 1982 4632; x_wconf 86' lang='lat' dir='ltr'><strong>pignus</strong></span> <span class='ocrx_word' id='word_1_439' title='bbox 2012 4542 2215 4632; x_wconf 83' lang='lat' dir='ltr'><strong>petit,</strong></span> <span class='ocrx_word' id='word_1_440' title='bbox 2251 4548 2331 4611; x_wconf 92' lang='lat' dir='ltr'><strong>ut</strong></span> <span class='ocrx_word' id='word_1_441' title='bbox 2366 4542 2484 4609; x_wconf 87' lang='lat' dir='ltr'><strong>Dei</strong></span> <span class='ocrx_word' id='word_1_442' title='bbox 2513 4542 2761 4610; x_wconf 87' lang='lat' dir='ltr'><strong>faciem</strong></span> <span class='ocrx_word' id='word_1_443' title='bbox 2790 4564 2910 4609; x_wconf 86' lang='lat' dir='ltr'><strong>seu</strong></span> <span class='ocrx_word' id='word_1_444' title='bbox 2942 4542 3231 4631; x_wconf 83' lang='lat' dir='ltr'><strong>gloriam</strong></span> 
     </span>
     <span class='ocr_line' id='line_1_39' title="bbox 572 4647 3233 4738; baseline 0 -25"><span class='ocrx_word' id='word_1_445' title='bbox 572 4647 883 4713; x_wconf 89' lang='lat' dir='ltr'><strong>contueri</strong></span> <span class='ocrx_word' id='word_1_446' title='bbox 921 4647 1383 4737; x_wconf 83' lang='lat' dir='ltr'><strong>permittatur.</strong></span> <span class='ocrx_word' id='word_1_447' title='bbox 1438 4649 1544 4716; x_wconf 91' lang='lat' dir='ltr'><strong>Uti</strong></span> <span class='ocrx_word' id='word_1_448' title='bbox 1588 4649 1767 4716; x_wconf 86' lang='lat' dir='ltr'><strong>Elias</strong></span> <span class='ocrx_word' id='word_1_449' title='bbox 1811 4655 1849 4715; x_wconf 89' lang='grc'><strong>3</strong></span> <span class='ocrx_word' id='word_1_450' title='bbox 1892 4654 2059 4736; x_wconf 86' lang='lat' dir='ltr'><strong>Reg.</strong></span> <span class='ocrx_word' id='word_1_451' title='bbox 2119 4656 2273 4732; x_wconf 82' lang='lat'><strong>19,9</strong></span> <span class='ocrx_word' id='word_1_452' title='bbox 2312 4670 2462 4738; x_wconf 89' lang='lat' dir='ltr'><strong>sqq.</strong></span> <span class='ocrx_word' id='word_1_453' title='bbox 2518 4649 2743 4716; x_wconf 89' lang='lat' dir='ltr'><strong>solum</strong></span> <span class='ocrx_word' id='word_1_454' title='bbox 2794 4648 2914 4715; x_wconf 87' lang='lat' dir='ltr'><strong>Dei</strong></span> <span class='ocrx_word' id='word_1_455' title='bbox 2957 4654 3233 4736; x_wconf 82' lang='lat' dir='ltr'><strong>tergum</strong></span> 
     </span>
     <span class='ocr_line' id='line_1_40' title="bbox 566 4752 3231 4845; baseline 0 -26"><span class='ocrx_word' id='word_1_456' title='bbox 566 4753 873 4822; x_wconf 89' lang='lat' dir='ltr'><strong>contueri</strong></span> <span class='ocrx_word' id='word_1_457' title='bbox 900 4753 1344 4845; x_wconf 81' lang='lat' dir='ltr'><strong>permittitur.</strong></span> <span class='ocrx_word' id='word_1_458' title='bbox 1374 4754 1498 4833; x_wconf 90' lang='lat' dir='ltr'><strong>Qui</strong></span> <span class='ocrx_word' id='word_1_459' title='bbox 1532 4754 1668 4822; x_wconf 90' lang='lat' dir='ltr'><strong>duo</strong></span> <span class='ocrx_word' id='word_1_460' title='bbox 1696 4754 1830 4823; x_wconf 86' lang='lat' dir='ltr'><strong>viri</strong></span> <span class='ocrx_word' id='word_1_461' title='bbox 1860 4760 2015 4822; x_wconf 87' lang='lat' dir='ltr'><strong>ante</strong></span> <span class='ocrx_word' id='word_1_462' title='bbox 2043 4754 2344 4845; x_wconf 89' lang='lat' dir='ltr'><strong>reliquos</strong></span> <span class='ocrx_word' id='word_1_463' title='bbox 2376 4754 2803 4844; x_wconf 87' lang='lat' dir='ltr'><strong>antiquiores</strong></span> <span class='ocrx_word' id='word_1_464' title='bbox 2831 4761 3100 4823; x_wconf 85' lang='lat' dir='ltr'><strong>sanctos</strong></span> <span class='ocrx_word' id='word_1_465' title='bbox 3140 4752 3231 4821; x_wconf 87' lang='lat' dir='ltr'><strong>ad</strong></span> 
     </span>
    </p>
   </div>
   <div class='ocr_carea' id='block_1_5' title="bbox 3446 64 3458 5346">
    <p class='ocr_par' dir='ltr' id='par_1_6' title="bbox 3446 64 3458 5346">
     <span class='ocr_line' id='line_1_41' title="bbox 3446 64 3458 5346; baseline 0 0"><span class='ocrx_word' id='word_1_466' title='bbox 3446 64 3458 5346; x_wconf 95' lang='lat' dir='ltr'><strong> </strong></span> 
     </span>
    </p>
   </div>
  </div>
 </body>
</html>
