3534 5384
708 371 757 415 nx.
782 357 874 427 atas
895 373 958 426 seo.

485 588 520 634 (2)
534 585 568 625 Ad
581 587 645 634 lenem
657 586 683 625 de
696 586 805 628 bomtetdto
817 587 959 628 additamenta
974 590 1018 628 tete
1033 589 1072 630 Er.
1087 587 1188 638 tiabat.

209 755 294 843 Arq.
320 788 361 802 -
383 753 416 818 si
435 751 540 819 homo
562 752 652 819 liber
670 776 850 844 percussus
868 755 1136 840 reconvalescat,
1152 757 1307 826 restituat
1321 781 1503 848 percussor

166 859 301 925 lucrum
321 881 456 926 cessans
477 865 511 926 et
530 859 699 927 damnum
714 881 906 947 emergens.
933 862 969 928 si
987 861 1146 949 dominus
1160 885 1296 932 servum
1312 887 1412 932 suum
1427 889 1503 956 per-

166 967 309 1033 cusserit
329 966 394 1049 ita,
423 973 461 1032 ut
484 965 513 1031 is
540 970 615 1055 post
638 965 769 1056 aliquos
790 966 863 1034 dies
883 969 1062 1050 moriatur,
1088 968 1168 1036 satis
1192 977 1349 1040 censetur
1360 973 1500 1062 punitus

167 1070 290 1139 amisso
311 1093 372 1138 suo
396 1093 508 1140 servo.
537 1075 598 1149 Qui
624 1073 829 1163 percusserit
854 1075 1036 1142 mulierem
1063 1085 1330 1166 praegnantem,
1354 1079 1384 1145 si
1409 1079 1499 1146 solus

166 1177 307 1246 abortus
328 1185 504 1268 sequatur,
529 1179 680 1269 pecunia
698 1179 934 1264 mulctabitur,
952 1181 980 1248 si
998 1184 1072 1271 ipsa
1090 1189 1265 1272 praeterea
1285 1185 1409 1252 mulier
1424 1207 1496 1252 mo·

165 1283 286 1364 riatur,
303 1285 532 1352 interimatur.

552 1501 594 1561 (a)
611 1501 647 1548 De
663 1502 718 1548 viro
733 1515 851 1562 percusso
865 1501 890 1549 in
905 1502 960 1550 rixa
977 1503 1022 1550 Ex.
1041 1505 1110 1564 21,18
1126 1519 1162 1564 sq.

208 1701 238 1748 v.
264 1683 335 1745 18«
359 1680 398 1746 Se
413 1677 523 1746 rixati
543 1679 678 1767 fuerint
696 1681 779 1766 oiri,
803 1693 834 1747 et
849 1680 1054 1769 percusserit
1073 1681 1161 1748 alter
1179 1682 1377 1772 prosimum
1394 1707 1495 1752 sacrun

163 1783 279 1874 lepide
294 1784 476 1874 calpeque
494 1814 531 1866 »,
548 1823 592 1836 -
609 1791 793 1876 utramque
809 1809 928 1855 vocem
943 1785 1079 1873 ignorat
1095 1790 1205 1869 Sana,
1224 1789 1306 1856 dum
1322 1790 1401 1880 Syr.
1419 1791 1495 1860 loco

162 1891 275 1980 pugni
294 1890 400 1958 habet
421 1891 580 1958 taculum
597 1928 642 1942 —-
659 1921 675 1954 a
693 1899 726 1960 'et
746 1893 805 1960 ille
819 1905 973 1960 mortisue
995 1895 1202 1982 confecerit,
1219 1895 1280 1961 sed
1295 1895 1439 1963 iacuerit
1458 1897 1495 1964 ire

163 1997 285 2064 lectulo
311 2025 345 2080 a,
368 2021 400 2064 v.
430 2005 470 2065 19
494 1997 561 2064 «si
584 1999 771 2067 surrexerit
794 2012 826 2066 ct
854 2000 1081 2067 ambulaverit
1106 2000 1191 2090 [oris
1215 2025 1318 2092 super
1336 2004 1495 2070 bocrclum

161 2126 279 2187 suom,
303 2103 465 2170 innocens
492 2103 578 2185 crit,
603 2104 666 2193 qui
688 2106 907 2195 percusserit,
928 2106 979 2172 ito
1003 2119 1134 2190 tomen,
1161 2118 1198 2173 ut
1225 2130 1345 2198 operas
1368 2107 1441 2176 eius
1463 2124 1495 2176 et

163 2209 334 2300 impensos
355 2210 393 2275 e'n
419 2209 568 2277 medicos
592 2211 754 2280 restituat
778 2239 809 2280 a.
832 2215 935 2280 Hebr.
957 2235 968 2280 .·
987 2212 1101 2280 solum
1116 2213 1263 2303 qrcietem
1282 2215 1353 2282 eius
1364 2215 1494 2306 pendet

162 2329 194 2382 et
207 2315 338 2383 mederi
359 2317 487 2404 societ,
509 2316 666 2385 restituat
688 2347 704 2380 t<
730 2318 867 2387 lucrum
889 2341 1022 2387 cessans
1044 2325 1078 2388 et
1095 2320 1261 2388 damnum
1278 2344 1459 2410 emergens
1477 2353 1492 2384 a

160 2422 278 2511 (Gaia.
300 2423 423 2510 Agitur
440 2421 484 2489 de
506 2425 727 2513 percussione
745 2455 761 2486 a
784 2448 850 2492 non
864 2424 997 2512 gladio,
1015 2448 1086 2493 uon
1099 2448 1138 2493 ex
1152 2426 1361 2510 intentione,
1381 2429 1439 2496 sed
1453 2453 1493 2497 ex

160 2530 339 2619 repentina
363 2530 435 2597 rixa
460 2559 476 2592 »
502 2530 609 2621 (Coi.)
637 2531 738 2600 facta.
766 2531 871 2622 Lapis
890 2538 923 2600 et
939 2555 1083 2623 pugnus
1101 2534 1221 2624 utique
1246 2534 1291 2602 ad
1311 2535 1446 2603 eminus
1462 2546 1494 2604 et

159 2635 331 2719 sominae,
360 2635 464 2703 armis
482 2635 692 2726 quibusdam
716 2644 776 2705 aut
798 2637 902 2706 nullis
926 2640 1030 2706 armis
1054 2645 1248 2729 pugnantes
1270 2642 1491 2710 reseruntur:

161 2747 275 2809 tamen
288 2742 356 2808 illis
370 2743 512 2810 vocibus
523 2743 657 2811 includi
670 2744 773 2811 etiarn
787 2745 936 2830 gladios,
950 2745 1091 2831 sagittas
1106 2750 1170 2812 etc.
1189 2745 1324 2837 (Post),
1341 2747 1396 2814 vix
1411 2771 1493 2815 con-

160 2849 331 2916 cesserim.
347 2848 482 2935 ‚Agitur
499 2850 541 2916 de
568 2849 647 2916 rixis
669 2850 783 2918 subito
801 2850 966 2933 subortis,
986 2874 1056 2918 non
1080 2875 1097 2918 e
1120 2853 1289 2921 condicto.
1310 2854 1434 2932 Quodsi
1455 2856 1491 2920 in

159 2952 328 3022 eiusmodi
346 2955 427 3022 rixis
442 2956 651 3045 quandoque
669 2956 774 3024 etiam
791 2957 898 3044 gladii
920 2957 1192 3045 stringebantur,
1209 2960 1328 3048 utique
1342 2981 1404 3049 per
1419 2961 1492 3051 epi·

158 3061 274 3127 keiam
285 3062 371 3128 haec
387 3060 443 3127 lex
462 3066 597 3151 poterat
609 3061 775 3130 invocari.
791 3064 824 3130 Si
843 3063 1056 3131 moriebatur
1073 3065 1289 3150 vulneratus,
1306 3073 1491 3156 autequam

158 3167 243 3234 foris
261 3167 440 3234 anibulare
459 3191 562 3258 super
580 3169 743 3236 baculum
757 3169 933 3253 valuisset,
950 3171 1070 3237 mortis
1082 3193 1265 3260 percussor
1279 3193 1357 3239 reus
1375 3195 1492 3242 cense-

159 3272 273 3353 batur,
290 3279 493 3364 poteratque
504 3274 688 3364 privilegio
703 3299 736 3342 v.
757 3283 797 3343 13
813 3298 971 3343 concesso
987 3276 1047 3343 uti.
1071 3277 1104 3344 si
1120 3277 1271 3367 primum
1287 3278 1490 3366 egredieba-

158 3384 216 3446 tur
242 3381 442 3447 vulnerat-us
467 3381 652 3448 ambulans
678 3404 781 3472 super
808 3382 986 3465 baculum,
1015 3389 1048 3449 ct
1072 3385 1236 3473 posthoc
1261 3383 1486 3469 moriebatur,

160 3512 177 3546 a
195 3487 398 3554 censebatur
412 3509 505 3553 mors
520 3510 560 3553 ex
577 3488 792 3576 negligentia
806 3489 991 3556 curationis
1005 3489 1058 3556 vel
1075 3490 1143 3557 alia
1157 3512 1260 3558 causa
1273 3491 1454 3578 contigisse
1473 3522 1488 3554 »
1591 3511 1594 3516 ’

159 3593 291 3680 (lons.).
309 3597 373 3659 Lex
393 3593 503 3660 fertur
521 3593 564 3660 de
590 3595 668 3661 solis
690 3593 850 3662 Hebraeis
877 3595 1097 3686 (proeimnm)
1123 3619 1131 3662 :
1158 3596 1364 3664 crediderim
1387 3598 1489 3686 longe

157 3698 312 3765 severius
325 3699 603 3767 animadversum
617 3701 661 3766 iri
675 3701 710 3766 in
726 3723 797 3768 non
815 3701 1024 3784 Hebraeum,
1040 3703 1098 3792 qui
1118 3701 1209 3769 intra
1228 3708 1339 3772 terrae
1353 3713 1489 3773 sanetae

157 3805 244 3872 fines
269 3805 461 3873 Hebraeum
492 3807 712 3874 vulnerasset.
740 3811 813 3874 Non
828 3830 945 3874 omnes
965 3829 1061 3875 casus
1084 3808 1149 3875 hae
1169 3808 1265 3896 leges
1288 3812 1486 3898 attingunt:

157 3933 229 3979 non
252 3911 434 3998 attingitur
453 3935 551 3980 casus
570 3935 610 3980 eo
632 3935 715 3981 aevo
736 3936 816 3982 sane
833 3913 1009 3981 inauditus
1028 3913 1182 3984 mulieris
1204 3918 1355 4002 graviter
1368 3917 1488 3994 vulne-

156 4017 266 4085 rantis
280 4018 404 4099 virum,
413 4041 525 4110 neque
535 4041 634 4088 casus
647 4019 955 4088 servivulnerautis
966 4021 1099 4089 herum.
1118 4021 1393 4090 Mulierumrixae
1408 4046 1488 4090 cen-

155 4124 320 4192 sebantur
335 4124 465 4192 habere
481 4126 560 4215 plus
572 4126 731 4194 clamoris
747 4148 852 4216 quam
867 4126 1008 4195 cruoris.

517 4367 554 4429 (b)
567 4367 605 4414 De
617 4381 688 4416 servo
704 4381 820 4429 percusso
832 4369 865 4416 ab
880 4369 940 4416 here
949 4368 996 4418 Ex.
1015 4371 1084 4430 21,20
1098 4383 1135 4428 sq.

201 4574 233 4617 v.
249 4558 291 4620 20
309 4581 324 4614 (ι
349 4552 417 4634 Qui
429 4553 640 4643 percusserit
650 4577 785 4622 seruum
798 4579 900 4624 eurem
910 4555 963 4622 ccl
974 4555 1139 4622 aracillum
1148 4555 1246 4645 sirpo
1260 4583 1274 4616 »
1288 4607 1295 4638 ,
1310 4589 1359 4602 -
1370 4579 1486 4623 rocem

154 4657 294 4744 ignorat
307 4661 402 4727 Sam.
428 4697 473 4711 —
489 4687 505 4722 a
523 4673 556 4726 et
567 4661 698 4728 mortui
708 4660 845 4747 fuerint
865 4662 902 4730 in
921 4662 1077 4729 monibus
1093 4662 1166 4728 eius
1185 4687 1218 4744 a,
1241 4701 1283 4713 -
1303 4664 1404 4730 Hebr.
1426 4660 1486 4728 sub

154 4785 263 4832 manu
278 4764 351 4833 eius
372 4806 417 4818 -
436 4792 452 4832 a
475 4766 632 4834 crirnieis
657 4789 734 4836 reus
753 4769 817 4836 erit
841 4797 870 4836 o.
889 4768 983 4836 Servi
1000 4768 1219 4858 postmodum
1235 4768 1389 4858 plerique
1404 4772 1480 4834 Lev.
