3534 5384
705 444 776 487 rev.
800 427 889 499 18,17
913 444 956 496 so.
1439 429 1496 488 183

174 581 289 664 patre,
306 601 323 635 u
351 597 421 641 non
439 574 623 659 rerelabis;
637 577 749 665 filiam
769 577 840 667 filii
856 578 930 644 eius
951 590 984 643 et
995 576 1109 665 filiam
1124 576 1222 664 filiae
1243 575 1338 642 illius
1357 603 1395 658 u,
1415 577 1497 643 item

170 680 215 747 ab
232 681 299 746 alio
312 685 411 771 patre
436 682 647 766 genitorum,
668 711 685 744 α
706 706 776 750 non
793 693 922 767 sumes,
941 696 980 750 ut
997 682 1121 749 recales
1136 682 1363 771 iqnominiam
1376 683 1449 749 eius·
1464 711 1493 750 a.

170 785 399 854 Prohibentur
412 787 553 876 nuptiae
564 811 641 855 aum
657 790 728 857 filia
747 813 807 858 seu
825 796 929 881 nepte
948 791 1060 880 priore
1085 789 1304 856 matrimonio
1320 789 1499 878 prognatis

169 894 217 976 ei,
239 893 300 982 qui
322 897 467 961 matrem
484 917 544 960 seu
568 895 681 962 asiam
697 896 801 963 habet
815 897 871 964 vel
888 897 1011 963 habuit
1027 918 1179 962 uxorem.
1195 900 1279 962 Cum
1295 895 1388 962 enirn
1403 896 1498 963 clau-

172 1000 247 1068 sula
269 999 381 1066 adhuc
405 999 620 1068 illustrante
641 1004 678 1070 h.
703 1003 726 1071 i.
750 1025 820 1070 non
844 1002 1071 1084 adscribatur,
1093 1001 1236 1069 vetitum
1261 1024 1333 1069 non
1356 1002 1499 1070 solvitur

171 1106 292 1172 matris
305 1108 473 1175 senariae
488 1113 607 1175 morte.
625 1109 730 1176 Plena
744 1109 841 1176 vetiti
853 1109 942 1176 ratio
955 1110 1026 1176 iam
1036 1108 1185 1175 hebetur
1195 1132 1227 1175 v.
1240 1115 1293 1190 11,
1308 1108 1401 1198 quod
1411 1109 1500 1175 eius-

169 1213 261 1291 modi
277 1213 388 1280 uxoris
405 1214 509 1281 liberi
523 1215 599 1301 lege
618 1215 812 1283 habeantur
829 1226 1008 1304 tamquam
1027 1215 1225 1305 posterioris
1245 1215 1359 1282 mariti
1383 1212 1497 1281 liberi.

174 1319 234 1386 Hic
247 1320 354 1387 altera
372 1319 580 1388 adscribitur
602 1323 713 1390 ratio:
739 1352 754 1383 u
776 1322 860 1411 quia
881 1345 959 1388 caro
980 1321 1075 1390 itlius
1093 1333 1189 1406 stent,
1213 1323 1257 1408 [ct
1277 1322 1356 1388 tulis
1377 1320 1499 1405 caitus!

169 1427 315 1492 incestus
330 1439 378 1493 est
399 1455 429 1492 a.
448 1441 557 1501 niun,
568 1427 651 1516 quia
664 1427 905 1518 propinquitas
921 1429 1038 1494 matris
1051 1449 1131 1494 suae
1141 1434 1219 1494 sunt
1234 1451 1241 1493 :
1259 1427 1409 1494 sedeunt
1423 1426 1502 1514 plus

170 1554 275 1622 quam
296 1554 390 1600 mere
412 1534 641 1624 propinquae,
666 1539 746 1601 sunt
769 1534 946 1624 turpitudo
969 1534 1051 1602 eius,
1077 1538 1256 1602 Praeterea
1276 1534 1388 1622 magis
1409 1533 1446 1600 h.
1474 1535 1497 1600 i.

171 1660 274 1728 qnam
294 1663 326 1704 v.
357 1645 399 1706 12
417 1661 468 1728 sq.
492 1639 611 1707 debuit
634 1663 698 1730 pro
723 1662 819 1706 mero
838 1641 959 1707 suffixo
981 1640 1085 1708 scribi
1106 1638 1220 1729 ipsum
1239 1662 1365 1707 nomen
1380 1656 1497 1728 qnnu,

171 1767 239 1835 quo
257 1746 498 1836 perspiciatur,
516 1747 560 1812 ud
579 1746 862 1836 quodvariorum
880 1748 918 1814 in
940 1748 1109 1814 sententia
1127 1747 1308 1814 nominum
1327 1747 1417 1814 illud
1430 1762 1500 1812 inu

169 1853 349 1919 referatur.
371 1856 463 1920 LXX
473 1851 633 1920 videniur
649 1853 772 1939 legisse
787 1868 896 1941 quun,
914 1853 1006 1943 quod
1023 1853 1127 1920 etiam
1142 1858 1318 1934 contextus
1336 1852 1497 1942 postulat.

202 2040 265 2088 itini
282 2030 389 2099 (Theoti.
405 2031 513 2101 ζέμμαῖ)
533 2049 551 2085 n
570 2041 634 2091 nni
654 2037 787 2098 copitare,
803 2036 940 2098 imprimis
960 2035 1034 2084 mala
1053 2036 1177 2098 cogitare
1198 2035 1280 2084 Prov.
1299 2033 1395 2095 30,3t;
1416 2035 1499 2084 Dent.

173 2122 267 2183 19,19;
284 2122 330 2172 Ps.
346 2123 379 2172 ³6
399 2122 511 2189 (37),st
528 2124 600 2173 Hinc
617 2123 712 2174 chuia.
725 2127 838 2187 emman
852 2129 965 2175 secutus
980 2123 1123 2174 consitium
1135 2131 1319 2188 peccatorum,
1335 2124 1397 2186 Syr.
1410 2123 1499 2186 nefas,

169 2213 232 2260 tir
255 2207 377 2278 iaiiqpa.
399 2212 466 2262 Lev.
493 2212 571 2273 isne
595 2211 771 2275 praedicatur
798 2213 833 2264 de
858 2214 1071 2277 prostitutione,
1104 2211 1154 2262 iob
1177 2212 1254 2274 31,11
1283 2211 1317 2264 de
1349 2212 1499 2272 adulterio,

171 2299 232 2350 iud.
250 2299 313 2362 tuti
329 2301 364 2350 de
377 2300 539 2351 foedissimo
553 2301 700 2352 adulterio.
717 2303 816 2364 synam.
833 2301 923 2368 μῦσος,
939 2303 1079 2365 spurcitie.

420 2513 442 2573 β.
459 2511 567 2571 (lupulae
580 2511 674 2558 vetitae
687 2511 721 2558 ob
735 2513 843 2558 rationes
859 2516 1032 2572 temporeneas
1048 2511 1105 2558 Iiev.
1125 2513 1244 2570 tals-ii.

215 2691 299 2778 Arq.
316 2729 360 2740 -
373 2691 489 2756 Uxoris
499 2711 649 2756 sororem
660 2689 784 2756 ducere
795 2690 906 2768 nesea,
923 2689 1088 2778 quamdiu
1100 2688 1184 2754 vivit
1197 2711 1298 2770 uxor3
1313 2688 1397 2754 item
1407 2689 1499 2754 coire

168 2817 247 2863 oum
262 2795 405 2864 muliere
419 2796 660 2881 sanguinibus,
679 2793 848 2884 quamdiu
862 2794 966 2861 durat
984 2795 1109 2874 iluxus3
1128 2816 1205 2861 cum
1220 2815 1325 2860 uxore
1340 2795 1497 2882 proximi,

174 2901 341 2991 quamdiu
362 2904 390 2968 is
411 2907 583 2990 superstes
600 2906 664 2982 est3
687 2922 764 2967 cum
782 2900 994 2986 alienigena,
1012 2899 1178 2990 quamdiu
1198 2898 1236 2966 in
1254 2921 1316 2966 sua
1335 2901 1499 2988 supersti-

172 3009 265 3074 tione
280 3012 485 3096 perseverat.
501 3028 534 3072 v.
554 3012 594 3073 18
614 3035 630 3067 u
650 3008 808 3073 Sororem
827 3005 946 3071 *enoris
962 3018 1040 3072 triae
1056 3005 1093 3072 in
1105 3005 1311 3096 pellicatum
1325 3005 1418 3071 iiiios
1430 3028 1500 3072 nou,

173 3113 336 3204 accipies,
353 3135 413 3178 nec
429 3111 593 3179 revelabis
604 3112 855 3203 turpitudinem
871 3111 1067 3179 eictsudltuc
1084 3111 1146 3178 itta
1159 3111 1291 3178 'uiuerrte
1307 3141 1336 3180 ».
1354 3111 1501 3178 Velobi-

171 3227 224 3288 ter
238 3226 368 3286 textum
382 3217 578 3308 inspicienti
592 3225 702 3308 patet,
721 3241 824 3308 quam
840 3221 991 3305 gratuito
1004 3222 1230 3286 Protestantes
1244 3217 1429 3305 huglioani
1439 3217 1498 3284 de-

168 3327 328 3410 fendant,
345 3327 412 3393 hoc
423 3331 517 3392 textu
536 3327 644 3392 vetari
667 3325 795 3408 virum,
816 3326 1001 3416 quominus
1016 3323 1198 3413 destinatae
1212 3325 1327 3393 uxoris
1348 3346 1498 3391 sororem

172 3435 285 3502 ducet.
302 3432 393 3500 Illud
406 3432 578 3500 Deustieri
590 3433 768 3522 prohibei,
787 3433 878 3522 quod
894 3435 1020 3500 iecerat
1037 3431 1136 3499 iacob
1151 3432 1365 3522 patriarcha,
1381 3431 1498 3499 infini-

169 3547 284 3608 tarum
296 3539 392 3606 domi
405 3538 615 3606 invidiarum
632 3561 781 3606 causam.

204 3685 274 3760 iffi
295 3703 390 3754 choici.
405 3706 467 3766 Syr.
484 3703 660 3767 explicavere
674 3717 690 3753 e
704 3703 798 3753 radice
817 3709 870 3760 't'iii
884 3701 1090 3765 significatione
1109 3703 1263 3752 tribulandi
1283 3706 1412 3767 accepta,
1429 3716 1499 3766 ergo

167 3801 196 3843 ut
216 3795 251 3841 cit
269 3794 301 3840 in
320 3791 524 3842 tribulationem
538 3793 575 3852 ei,
592 3805 630 3841 sc.
647 3794 737 3842 uxori.
753 3791 829 3842 Haec
847 3791 1041 3854 interpretatio
1061 3791 1170 3842 admitti
1189 3793 1286 3855 nequit
1303 3805 1309 3840 ε
1329 3791 1353 3853 1)
1368 3791 1409 3842 sic
1430 3793 1500 3842 haec

165 3883 212 3932 lex
225 3881 368 3931 recederet
381 3881 415 3932 ab
437 3893 472 3931 eo
485 3882 649 3943 planissimo
665 3880 774 3930 dicendi
789 3893 907 3942 genere,
924 3881 998 3943 quod
1020 3882 1048 3930 in
1073 3881 1117 3930 his
1140 3881 1249 3943 iegibus
1271 3879 1497 3944 deprehenditur.

168 3969 194 4035 i)
209 3969 386 4020 adiiceretur
396 3969 540 4030 limitatio,
557 3983 629 4032 quae
644 3971 731 4020 totam
748 3969 840 4030 legem
854 3969 1026 4018 inefficacem
1040 3968 1171 4019 redderet
1187 3982 1194 4017 ε
1209 3971 1370 4032 coniugium
1383 3982 1421 4019 sc.
1435 3981 1496 4019 cum

168 4059 264 4109 uxoris
278 4070 376 4108 sorore
389 4061 449 4108 tum
467 4060 577 4108 tanturn
591 4057 793 4121 prohiberetur,
810 4057 923 4120 quando
938 4056 1060 4108 invidiae
1079 4055 1189 4108 iuturae
1207 4057 1438 4120 praeviderentur
1444 4070 1452 4118 ;
1469 4065 1498 4106 at

171 4147 234 4211 quis
248 4148 301 4206 vir,
317 4157 412 4196 amore
426 4147 551 4197 mulieris
569 4151 677 4209 captus,
694 4159 752 4196 non
769 4147 941 4208 imaginatur
959 4147 1054 4196 omnia
1068 4144 1186 4196 ieliciter
1199 4158 1261 4196 esse
1276 4142 1408 4197 cessura?
1425 4143 1449 4214 3)
1468 4147 1498 4196 Si

170 4237 209 4286 ita
223 4237 379 4285 sensissent
391 4240 502 4296 Maron,
516 4235 731 4299 subcripsissent
745 4236 867 4285 atbnach
879 4247 938 4284 non
948 4237 1012 4286 voci
1023 4233 1212 4298 praecedenti,
1227 4234 1277 4285 sed
1291 4236 1353 4286 voci
1368 4216 1448 4292 inuh.
1463 4263 1498 4270 -

169 4325 233 4373 iii
245 4317 393 4386 ἄντῑζηλον,
409 4325 557 4374 aemulam.
576 4324 734 4376 concordat
751 4323 827 4386 Vutp.
844 4338 853 4373 :
869 4328 964 4374 tamen
978 4336 1030 4388 pro
1047 4322 1143 4388 peitice
1162 4325 1255 4387 potius
1274 4324 1420 4375 scribenda
1439 4332 1498 4376 erat

169 4426 238 4462 uxor
260 4409 358 4461 attera.
375 4410 560 4463 Consentiunt
572 4414 688 4462 Soudias
712 4415 741 4462 et
757 4414 844 4463 versio
862 4413 941 4462 arab,
962 4412 1029 4462 tort
1048 4424 1065 4463 a
1085 4412 1193 4463 Thoma
1215 4412 1336 4475 Erpenio
1356 4415 1431 4463 edita
1451 4411 1494 4478 (ci.

168 4505 199 4552 Ρ.
216 4502 246 4550 de
264 4501 384 4564 inparue
400 4515 408 4551 :
424 4500 639 4564 biittheilungen
657 4501 668 4550 1
687 4500 749 4562 133,
767 4502 936 4565 Goettiugen
955 4501 1042 4568 isaii.
1057 4502 1145 4552 Porro
1162 4501 1241 4552 hebr.
1259 4508 1329 4560 nuit,
1354 4515 1409 4564 syr.
1427 4506 1494 4558 teni.

169 4591 246 4640 arab.
262 4597 319 4646 ii'tt
334 4595 376 4640 est
391 4591 527 4641 terminus
540 4590 684 4640 technicus
698 4589 734 4640 ad
753 4589 956 4653 designandam
975 4603 1082 4640 uxorem
1098 4591 1225 4650 aiteram,
1242 4603 1326 4652 quam
1340 4592 1383 4639 vir
1398 4601 1497 4652 super-

169 4681 233 4732 stite
248 4681 339 4743 prima
352 4691 440 4729 trxore
453 4679 506 4728 sibi
523 4678 652 4730 adsciscit
667 4677 712 4737 (ci.
729 4679 736 4727 i
756 4680 825 4740 neg.
844 4675 908 4745 i‚6).
925 4679 967 4728 Ex
982 4693 1015 4730 eo
1030 4680 1143 4729 nomine
1157 4679 1300 4730 derivatur
1314 4677 1431 4728 verbum
1446 4679 1495 4727 de·

171 4770 374 4819 nominativum
388 4772 451 4826 iii,
467 4767 502 4815 ab
517 4767 606 4816 altero
624 4767 674 4816 iilo
687 4773 741 4823 i'tii
755 4767 910 4828 diversum,
927 4767 1132 4829 significatione
1147 4768 1262 4816 aiteram
1275 4767 1361 4829 tacere
1378 4779 1495 4816 ararem.

167 4885 203 4894 -
218 4859 303 4908 Recte
323 4858 397 4908 idern
416 4856 535 4918 inparue
553 4865 663 4914 monet,
677 4856 750 4904 hano
768 4854 860 4918 legem
878 4856 994 4905 omuino
1013 4867 1170 4920 supponere
1190 4855 1379 4919 polygamiam
1396 4868 1402 4904 :
1419 4855 1498 4906 nulia
