3534 5384
1479 427 1576 470 Ex.
1626 412 1771 483 3‚16
1813 427 1943 478 soo.
2969 416 3042 474 53

689 683 752 743 2.
790 675 1202 742 Mandatum
1237 675 1459 762 Moysi
1487 674 1584 742 ad
1601 675 1943 765 populum
1971 673 2208 742 datum
2235 681 2346 743 Ex.
2383 683 2726 758 3,16-18³.

458 874 624 959 Azy.
667 909 750 919 -
792 877 1045 958 Moyses
1086 870 1169 937 ad
1219 870 1648 961 implendum
1698 871 1815 936 Dei
1860 871 2262 938 mandatum
2307 872 2807 960 paratissimuS,
2845 874 3034 942 illico

371 1000 435 1043 v.
485 983 563 1044 13
603 976 689 1042 de
743 977 1022 1043 nomine
1067 977 1304 1044 divino
1349 976 1765 1066 quaesierat,
1808 979 1916 1044 cui
1955 1000 2018 1044 v,
2071 982 2149 1043 122
2193 1000 2292 1066 sq.
2342 982 2509 1044 Deus
2550 980 3031 1068 responderat.

370 1088 557 1149 Nunc
589 1105 748 1148 vero
788 1088 959 1149 Deus
982 1083 1182 1150 illum
1209 1083 1449 1149 edocet
1478 1088 1543 1149 et
1572 1082 1995 1172 procedendi
2026 1083 2308 1149 modum
2334 1089 2403 1150 et
2431 1083 2800 1172 legationis
2829 1108 3037 1173 argu-

373 1194 698 1255 mentum.
741 1189 970 1255 Modus
1008 1189 1120 1255 hic
1154 1192 1289 1271 est,
1319 1196 1394 1255 ut
1420 1188 1726 1278 primum
1759 1189 2061 1255 seniores
2096 1190 2515 1279 alloquatur,
2552 1198 2615 1257 et
2644 1198 2801 1280 post
2830 1215 2941 1258 eos
2970 1200 3038 1260 et

370 1317 493 1383 per
522 1317 634 1360 eos
675 1296 1033 1384 populum.
1075 1300 1303 1384 Neque
1347 1295 1534 1361 enim
1572 1294 1659 1361 ab
1704 1295 1897 1361 omni
1924 1295 2127 1361 simul
2163 1297 2421 1385 populo
2460 1297 2769 1363 exaudiri
2807 1299 3031 1387 potuit

373 1400 646 1490 (Tea-L),
681 1406 748 1467 et
786 1404 1084 1468 seniores
1116 1401 1358 1467 merito
1396 1424 1553 1467 eum
1584 1401 2080 1481 cohibuissent,
2127 1402 2257 1468 nisi
2298 1402 2481 1491 ipsos
2514 1403 2779 1492 priores
2807 1403 2892 1471 de
2928 1405 3035 1471 di-

370 1508 527 1573 vina
570 1507 882 1574 missione
923 1507 1247 1574 certiores
1285 1508 1567 1576 fecisset.
1606 1511 2102 1595 Argumentum
2139 1515 2269 1589 est,
2313 1516 2388 1576 ut
2427 1533 2540 1576 eos
2583 1508 2667 1577 de
2708 1534 2831 1577 sua
2867 1513 3033 1578 mis-

367 1614 556 1680 sione
595 1613 964 1703 divinoque
1012 1613 1295 1680 nomine
1351 1614 1441 1702 (v.
1495 1614 1604 1703 15)
1648 1613 1964 1694 edoceat,
2017 1614 2319 1704 itemque
2368 1615 2455 1682 de
2509 1617 2743 1683 divino
2795 1618 3031 1684 salutis

369 1720 674 1786 consilio.
709 1724 1206 1806 Argumentum
1258 1720 1554 1786 traditur
1601 1719 2040 1809 compendia,
2092 1720 2296 1807 longe
2340 1722 2657 1810 pluribus
2708 1724 2937 1790 verbis
2993 1748 3032 1791 a

367 1830 585 1912 Moyse
619 1826 1121 1915 explicandum.
1157 1831 1570 1894 Narraturus
1598 1832 1782 1906 erat,
1826 1827 2174 1914 quomodo
2214 1826 2346 1893 sibi
2390 1833 2559 1894 Deus
2587 1835 2863 1919 patrum
2902 1853 3027 1920 ap-

368 1934 735 2022 paruisset,
782 1933 1018 2023 populi
1069 1932 1548 2000 liberationem
1588 1934 2038 2022 promisisset,
2092 1933 2374 2000 nomine
2423 1937 2630 2002 Iahve
2684 1938 3025 2026 appellari

370 2039 796 2106 decrevisset.

458 2170 520 2212 v.
558 2153 640 2213 16
690 2173 720 2206 «
767 2145 946 2213 Vade
989 2158 1055 2209 et
1098 2168 1441 2235 conqreqa
1470 2146 1766 2212 seniores
1815 2146 2034 2213 Israel
2080 2175 2146 2233 »,
2185 2169 2323 2213 non
2366 2151 2508 2213 tam
2546 2152 2767 2215 aetate
2813 2151 3023 2239 quam

371 2252 807 2334 auctoritate,
837 2252 1181 2341 principes
1201 2252 1509 2320 tribuum
1541 2258 1607 2318 et
1633 2253 2056 2320 familiarum
2086 2254 2197 2343 (ef.
2225 2275 2403 2343 quae
2423 2254 2718 2321 diximus
2736 2254 2808 2321 in
2838 2261 3030 2322 Com-

370 2365 580 2425 ment.
612 2361 682 2424 in
715 2357 973 2423 librum
1000 2358 1147 2426 Iud.
1182 2382 1250 2447 p.
1293 2366 1371 2424 13
1405 2365 1472 2425 et
1502 2359 1591 2426 ad
1620 2360 1768 2426 Iud.
1806 2361 1946 2448 2‚7)
1969 2413 1984 2439 ,
2019 2389 2051 2422 «
2081 2371 2145 2425 et
2166 2360 2345 2427 dices
2376 2359 2472 2426 ad
2495 2384 2605 2426 eos
2642 2383 2655 2428 :
2698 2362 3026 2428 Domi-nas

368 2469 546 2531 Deus
572 2477 854 2554 patrum
884 2477 1262 2531 vestrorum
1303 2464 1634 2554 apparuit
1672 2465 1883 2552 milli,
1926 2471 2107 2533 Deus
2145 2465 2526 2551 Abraham,
2565 2468 2792 2559 [Deus]
2832 2473 3028 2535 Isaac

368 2585 433 2638 et
476 2574 699 2657 [Deus]
738 2573 977 2652 Iacob,
1018 2570 1254 2637 dicen-s
1295 2593 1318 2636 .·
1381 2571 1676 2638 Vz'sitans
1723 2572 2003 2639 visitavi
2034 2596 2151 2638 vos
2201 2601 2268 2655 »,
2313 2574 2687 2642 certissime
2736 2575 3026 2642 visitabo

370 2678 672 2765 (Bonfr.)
693 2729 717 2759 ,
751 2684 814 2744 et
841 2681 1004 2743 nota
1032 2677 1107 2743 in
1132 2680 1336 2744 Hebr.
1367 2676 1616 2745 haberi
1649 2679 1930 2744 unicum
1954 2679 2246 2745 verbum
2264 2735 2279 2762 ,
2315 2680 2499 2769 quod
2517 2681 3023 2771 considerandi,

366 2784 678 2865 videndi,
730 2782 1056 2850 visitandi
1105 2806 1376 2851 sensum
1421 2784 1698 2865 induat3
1747 2786 2110 2874 ipsumque
2158 2786 2448 2851 verbum
2480 2788 2703 2854 innuit
2736 2787 2854 2873 agi
2885 2789 3024 2855 iam

367 2889 451 2956 de
489 2889 843 2980 implenda
881 2890 1352 2981 praedictione
1399 2896 1562 2957 Gen.
1598 2897 1838 2972 50,2[ι;
1890 2920 1920 2951 «
1963 2903 2026 2956 et
2064 2891 2212 2957 vidi
2254 2895 2518 2974 omnia,
2551 2916 2725 2982 quae
2755 2893 3025 2960 accide-

366 3009 527 3063 runt
557 2996 742 3063 vobis
781 2998 850 3062 in
885 3000 1199 3085 Aeyypto
1238 3025 1304 3078 »,
1341 3020 1405 3062 v.
1444 3004 1525 3063 17
1572 3024 1604 3058 «
1638 3010 1703 3063 et
1730 2996 1881 3063 dimi
1928 3024 1996 3080 »,
2049 3025 2081 3060 «
2130 2999 2456 3087 proposui
2495 3028 2524 3058 »
2563 2999 2835 3089 (Pasa),
2880 3028 2912 3063 «
2949 3013 3025 3068 ut

366 3101 651 3169 educam
689 3126 804 3169 vos
842 3102 925 3168 de
963 3103 1352 3193 afflictione
1387 3104 1690 3191 Aeqypti
1720 3104 1796 3170 in
1824 3116 2076 3170 terram
2118 3105 2517 3171 Chananaez'
2550 3118 2616 3172 et
2641 3107 2935 3174 Hetlzaei
2959 3121 3028 3174 ec

365 3208 774 3275 Amorrhaei
805 3222 870 3275 et
923 3209 1293 3276 Pherezaez'
1346 3222 1410 3276 et
1449 3210 1710 3277 Hevaez‘
1748 3223 1815 3277 et
1865 3210 2207 3289 Iebusaez'‚
2255 3210 2352 3278 ad
2399 3224 2653 3278 terram
2692 3214 3023 3303 fluentem

368 3316 539 3382 lacte
577 3328 642 3382 et
668 3316 869 3382 melle
906 3345 962 3384 υ.
1002 3319 1095 3384 Cf.
1134 3340 1199 3383 v.
1230 3322 1295 3383 8.
1331 3339 1396 3383 V.
1436 3322 1518 3383 18
1554 3344 1586 3377 «
1620 3319 1711 3383 Et
1747 3317 2034 3384 audient
2071 3341 2299 3384 vocem
2342 3331 2536 3385 tuam
2578 3347 2635 3386 ».

612 3546 676 3605 3.
721 3537 1130 3604 Mandatum
1158 3539 1381 3625 Moysi
1411 3539 1506 3605 aa'
1541 3539 1973 3605 Pharaonem
2003 3536 2248 3605 datam
2272 3544 2383 3606 Ex.
2430 3543 2784 3620 3,18¹²-22.

449 3757 609 3840 Arq.
643 3791 729 3802 ——
756 3759 1006 3840 Moyses
1047 3775 1202 3819 cum
1247 3753 1631 3821 senioribus
1669 3754 2098 3819 Pharaonem
2138 3753 2357 3819 adibit
2388 3760 2455 3821 et
2492 3755 2774 3822 nomine
2816 3757 3017 3824 Iahve

364 3858 634 3924 veniam
664 3858 980 3925 sacrificii
1018 3860 1087 3924 in
1137 3859 1407 3926 deserto
1458 3881 1613 3926 cum
1660 3859 1913 3948 populo
1954 3859 2284 3926 offerendi
2321 3860 2622 3947 rogabit.
2683 3865 3017 3930 Portentis

361 3965 613 4031 fractus
642 3965 916 4032 tandem
951 3965 1352 4032 assentietur
1393 3966 1688 4045 PharaO,
1721 3965 2054 4054 donisque
2094 3967 2410 4054 pretiosis
2436 3969 2670 4035 onusti
2707 3975 3019 4060 Aegypto

363 4072 684 4137 excedent
723 4071 1034 4138 Hebraei.
1071 4078 1205 4150 Qua
1248 4072 1451 4139 fausti
1486 4078 1768 4138 eventus
1796 4070 2263 4161 praedictione
2295 4079 2361 4139 et
2388 4076 2589 4160 Moysi
2622 4079 2688 4141 et
2715 4082 3016 4164 postmo-

362 4176 525 4243 dum
568 4177 694 4244 toti
723 4179 978 4267 populo
1008 4178 1359 4245 adduntur
1388 4178 1628 4245 animi.

456 4311 486 4343 «
523 4284 1075 4374 Inqrea'ierisque
1103 4297 1177 4350 tu
1197 4296 1260 4349 et
1284 4285 1578 4351 seniores
1599 4284 1815 4350 Israel
1831 4283 1928 4349 ad
1954 4287 2497 4377 reqemAeqypti
2521 4316 2579 4352 ».
2615 4289 3020 4358 Adsciscun-

360 4395 474 4455 tur
501 4390 801 4458 seniores
828 4391 914 4457 ad
953 4395 1219 4479 Moysen
1245 4390 1724 4459 honorandum
1755 4391 2037 4480 eiusque
2073 4391 2270 4458 dictis
2294 4393 2686 4461 addendam
2717 4399 3016 4462 auctori-

359 4503 574 4563 tatem
608 4496 880 4587 (Tost.)‚
917 4519 1052 4586 quo
1098 4497 1243 4564 eius
1279 4499 1495 4586 petita
1521 4522 1560 4564 a
1590 4502 1734 4563 toto
1765 4498 2026 4587 populo
2063 4500 2395 4587 postulari
2432 4499 3005 4587 intelligerentur.

361 4608 451 4669 Ex
488 4602 595 4669 his
631 4604 1029 4693 perspiciaS.
1060 4604 1365 4671 seniores
1399 4626 1674 4693 quoque
1707 4611 1816 4685 5,1
1854 4626 2008 4671 cum
2036 4609 2255 4691 Moyse
2286 4607 2373 4673 ad
2411 4607 2836 4674 Pharaonem
2877 4631 3015 4674 esse

359 4709 705 4798 ingressos
739 4732 753 4776 :
798 4732 937 4776 non
982 4711 1166 4777 enim
1207 4711 1484 4798 singula
1522 4733 1794 4801 semper
1827 4716 1983 4778 sunt
2023 4712 2432 4801 repetenda,
2467 4718 2533 4777 et
2565 4718 2679 4793 5,!s
2709 4741 2739 4773 «
2788 4715 2880 4779 ite
2925 4714 3013 4779 ad

359 4838 568 4884 onera
591 4821 815 4884 vestra
839 4845 869 4876 »
902 4817 1043 4884 fere
1074 4817 1402 4907 supponit
1433 4817 1889 4907 quorumdam
1917 4818 2408 4906 praesentiam,
2438 4817 2557 4906 qui
2589 4840 2821 4907 reapse
2854 4842 3018 4886 one-
