3534 5384
763 378 813 423 ax.
837 361 931 435 28,ἳῖ
952 378 1019 429 sno.
1500 364 1558 422 283

225 514 285 577 tus
302 537 331 578 o.
352 533 382 576 v.
402 516 445 577 tt
463 538 480 571 «
499 510 619 577 Facies
636 510 674 576 e'ee
689 510 859 578 rationali
871 522 1008 578 catenas
1025 510 1090 579 sibi
1102 510 1248 579 iaciceue
1268 513 1498 595 cohaerentes,
1518 536 1559 579 ea

142 710 146 715 ι
224 640 309 684 acero
323 616 513 707 pertissima
531 644 561 686 s,
588 622 686 700 Duas,
711 618 762 684 uti
775 640 808 683 v.
830 625 882 698 tt,
902 596 1004 685 luisse
1024 617 1125 685 docet
1143 640 1176 685 v.
1200 623 1254 685 tt.
1276 622 1416 687 Versum
1439 618 1571 687 itiitere·

224 730 341 791 censet
353 746 424 790 esse
439 729 694 813 praeposteram
705 746 737 789 v.
759 730 798 792 te
814 724 1072 813 repetitionem3
1090 724 1215 791 laisum
1228 746 1298 792 esse
1313 738 1402 815 tuuc
1414 715 1462 797 br,
1481 749 1558 793 cum

224 831 274 896 uti
294 832 340 898 νζ
356 837 396 898 tt
416 836 542 916 agatur
558 829 599 897 de
622 830 750 897 catenis
770 852 842 897 non
857 830 1036 912 rationali,
1052 831 1113 897 sed
1134 830 1410 921 superhumerali
1429 834 1556 915 affixis,
1606 845 1610 867 ³

224 936 410 1004 desiderari
427 942 507 1003 ante
522 926 615 1003 netu
628 934 825 1003 articulum.
843 941 932 1003 llaec
946 937 1150 1026 ipsa'tamen
1166 938 1339 1020 evincunt,
1357 938 1470 1005 Dillne.
1488 962 1558 1006 non
1605 1027 1609 1035 .

224 1041 424 1110 intellexisse
439 1048 569 1109 textum
584 1049 619 1109 et
632 1044 689 1131 agi
707 1066 740 1110 v.
756 1049 799 1109 22
814 1042 856 1109 de
869 1044 947 1110 aliis
961 1049 1063 1133 atque
1080 1067 1110 1110 v.
1131 1048 1171 1110 u
1184 1043 1325 1111 catenis.
1342 1047 1444 1110 Hebe.
1462 1068 1473 1110 .·
1494 1049 1557 1111 Fa-

224 1148 357 1239 ciesque
372 1148 588 1216 inrationali
602 1160 738 1215 catenas
753 1149 950 1238 euarqieeuue
965 1171 1065 1239 opere
1076 1150 1173 1238 fabri
1186 1162 1399 1237 catenarum,
1419 1174 1460 1214 ra·
1472 1152 1556 1236 arere

220 1253 416 1345 purissimo.
435 1260 474 1323 Et
485 1261 578 1338 nota,
595 1266 732 1321 catenas
747 1254 946 1345 marqieeum
962 1277 1034 1323 non
1049 1278 1105 1323 eas
1121 1256 1230 1323 solum
1246 1256 1374 1338 iocari,
1396 1280 1484 1345 quae
1507 1258 1557 1324 uti

224 1384 257 1427 v.
283 1366 321 1427 et
343 1367 434 1428 totae
449 1360 601 1448 margini
623 1360 852 1451 applicentur,
874 1363 935 1428 sed
954 1361 1030 1429 illas
1048 1361 1169 1445 etiam,
1192 1384 1340 1453 quarum
1358 1386 1439 1452 pars
1467 1385 1555 1429 mar-
1601 1368 1603 1375 '

223 1465 341 1554 ginem
369 1474 547 1557 sequatur,
570 1489 701 1557 quaeve
726 1467 921 1555 marginem
949 1491 1020 1535 una
1051 1468 1104 1535 sui
1123 1468 1334 1536 extremitate
1366 1472 1552 1555 attingant,

222 1573 333 1641 altera
346 1573 439 1640 ultra
454 1574 646 1660 marginem
661 1581 832 1674 protensa.
849 1597 881 1640 v.
900 1581 942 1641 23
961 1602 977 1636 «
992 1576 1037 1641 Et
1052 1604 1068 1637 υ
1080 1575 1194 1667 facies
1209 1575 1246 1641 ire
1261 1576 1428 1643 rationali
1441 1606 1455 1638 ι(
1474 1576 1556 1642 eleros
1633 1615 1637 1621 ·

224 1680 372 1747 auueelos
392 1702 529 1766 aureos,
553 1703 636 1770 quos
647 1703 759 1770 poetes
785 1681 986 1771 inutraque
1005 1681 1187 1749 rationalis
1207 1682 1402 1750 reimmittere
1421 1712 1451 1747 a.
1469 1686 1559 1749 LXX

222 1789 332 1875 ἀρχάς,
348 1788 451 1853 Hebr.
467 1786 504 1852 iu
514 1785 647 1853 derebus
655 1787 946 1868 extremitatibus,
958 1809 1046 1878 quae
1059 1773 1356 1877 possuntintelligi
1367 1796 1556 1875 autmargo

224 1892 341 1959 dexter
364 1898 398 1958 et
428 1892 574 1974 sinister,
600 1898 660 1961 aut
687 1894 829 1960 fortasse
860 1893 1074 1962 commodius
1105 1896 1173 1962 duo
1202 1894 1323 1981 anguli
1351 1896 1555 1963 summitatis

226 1997 374 2087 (Vela).
397 2000 492 2065 Sam.
511 1998 597 2065 eletas
610 2021 732 2089 capsas
746 2022 869 2066 aeercas
884 2012 918 2066 et
937 2000 1023 2067 duos
1042 2000 1190 2067 annulos
1209 2023 1331 2067 aureos
1347 2022 1360 2065 .·
1377 2023 1422 2067 sc.
1445 2002 1556 2089 capsis

223 2104 343 2172 annuli
365 2104 616 2187 adhaerebant,
639 2106 705 2172 hae
728 2128 834 2195 porro
859 2128 980 2195 capsae
1002 2127 1073 2173 non
1091 2113 1170 2173 sunt
1189 2106 1328 2175 eaedem
1350 2112 1453 2195 atque
1474 2108 1554 2173 illae

223 2233 257 2278 v.
274 2216 329 2279 ΞΟ.
343 2233 376 2278 ν.
394 2216 436 2277 aa
455 2240 470 2271 «
490 2213 704 2301 Cateaasque
714 2234 837 2279 aureas
850 2213 973 2303 iureqes
989 2213 1141 2295 auuulis,
1160 2213 1315 2303 quisunt
1336 2213 1373 2279 in-
1390 2214 1556 2302 erearpe'ni-

225 2319 286 2383 bus
297 2318 368 2383 eius
381 2344 411 2383 n.
424 2316 526 2383 Hebe.
538 2339 552 2382 .·
562 2320 735 2407 Etpoues,
751 2318 905 2387 firmabis
914 2319 1001 2386 decas
1015 2332 1152 2386 catenas
1163 2320 1210 2409 (v,
1222 2320 1279 2409 tt)
1291 2319 1419 2385 tortiles
1433 2342 1556 2385 aue-ees

225 2424 262 2488 e'u
277 2423 407 2490 duodus
421 2424 571 2510 auaui-is,
587 2424 738 2515 quisunt
753 2425 789 2491 in
800 2426 1072 2494 extremitatibus
1083 2426 1276 2493 rationalis.
1292 2430 1365 2493 Una
1379 2428 1554 2514 utriusque

224 2537 363 2597 catenae
378 2530 572 2597 extremitas
585 2530 646 2597 uni
658 2530 789 2598 annulo
803 2532 1030 2601 inserebatur.
1048 2556 1080 2599 v.
1099 2538 1141 2599 25
1159 2560 1175 2595 a
1190 2536 1235 2600 llt
1246 2532 1400 2622 ipsarum
1418 2546 1554 2597 steteren-

221 2658 299 2703 rum
320 2650 472 2704 cetrema
490 2637 619 2703 duabus
635 2638 811 2728 copulabis
832 2638 969 2705 uuciuis
985 2639 1023 2704 iu
1044 2653 1186 2730 utroque
1209 2639 1315 2707 latere
1336 2639 1555 2729 superlucere-

223 2741 324 2823 ralis,
341 2742 435 2830 quod
445 2743 616 2811 rationale
635 2744 820 2835 respicit».
837 2747 940 2813 Hebr.
958 2766 971 2811 .·
986 2748 1032 2811 tte
1051 2744 1138 2812 duas
1157 2745 1308 2835 reliquas
1325 2746 1554 2811 eutreueitates

222 2847 371 2915 dirarum
398 2863 599 2945 cateeeareem
631 2850 755 2939 asfiqes
779 2849 909 2917 derebus
932 2852 1171 2940 -marpe'eeibus,
1194 2864 1226 2919 et
1253 2852 1376 2942 asfiqes
1405 2852 1552 2916 lueueeris

223 2953 359 3043 epleodi,
378 2954 416 3021 ia
427 2955 557 3043 fronte.
577 2960 640 3024 Per
654 2956 828 3045 marpines
842 2963 959 3025 autem
974 2980 1007 3025 v.
1031 2964 1083 3025 11.
1105 2964 1144 3024 13
1162 2958 1363 3025 dicebamus
1376 2958 1551 3044 designari

222 3082 340 3150 capsas
358 3083 490 3142 aureas,
509 3062 634 3152 quibus
653 3062 920 3131 includebantur
942 3064 1060 3151 magni
1080 3064 1133 3130 illi
1148 3066 1217 3132 duo
1237 3087 1268 3130 v.
1291 3071 1310 3132 9
1331 3064 1497 3151 onyches,
1520 3073 1553 3130 et

222 3166 349 3256 quibus
360 3167 448 3235 duae
465 3168 548 3234 item
560 3192 592 3235 v.
612 3174 653 3236 tt
669 3176 808 3245 catenae
824 3169 1069 3257 affigebantur.
1087 3176 1206 3255 Porro,
1222 3193 1300 3238 cum
1314 3170 1368 3237 illi
1382 3171 1451 3237 duo
1470 3194 1553 3256 onp-

222 3272 303 3340 ches
321 3295 354 3340 v.
374 3280 416 3339 tt
431 3281 544 3341 essent
558 3276 594 3341 in
613 3275 768 3343 humeris
785 3276 978 3365 pontificis,
999 3278 1101 3343 etiam
1121 3284 1262 3344 catenae
1281 3301 1313 3343 v.
1335 3282 1377 3345 25
1402 3276 1552 3342 leeeeueris

221 3378 455 3467 affigebantur
472 3387 521 3461 et,
541 3404 620 3449 cum
639 3390 780 3449 catenae
795 3382 935 3449 eaedem
954 3406 975 3449 a
996 3388 1133 3472 pectore
1155 3383 1200 3451 ad
1214 3385 1375 3451 humeros
1390 3383 1550 3450 ascende-

222 3492 313 3572 rent,
334 3486 567 3573 affigebantur
583 3488 619 3554 iu
637 3489 767 3576 fronte,
790 3489 827 3555 in
845 3495 942 3579 parte
963 3489 1142 3557 anteriore.

265 3592 428 3675 Vidimus,
453 3593 627 3683 quomodo
649 3595 818 3662 rationale
840 3594 1024 3685 adaptetur
1041 3593 1320 3686 superhumerali
1342 3620 1363 3665 a
1382 3605 1479 3687 parte
1493 3619 1548 3661 su-

222 3700 373 3786 periore,
388 3722 434 3767 sc.
449 3701 487 3766 in
499 3701 652 3768 humeris
668 3724 676 3767 ε
691 3702 761 3767 iam
777 3701 955 3785 docemur,
972 3702 1299 3792 qnomodoinlerius
1314 3702 1426 3769 eidem
1445 3702 1549 3789 adap-

221 3808 321 3870 tetur.
340 3828 372 3872 v,
387 3812 429 3872 26
446 3834 461 3866 α
478 3807 594 3873 Facies
607 3819 640 3873 et
654 3806 739 3874 duos
756 3808 903 3875 aaaeelos
917 3830 1051 3891 aceruos,
1071 3831 1156 3899 quos
1168 3830 1276 3899 porres
1289 3812 1325 3876 iu
1339 3807 1549 3875 sermasiensi-

223 3908 283 3977 bees
295 3912 488 3997 rationalis,
506 3914 542 3980 in
553 3911 633 3995 oris,
647 3936 736 4003 quae
746 3914 909 4004 ereqionc
922 3915 1299 4005 suatsuperleaueeralis
1314 3928 1346 3981 et
1359 3914 1550 4005 posteriora

222 4015 294 4084 eius
312 4018 485 4108 aspiciunt
505 4046 535 4085 ».
556 4020 619 4087 Ubi
637 4019 827 4087 collocandi
842 4020 970 4089 fuerint
990 4020 1046 4088 isti
1060 4021 1198 4102 annuli,
1216 4044 1235 4089 c
1255 4021 1357 4089 modo
1375 4020 1457 4086 dates
1473 4011 1550 4083 ‘ver-

222 4123 315 4190 sione
333 4124 385 4190 vix
401 4127 610 4215 perspexerit
625 4125 714 4216 quis.
737 4126 840 4194 Hebe.
858 4149 871 4192 .·
883 4148 992 4216 pones
1008 4150 1063 4193 eos
1080 4128 1117 4193 ia
1132 4126 1264 4195 ditatus
1280 4127 1550 4194 estreeeee'tatileeu¹

222 4230 416 4316 rationalis,
437 4232 475 4299 e'a
492 4230 584 4298 labio
604 4230 697 4315 eius,
713 4232 807 4321 qeecd
825 4246 874 4299 est
896 4256 1010 4299 eur-sus
1026 4274 1071 4283 -
1087 4234 1181 4301 Suae.
1200 4249 1261 4299 tau
1274 4223 1311 4302 ht·
1335 4232 1372 4299 iu
1390 4233 1550 4299 caui-euec-

223 4336 332 4418 tioae,
348 4338 385 4404 in
397 4345 556 4407 contactu
570 4378 614 4389 -
627 4338 739 4428 eplicit
751 4339 939 4406 introrsum
954 4342 1007 4426 (ct.
1026 4341 1152 4430 tall).
1168 4346 1256 4427 Ergo
1268 4340 1306 4407 hi
1318 4342 1420 4409 etiam
1431 4340 1549 4405 annuli

222 4442 411 4510 collocandi
420 4451 499 4510 sunt
510 4445 546 4511 in
557 4444 829 4513 entremitatibus
838 4447 1032 4531 rationalis,
1046 4470 1116 4513 non
1127 4446 1317 4514 necessario
1327 4446 1447 4513 iisdem
1460 4469 1547 4533 (perae

222 4550 366 4617 annulos
381 4550 563 4618 exteriores
577 4576 610 4619 v.
629 4558 670 4619 23
688 4552 878 4636 habebant,
896 4555 1035 4621 fortasse
1045 4554 1083 4620 in
1096 4552 1366 4621 extremitatibus
1378 4552 1547 4618 interiori-

222 4656 287 4722 bus
305 4679 313 4724 :
329 4663 364 4723 at
383 4657 575 4725 collocandi
591 4665 670 4725 sunt
686 4660 723 4725 iu
738 4671 840 4748 parte
854 4658 966 4750 eplead
978 4660 1181 4750 attieepente,
1204 4659 1239 4725 in
1252 4666 1351 4750 parte
1370 4659 1543 4733 ieeteee'uee,

221 4784 309 4851 quae
324 4763 432 4831 oculis
456 4785 525 4830 non
540 4764 696 4853 patebat,
715 4766 775 4833 ubi
789 4765 958 4833 rationale
973 4766 1108 4857 ephodo
1126 4766 1432 4855 superponebatur.
1453 4787 1482 4828 s.
1505 4770 1544 4827 27
