3534 5384
702 375 768 420 nav.
789 359 879 432 26,ss
903 375 969 428 soo.
1442 361 1497 420 541

169 509 259 577 mitti
277 509 380 578 etiam
398 514 508 599 potest
526 508 634 576 altera
648 507 856 576 constructio
878 507 984 598 (cai.)
1000 507 1107 575 verba
1130 508 1300 598 accipiens
1318 513 1356 576 ut
1376 508 1502 598 depen-

169 617 284 685 dentia
301 638 323 683 a
340 639 373 680 v.
397 621 443 682 lb
465 637 472 684 :
495 615 761 699 confitebuntur,
779 614 873 707 quod
891 613 984 706 (ipsi)
1007 613 1272 682 ambulaverunt
1291 619 1412 682 contra
1429 639 1497 698 me,

169 721 343 813 (ideoque)
372 726 407 788 et
433 743 499 808 ego
529 722 678 809 (merito)
706 720 958 788 ambulaverim
985 726 1104 788 contra
1137 743 1210 804 eos,
1243 726 1276 788 'et
1307 720 1501 789 induxerim

168 830 245 897 illos
263 835 327 897 eto.
349 867 395 880 -
419 855 436 891 a
459 828 565 895 dormo
587 831 763 895 erubescat
779 827 1023 923 incircumciso
1041 849 1136 895 meas
1155 849 1272 895 coriam
1292 849 1304 894 .·
1325 841 1405 894 lonc
1425 851 1502 896 oro-

169 939 252 1004 bont
272 958 336 1026 pro
361 935 597 1026 impietatibus
618 935 689 1002 suis
716 963 745 1001 ».
768 935 835 1002 Sed
852 934 1005 1003 habetur
1030 934 1122 1002 idem
1142 934 1288 1002 verbum
1308 949 1379 1010 nst,
1408 935 1501 1026 quod

170 1067 203 1111 v.
220 1048 275 1126 31»,
296 1043 457 1133 quodque
470 1064 504 1109 v.
523 1046 563 1109 l3
579 1042 679 1128 Vulg.
696 1041 797 1107 vertit
812 1040 917 1108 modo
939 1039 1163 1132 complacebit
1183 1039 1249 1108 sibi
1267 1047 1301 1108 et
1321 1040 1425 1109 modo
1445 1065 1501 1109 ro·

169 1152 313 1240 potunt,
330 1147 388 1216 sed
400 1148 506 1216 habet
512 1145 736 1237 persolvendi
741 1168 889 1215 sensum.
907 1150 1027 1230 Porro,
1041 1147 1128 1215 siem
1143 1169 1176 1214 v.
1194 1154 1248 1216 el.
1262 1154 1303 1215 te
1319 1153 1411 1214 terra
1425 1170 1499 1238 per·

170 1255 273 1323 solvit
290 1276 398 1322 annos
414 1253 610 1322 sabbaticos
629 1252 806 1342 neglectos
824 1252 975 1342 longiori
993 1258 1149 1344 tempore
1169 1275 1351 1321 remanens
1368 1253 1500 1322 inculta

171 1367 274 1454 atque
293 1363 342 1428 ita
369 1359 525 1450 requiem
543 1361 820 1452 praetermissam
838 1360 1056 1451 persolvens,
1073 1359 1121 1427 sic
1139 1365 1335 1452 peccatores
1355 1365 1496 1451 peccata

169 1469 367 1559 persolvunt
386 1490 450 1558 pro
475 1466 543 1533 illis
562 1466 829 1548 satisfacientes,
847 1467 997 1534 ferentes
1019 1487 1148 1555 poenas
1167 1473 1201 1536 et
1218 1472 1359 1558 peccata
1373 1467 1500 1534 contri-

169 1575 260 1643 tione
272 1577 506 1642 retractantes.
528 1573 720 1640 Verborum
732 1588 769 1638 τκ
784 1587 820 1638 ts
834 1572 950 1640 variae
968 1572 1245 1660 suggerebantur
1261 1573 1502 1663 explicationes

170 1681 349 1749 violentae.
382 1679 593 1747 Sententiam
622 1678 781 1766 intellige
809 1679 1096 1765 interrogativum
1123 1701 1131 1747 ε
1154 1678 1347 1746 Ambulabo
1377 1684 1411 1747 et
1435 1701 1500 1767 ego

169 1793 291 1855 contra
302 1809 400 1854 eos...
414 1791 473 1854 aut
484 1791 559 1853 tum
571 1785 814 1853 humiliabitur
824 1784 1064 1853 incircumcisa
1079 1806 1177 1852 mens
1192 1806 1308 1853 eorum
1317 1791 1355 1853 et
1368 1785 1501 1876 persol-

170 1881 485 1984 vent'impietatem
505 1895 625 1960 suam?
642 1892 706 1960 Ubi
723 1893 816 1959 enim
836 1891 902 1959 hoc
922 1891 1083 1974 iecerint,
1102 1891 1241 1964 desistet
1265 1896 1350 1958 [leus
1367 1891 1412 1959 ab
1435 1891 1504 1958 illis

169 1999 366 2086 altligendis
377 2021 412 2066 v.
425 2005 467 2066 tn
482 2021 490 2068 :
509 2027 525 2062 «
536 2012 570 2066 et
581 1998 784 2067 recordabor
793 1997 1038 2089 foederismei,
1047 1997 1143 2089 quod
1154 1996 1296 2089 [pepipe]
1313 2019 1391 2064 cum
1405 1999 1503 2065 lacot

170 2118 203 2172 et
217 2133 234 2168 a
250 2105 356 2175 etiam
370 2129 447 2173 cum
467 2133 483 2167 α
499 2106 597 2173 Isaac
612 2118 645 2172 ct
663 2134 679 2167 »
695 2104 800 2172 etiam
819 2127 898 2172 com
913 2133 928 2166 α
947 2104 1119 2172 Abrabam
1138 2132 1167 2172 v.
1183 2104 1318 2194 Triplex
1332 2109 1382 2172 est
1394 2103 1503 2172 veluti

169 2213 301 2293 foedus,
311 2212 441 2303 triplici
451 2212 552 2280 titulo
561 2233 709 2296 sacrum,
721 2211 1028 2302 solisposterorum
1037 2210 1273 2300 impietatibus
1281 2232 1502 2301 nequaquam

168 2319 403 2387 irritandum:
424 2318 572 2387 debetur
589 2317 625 2385 id
638 2318 711 2385 iere
731 2317 1013 2407 patriarcharum
1032 2316 1134 2400 fidei,
1151 2323 1190 2385 ut
1208 2321 1362 2407 posteros
1375 2317 1501 2408 impios

169 2425 302 2494 tamdiu
322 2430 409 2493 Dens
421 2425 580 2514 flagellis.
587 2430 829 2514 prosequatur,
848 2423 959 2492 donec
980 2423 1194 2515 poenitentes
1210 2423 1243 2514 ei
1266 2424 1502 2515 opportunita-

171 2536 240 2599 tem
263 2531 468 2621 praebeant‚
493 2536 534 2598 ut
555 2531 703 2598 foederis
728 2553 806 2598 cum
830 2530 1036 2620 patriarchis
1059 2530 1135 2598 initi
1162 2529 1415 2600 reminiscatur.
1440 2534 1502 2598 Pa·

169 2637 331 2706 triorchis
355 2637 483 2730 quippe
506 2637 623 2728 aliqua
646 2637 804 2727 promisit
827 2642 932 2716 Daue,
963 2659 1051 2726 quae
1083 2658 1153 2703 non
1180 2643 1254 2703 tota
1276 2636 1450 2726 pendeant
1479 2659 1498 2704 a

168 2749 384 2834 posterorum
402 2744 482 2829 fide,
499 2743 559 2811 sed
574 2743 731 2811 absolute
753 2742 894 2831 impleri
909 2741 1052 2826 debent,
1070 2764 1103 2808 v.
1120 2763 1157 2828 g.
1177 2743 1215 2810 in
1234 2763 1352 2810 eorum
1372 2743 1500 2810 semine

168 2850 423 2919 benedicendas
439 2872 511 2917 esse
527 2870 647 2915 omnes
662 2852 797 2935 gentes.
821 2847 1034 2916 Recordatus
1047 2869 1153 2938 porro
1167 2847 1314 2916 foederis
1333 2847 1427 2915 illico
1447 2869 1502 2914 re-

169 2957 333 3024 cordatur
346 2961 434 3023 Deus
452 2955 556 3021 etiam
571 2960 683 3022 terrae
701 2973 709 3021 :
732 2982 748 3016 a
765 2965 876 3020 terroe
892 2975 1028 3044 quoque
1043 2975 1242 3022 memorare
1258 2983 1289 3037 »‚
1308 2976 1411 3044 quam
1426 2976 1504 3045 pro·

171 3062 312 3130 miserat
325 3065 410 3128 [leus
423 3061 702 3151 patriarcharum
717 3059 856 3142 semini,
870 3060 1038 3142 fertilem,
1056 3060 1220 3130 tlucntem
1235 3059 1322 3128 lacte
1337 3067 1371 3129 et
1385 3061 1500 3129 melle.

221 3170 340 3236 Terrae
362 3167 491 3235 mentio
505 3174 645 3236 revocat
660 3171 836 3234 auctorem
856 3166 904 3235 ad
921 3171 1033 3235 terrae
1047 3167 1235 3258 promissae
1255 3167 1503 3235 desolationem

172 3275 377 3366 descriptam
399 3296 432 3341 v.
456 3275 731 3363 eclesiamque
753 3271 948 3340 distinctius
968 3273 1189 3363 pronuntiat,
1209 3295 1279 3341 non
1292 3273 1404 3342 solnm
1424 3287 1503 3364 post

171 3381 312 3469 flagella
329 3404 364 3460 se
379 3380 637 3471 poenitentibus
650 3379 789 3447 veniam
808 3401 879 3447 asse
894 3379 1119 3466 largiturum,
1133 3379 1192 3448 sed
1211 3381 1282 3448 imo
1294 3380 1431 3468 flagella
1450 3381 1502 3448 in·

171 3487 345 3557 tlioturnm
357 3511 395 3555 eo
410 3489 499 3577 stoc,
517 3491 555 3555 ut
573 3485 618 3555 ad
632 3486 880 3578 poenitentiam
901 3484 1130 3555 adducantur.
1150 3509 1183 3552 v.
1212 3493 1253 3554 ts
1276 3514 1292 3549 u
1312 3488 1407 3568 Quor
1424 3509 1501 3555 crem

171 3595 293 3663 relicto
310 3594 419 3685 facerit
439 3596 480 3661 ab
504 3593 572 3676 eis,
592 3592 818 3683 complacebit
835 3592 904 3659 sibi
923 3593 961 3660 in
986 3592 1136 3661 sabbatis
1156 3593 1229 3660 suis
1250 3621 1285 3678 »,
1309 3616 1371 3662 seu
1389 3593 1502 3684 potius

170 3701 337 3792 persolvet
348 3725 389 3768 ea
412 3701 465 3787 (cf.
483 3724 515 3768 v.
534 3700 608 3790 ΒΕ),
634 3726 651 3761 a
668 3699 811 3789 petieras
831 3697 1055 3768 solitudinem
1067 3712 1211 3790 propter
1229 3699 1318 3768 illos.
1337 3701 1409 3790 Ipsi
1422 3723 1500 3768 oero

172 3811 345 3898 repebant
364 3830 428 3899 pro
444 3807 595 3899 peccatis
615 3806 689 3873 suis
714 3835 749 3887 »,
766 3829 827 3874 seu
851 3806 967 3873 verius
984 3805 1048 3874 illa
1066 3806 1265 3896 persolvent
1281 3807 1337 3896 (cl.
1364 3828 1395 3875 v.
1424 3807 1499 3895 tl),

178 3944 194 3976 u
215 3936 252 3982 eo
276 3913 372 4005 qood
393 3913 583 3981 obiecerint
599 3912 733 3980 iudicia
753 3935 846 3995 meo,
864 3925 897 3979 et
914 3911 1005 4002 lepos
1018 3933 1113 3980 meos
1128 3911 1344 4003 desperarunt
1357 3941 1388 3978 ».
1405 3935 1438 3980 v.
1457 3919 1498 3981 lt

173 4049 189 4082 a
209 4023 255 4088 Et
273 4021 507 4088 cancellariam
523 4043 600 4088 cum
625 4031 734 4087 essent
756 4019 793 4085 io
811 4032 902 4085 terro
921 4019 1039 4086 hostili
1042 4072 1054 4104 ,
1078 4019 1303 4109 transponitur
1321 4018 1433 4086 obieci
1446 4041 1501 4086 eos

172 4150 281 4216 neque
307 4127 377 4217 [sic]
409 4127 568 4218 despexi,
589 4138 629 4194 ut
659 4138 941 4193 comumerentur
964 4138 997 4193 et
1023 4126 1161 4192 irritator
1183 4127 1335 4215 sorerem
1359 4139 1502 4216 pactum

172 4256 285 4301 merem
300 4256 379 4300 cum
398 4234 446 4300 eis
464 4263 495 4302 a,
511 4232 615 4301 Hebr.
633 4254 646 4298 .·
660 4255 731 4300 non
745 4232 837 4300 nili!
849 4231 1032 4300 aestimavi
1047 4255 1102 4300 eos
1120 4254 1230 4322 neque
1247 4231 1398 4322 despect.
1421 4239 1502 4300 Per·

172 4339 269 4407 feotis
283 4361 338 4406 res
351 4340 469 4407 futura
485 4338 633 4407 vividius
645 4338 865 4407 describitur.
886 4365 902 4400 «
918 4340 994 4428 qu
1014 4339 1106 4406 enim
1127 4361 1203 4406 stem
1222 4338 1391 4406 Dooaimcs
1412 4342 1500 4406 Deos

173 4469 289 4512 corum
310 4474 339 4512 ».
364 4445 400 4512 si
417 4447 522 4514 homo
543 4467 651 4513 essem
677 4451 779 4535 pacto
809 4445 879 4511 illis
901 4445 1097 4528 devinctus,
1119 4467 1253 4534 possem
1270 4445 1339 4512 illis
1361 4468 1381 4512 a
1400 4451 1500 4534 pacto

172 4551 404 4620 resilientibus
422 4552 554 4619 resilire
573 4552 677 4619 etiam
700 4552 785 4641 ipse.
807 4551 871 4620 Sed
892 4573 968 4618 cum
990 4557 1089 4640 pacto
1114 4551 1255 4641 speciali
1273 4553 1371 4618 titulo
1391 4552 1500 4618 factus

173 4659 238 4727 sim
259 4679 380 4727 eorum
403 4662 505 4742 Deus,
525 4659 604 4726 volo
624 4679 695 4724 non
716 4659 825 4726 solam
851 4657 888 4725 in
914 4679 969 4724 eos
984 4658 1167 4739 iustitiam,
1185 4658 1245 4726 sed
1267 4658 1350 4726 item
1368 4657 1500 4725 miseri-

173 4765 329 4834 cordiam
345 4764 640 4855 exhibere;quam
656 4763 822 4832 exhibebo
837 4764 932 4848 illos,
950 4764 1059 4832 donec
1073 4765 1284 4854 resipiscant,
1301 4763 1497 4854 plectendo.
