3534 5384
1433 407 1449 421 .
1478 385 1573 427 Ex.
1625 369 1806 440 15‚16
1849 385 1975 436 soc.
2948 371 3055 423 {4²32}

389 518 730 606 significat
764 517 1078 607 quietum
1119 539 1291 600 esse,
1341 539 1545 607 quem
1588 538 1862 585 sensum
1893 518 2085 597 varie
2118 517 2296 584 varii
2336 517 2497 584 huic
2535 518 2688 584 loco
2726 519 3051 607 atlapiare

388 626 617 693 conati
644 632 824 692 sunt.
871 625 1215 702 Infelicius
1252 626 1413 714 Syr.
1445 623 1749 692 imitatus
1779 647 1842 691 v.
1881 631 1945 706 5,
1985 624 2475 713 demerqantur
2503 624 2680 690 sicut
2721 623 2891 712 lassis
2915 647 2936 691 :
2971 647 3051 687 an

389 730 749 819 mergendi
789 731 878 798 ad
924 737 1228 821 tempuS,
1272 729 1483 797 donec
1525 733 1701 798 eta?
1748 733 1880 819 Aq.
1923 730 2166 798 Theod.
2223 729 2463 797 Chald.
2508 752 2534 797 .·
2569 744 2839 798 taceam
2883 735 3051 795 sirm

392 838 608 928 lapis.‘
642 837 1337 928 LXXpetrifieencm·.
1373 836 1635 928 Optime
1664 839 1930 924 Symm.
1964 840 2230 923 ἀκίνητοι
2261 847 2524 923 ἔσονται,
2554 860 2848 928 quocum
2895 863 3055 903 rnn-

394 946 598 1012 sentit
638 934 834 1033 Vulq.
866 966 892 1010 .·
929 966 1126 1028 sane,
1163 943 1351 1035 quod
1381 944 1678 1011 maxime·
1713 945 1787 1012 in
1828 943 2000 1011 votis
2029 951 2129 1011 est
2154 944 2225 1010 in
2261 945 2490 1027 hoste,
2520 967 2662 1012 non
2691 949 2827 1011 tam
2859 951 2947 1007 vsi
2991 951 3059 1007 ut

398 1058 648 1134 taceat,
685 1072 894 1141 quam
936 1055 1008 1117 ut
1038 1074 1179 1118 non
1212 1058 1590 1118 moveatur.

1276 1292 1610 1351 Antiatropha
1636 1293 1879 1351 posterior
1908 1307 1954 1340 v.
1993 1290 2187 1339 ish-18.

482 1472 648 1559 Arq.
686 1506 777 1520 —
814 1474 862 1536 E
902 1468 1330 1555 benignitate
1377 1468 1580 1536 Iahve
1625 1492 1688 1535 v.
1729 1476 1810 1535 13
1863 1468 2209 1535 celebrata
2258 1468 2564 1557 concipit
2609 1468 2855 1535 chorus
2891 1471 3055 1535 iiilu-

393 1577 605 1658 ciam,
648 1597 854 1666 porro
891 1575 1057 1641 item
1104 1576 1359 1642 Iahven
1403 1575 1733 1665 populum
1783 1577 1927 1642 sore
1976 1575 2278 1662 benigne
2323 1575 2811 1647 deducturum„
2873 1583 2935 1639 ul
2991 1579 3051 1639 in

394 1689 579 1749 terra
614 1682 951 1772 promissa
982 1704 1138 1749 cum
1177 1681 1298 1747 illo
1328 1690 1666 1773 perpetuo
1706 1681 2179 1748 habitaturum
2212 1685 2418 1771 atque
2448 1690 2919 1769 regnaturum.

491 1818 521 1849 «
571 1792 798 1855 Donec
813 1801 1259 1878 pertranseat
1284 1788 1579 1878 populus
1614 1801 1811 1869 tuus,
1855 1789 2172 1868 Domine,
2226 1788 2434 1855 donec
2471 1803 2911 1877 per-traversas
2935 1817 3059 1879 pu—

386 1895 598 1986 pulus
643 1907 804 1962 tuus
842 1896 997 1982 iste,
1035 1918 1239 1985 quem
1263 1894 1628 1984 possedisti
1662 1923 1729 1981 n,
1777 1924 1808 1958 «
1857 1895 1930 1961 in
1981 1902 2238 1962 terram
2286 1895 2693 1984 promissam
2727 1923 2759 1956 n
2801 1899 3055 1963 ῃ’μιῆνηῇῑι

399 2006 564 2069 Cum
594 2023 774 2069 nova
812 2001 1098 2091 incipiat
1140 2002 1595 2092 antistropha,
1640 2024 1766 2092 pro
1807 2014 1884 2089 ’Ψ
1923 2006 2183 2091 puncta
2221 2005 2298 2071 wir
2333 2021 2346 2063 t
2389 2006 2469 2067 ln
2479 2014 2827 2091 posterum
2863 2003 3059 2067 [sliam

406 2121 830 2207 pertranseat
853 2117 1151 2207 populus
1173 2124 1333 2185 tuus
1357 2117 1643 2185 adversa
1670 2117 1925 2185 omnia.
1964 2118 2186 2185 Verba
2221 2117 2674 2206 interpretare
2704 2119 3059 2207 optativi-ss.

401 2246 466 2289 v.
507 2231 586 2290 17
636 2251 669 2287 t<
707 2222 1108 2290 Introduces
1139 2246 1249 2290 eos
1279 2236 1346 2290 et
1360 2224 1723 2314 plantabis
1759 2223 1835 2290 in
1864 2236 2089 2290 monte
2115 2223 2561 2291 haeredilatis
2589 2238 2779 2303 tuae,
2807 2227 3063 2311 sis-sm}-

400 2331 566 2397 sz'mo
620 2330 1011 2398 habitaculo
1060 2343 1211 2416 tu0,
1254 2330 1444 2420 quod
1481 2343 1798 2421 operatus
1842 2354 1909 2397 es
1922 2384 1941 2417 ,
1988 2330 2277 2397 Domine
2327 2360 2397 2415 »,
2441 2371 2533 2384 —
2580 2334 2779 2397 Hebr.
2831 2355 2851 2395 :
2891 2331 3059 2411 ἕως-ω,

402 2460 603 2527 quem
665 2436 762 2503 ad
795 2437 1103 2526 requiem
1170 2449 1359 2503 cuam
1403 2437 1656 2526 fecisti,
1705 2436 1910 2504 Iakve
1947 2476 2036 2486 —
2080 2466 2111 2498 «
2157 2438 2627 2504 sanctuarium
2678 2451 2899 2515 leuem,
2943 2439 3063 2503 (ἕη-

402 2544 617 2628 mine,
658 2542 849 2633 quod
872 2544 1321 2632 firma-verunt
1356 2566 1599 2611 manus
1632 2558 1792 2610 tuae
1831 2573 1889 2610 n.
1938 2543 2330 2628 Plantabis,
2370 2573 2400 2606 «
2438 2551 2512 2610 ut
2555 2544 2899 2619 stabilem
2959 2551 3063 2608 iir-v

404 2672 586 2717 mam
618 2656 685 2717 et
713 2649 1095 2716 naturalem
1131 2650 1347 2717 instar
1382 2650 1784 2740 plantarum
1810 2656 1876 2716 et
1905 2650 2232 2717 arborum
2268 2651 2416 2717 fixis
2457 2651 2803 2718 radicibus
2831 2651 3055 2715 mirem

402 2757 762 2825 obtineant
813 2784 844 2817 »
884 2756 1152 2844 (Mem).
1207 2784 1240 2817 «
1288 2757 1624 2843 Exiguum
1653 2757 1838 2823 enim
1872 2756 2223 2823 videretur
2252 2766 2318 2823 et
2351 2762 2524 2823 esset
2548 2756 2955 2823 benetia-ium
2999 2759 3063 2819 in

403 2884 553 2929 eam
584 2862 853 2943 induci,
888 2863 1020 2928 nisi
1054 2861 1262 2928 etiam
1302 2863 1504 2930 firma
1539 2862 1875 2930 habitatio
1901 2863 2415 2953 promitteretur
2447 2891 2478 2923 »
2513 2863 2799 2951 (Bonfr.¹
2827 2919 2835 2927 .
2879 2867 3067 2927 ‚Ha-am

404 2968 726 3035 scribitur
762 2970 839 3034 in
871 2968 1304 3058 oppositione
1332 2968 1421 3034 ad
1448 2973 1865 3059 Aegyptum,
1909 2969 2263 3055 regionem
2295 2969 2578 3059 planam
2605 2969 2690 3058 (T
2687 2973 2835 3052 osan]
2887 2991 2893 3031 ;,
2935 2995 3063 3031 nem

406 3097 569 3141 vero
609 3074 1047 3161 intelligitur,
1092 3075 1279 3164 quod
1322 3077 1634 3163 suggerit
1676 3076 1934 3162 Calm.‚
1973 3076 2189 3156 Sinai,
2233 3098 2454 3166 neque
2493 3074 2696 3142 Moria
2734 3079 2991 3163 [Hnnfr.

404 3180 526 3248 sed
568 3186 710 3247 tota
749 3188 933 3248 terra
971 3182 1296 3249 Chanaan
1340 3189 1702 3249 montuosa
1742 3182 1828 3272 (T
1825 3195 1978 3263 ost„
2035 3182 2241 3269 Cael).
2287 3182 2542 3249 Dicitur
2589 3188 2811 3249 autern
2871 3207 3063 3247 mnus

392 3287 839 3379 possessionis
888 3293 955 3353 et
996 3288 1160 3354 hinc
1204 3289 1410 3354 etiam
1448 3287 1894 3355 haeredilacis
1933 3288 2161 3370 Iahve,
2206 3287 2370 3377 quia
2416 3288 2505 3355 ab
2541 3311 2620 3355 eo
2659 3291 3071 3378 patrima-his

405 3397 626 3463 fuerat
679 3395 1061 3481 assignatus
1098 3394 1173 3460 in
1226 3395 1511 3484 posteris
1553 3394 2044 3484 possidenduS‚
2091 3404 2157 3462 et
2199 3395 2362 3462 hinc
2397 3396 2606 3462 etiam
2645 3394 3067 3463 hasnwliiznv.

405 3500 985 3569 transmittendus,
1029 3505 1197 3568 Nota
1227 3523 1434 3589 porro
1464 3501 2131 3569 animadversionem
2166 3500 2322 3568 Gai.
2348 3554 2362 3582 ‚
2403 3525 2445 3568 a
2475 3501 2692 3569 tribus
2726 3503 2996 3568 munim
3019 3503 3063 3563 ri

401 3614 657 3675 terram
687 3607 1090 3698 promissam
1126 3628 1140 3675 ε
1174 3631 1216 3675 a
1248 3615 1509 3690 monte,
1541 3607 1630 3674 ab
1665 3608 2100 3690 habitacuIO,
2131 3630 2172 3674 a
2201 3611 2610 3675 sanctuariO.
2649 3613 2903 3699 Realw
2943 3613 3063 3671 irin„

407 3737 472 3781 v.
508 3722 586 3781 17
604 3714 917 3780 membra
936 3715 1169 3781 omnia
1196 3714 1571 3803 respiciunt
1595 3720 1855 3781 terram
1877 3720 2224 3782 sanctam:
2251 3737 2390 3782 non
2417 3716 2747 3804 templum
2775 3719 2791 3803 »ζ
2815 3723 3003 3799 ism-ff,
3027 3727 3059 3775 ’.

408 3822 773 3904 obiiciunt,
794 3821 1048 3887 similes
1065 3821 1528 3909 expressiones
1557 3820 2000 3911 postmodum
2016 3822 2100 3889 de
2123 3822 2383 3912 templo
2413 3821 2588 3888 edici
2615 3823 3067 3890 consui-vitm

408 3949 573 4015 ergo
627 3916 903 3994 easdem
949 3928 1021 3995 h.
1073 3927 1122 3993 l.
1180 3927 1264 3994 de
1319 3928 1591 4016 templo,
1629 3950 1767 3995 esse
1823 3927 2347 4013 intelligendaS‚
2406 3935 2775 3995 extremam
2831 3931 3071 3991 *munivi

407 4034 760 4124 stropham
790 4056 936 4100 esse
967 4033 1381 4101 addititiam.
1425 4022 1556 4102 Sed
1577 4056 1686 4101 res
1713 4034 1937 4118 aliter,
1983 4041 2049 4101 et
2077 4034 2355 4124 quidem
2392 4035 2692 4116 faciliuS‚
2729 4039 3075 4123 explanari

409 4145 649 4230 potest.
679 4139 981 4207 Primum
1010 4145 1195 4208 terra
1226 4146 1463 4208 sancta
1499 4142 1876 4208 universim
1917 4141 2274 4208 dicebatur·
2301 4143 2490 4209 locus
2520 4142 2899 4209 habitaculi
2939 4144 3067 4215 livi,

407 4246 870 4313 sanctuarium
917 4248 1118 4314 lahve
1162 4250 1287 4314 etc.
1336 4268 1351 4315 ε
1402 4246 1523 4313 ubi
1566 4253 1804 4338 postea
1860 4248 2062 4314 lahve
2114 4248 2478 4337 specialem
2533 4253 2755 4315 terrae
2807 4259 3071 4315 saneim·

407 4356 663 4436 locum,
700 4358 1001 4420 montem
1032 4354 1236 4421 Moria
1259 4376 1380 4420 suo
1412 4354 1627 4421 cultui
1651 4359 1719 4420 et
1762 4354 2174 4422 habitationi
2212 4354 2610 4435 destinavit,
2656 4356 2927 4422 illarum
2967 4383 3075 4419 m-

404 4459 835 4549 pressionum
872 4459 1280 4547 significatio
1319 4460 1405 4527 ad
1456 4483 1672 4527 unum
1714 4466 2015 4527 montem
2062 4462 2269 4529 Moria
2322 4468 2673 4529 contracta
2716 4471 2831 4529 esi.
2879 4487 2939 4527 κ’.
3003 4471 3071 4527 lli

416 4596 447 4626 «
483 4567 815 4632 Dominus
849 4566 1164 4655 reynabit
1195 4567 1267 4632 in
1298 4580 1650 4634 aeternum
1681 4581 1749 4635 et
1774 4567 1958 4634 ultra
1993 4597 2024 4629 υ
2069 4568 2143 4635 in
2177 4575 2359 4637 terra
2396 4576 2660 4651 sancta,
2705 4571 2775 4635 in
2808 4571 3067 4631 saeviit-1

408 4674 858 4740 saeculorum.
894 4672 1023 4740 Sed
1070 4674 1404 4741 eiusmodi
1446 4675 1905 4764 expressiones
1952 4698 2094 4742 non
2136 4698 2405 4766 semper
2435 4676 2811 4743 absolutam
2863 4675 3067 4747 *ireni-

411 4777 615 4846 ficare
645 4780 1152 4863 aeternitatem,
1181 4780 1363 4871 apud
1394 4803 1630 4848 omnes
1665 4786 1946 4849 constat.
1985 4782 2277 4849 Omnino
2324 4813 2351 4842 «
2385 4782 2771 4867 significare
2811 4783 3071 4843 willelm·
