3534 5384
257 357 296 416 at
703 365 811 411 uerus
831 365 912 409 acra
934 365 965 408 ru
981 363 1136 408 aaurrro.

259 507 389 559 tenuibus
403 507 510 556 areneti
529 505 623 556 stratis
638 505 804 567 ligatorum,
821 501 978 554 latitudinis
996 501 1021 551 i·
1032 500 1091 550 8-1·
1104 501 1120 551 7
1135 513 1184 562 m,
1201 501 1306 551 eximia
1323 511 1391 548 eura
1404 500 1589 548 constructos.

259 597 366 656 Quibus
381 593 587 646 concluduntur
608 605 736 642 camerae
767 593 863 655 piures
878 590 1045 654 quadratae,
1068 590 1104 640 ab
1125 590 1247 640 invicem
1267 588 1427 650 separatae,
1443 599 1515 650 quae
1534 599 1593 638 non

258 687 306 736 aiii
326 685 390 734 usui
411 683 542 733 videntur
563 682 739 740 inserviiesc,
768 693 853 744 quarn
874 685 906 730 ut
928 682 1023 730 essent
1043 677 1253 742 promptuaria,
1273 677 1375 741 quibus
1393 675 1590 726 reconderetur

257 774 427 824 trumentum
439 784 490 835 pro
506 769 673 821 exercitibus
683 769 824 820 desertum
844 769 1015 830 traiectum,
1028 780 1080 832 pro
1098 782 1109 813 ι
1130 767 1277 816 caravanis
1293 780 1304 813 i
1322 769 1351 816 et
1368 765 1522 815 viatoribus
1536 763 1589 827 Sy-

258 864 328 912 riam
343 859 510 926 petentibus.

303 1058 335 1101 v.
360 1041 401 1102 12
420 1062 436 1095 α
455 1035 657 1120 Quantoque
679 1031 918 1121 opprimebant
937 1051 1009 1114 eus,
1027 1040 1122 1096 iurato
1144 1029 1256 1118 mupir
1270 1027 1590 1119 multiplicabuntur

259 1154 291 1208 et
306 1143 499 1208 creseebuut
510 1167 540 1205 ».
554 1137 705 1205 Duritiae
720 1137 858 1204 effectus
872 1135 1075 1226 providente
1087 1141 1154 1202 lieo
1165 1134 1291 1202 exstitit
1301 1136 1442 1202 omnino
1458 1140 1590 1202 contra-

258 1248 329 1314 rius
344 1247 433 1329 eius,
449 1266 552 1336 quem
565 1242 726 1332 Aegyptii
741 1242 980 1310 intendebant.
998 1265 1031 1308 v.
1051 1248 1092 1310 13
1109 1269 1126 1303 a
1151 1241 1369 1330 Oderuntque
1377 1241 1470 1332 filios
1486 1241 1593 1307 lsrael

258 1353 464 1444 Aeppptii».
483 1350 585 1420 Hebr.
602 1373 615 1417 .·
630 1352 886 1440 [ratiocinetur
903 1348 1027 1416 animis
1049 1372 1071 1415 u
1089 1349 1180 1440 sucie
1195 1347 1351 1438 filiorum
1371 1348 1489 1415 lsrael.
1512 1347 1590 1426 Qui-

258 1482 339 1527 nam
351 1459 567 1550 potissimum
578 1458 717 1525 affectus
731 1479 772 1524 ea
787 1457 985 1524 animorum
1000 1454 1233 1522 contractione
1250 1455 1473 1545 exprimitur?
1489 1454 1587 1543 Vulp.

257 1566 350 1634 idern
364 1565 507 1633 verbum
519 1569 617 1632 Num.
631 1570 710 1647 aaa
725 1564 828 1630 vertit
839 1590 855 1624 ‹<
869 1561 1126 1652 pertimuissent
1141 1588 1170 1644 a,
1185 1567 1226 1629 is.
1239 1568 1318 1642 aio
1334 1588 1350 1623 «
1367 1561 1543 1628 detestaris
1559 1588 1587 1628 a.

259 1676 351 1741 LXX
374 1675 440 1762 Aq.
465 1699 481 1735 a
506 1671 660 1740 taedium
685 1696 701 1730 a
730 1670 943 1760 exprimunt,
969 1667 1090 1736 cteta.
1118 1669 1196 1757 Syr.
1221 1693 1239 1730 a
1267 1667 1445 1755 angustias
1470 1689 1505 1750 »ς
1529 1667 1591 1756 qui

259 1801 376 1847 omnes
388 1779 528 1846 affectus
551 1807 566 1839 «
582 1777 691 1844 fracto
709 1803 725 1838 »
747 1776 862 1842 animo
884 1780 1095 1862 congruunt,
1110 1797 1183 1841 non
1201 1775 1285 1841 item
1304 1802 1320 1836 n
1339 1773 1457 1840 odium
1479 1803 1508 1841 a.
1529 1775 1590 1852 Qui

260 1886 363 1952 modo
383 1890 587 1976 putaverant
603 1884 773 1950 Hebraeos
795 1881 919 1949 callide
941 1881 1093 1970 opprimi
1113 1903 1228 1970 posse,
1245 1879 1407 1970 Aegyptii
1427 1881 1496 1947 iam
1513 1907 1529 1942 a
1548 1879 1591 1946 ii-

258 2015 339 2060 vore
359 1997 394 2059 et
413 1990 531 2058 dolore
551 1989 793 2058 afficiebantur
807 2017 822 2052 a
850 1987 1008 2078 (duim),
1031 2009 1128 2055 sacro
1147 1986 1255 2054 veluti
1276 1989 1421 2054 horrore
1439 1986 1593 2053 numinis

259 2098 434 2167 cuiusdam
450 2096 612 2165 Hebraeis
629 2095 787 2163 faventis.
805 2123 820 2156 a
839 2097 883 2162 Et
898 2094 1101 2184 affliqebuut
1118 2092 1303 2161 illudentes
1324 2092 1372 2160 eis
1394 2121 1424 2160 ».
1440 2095 1543 2160 Hebe.
1560 2106 1591 2160 et

258 2207 383 2273 seruire
392 2203 568 2294 faciebant
580 2216 676 2290 yibz,
689 2203 711 2270 i.
723 2225 753 2269 c.
765 2201 850 2268 deire
860 2199 997 2292 (ctatd.
1010 2201 1120 2290 Spa),
1134 2201 1254 2268 durius
1264 2204 1467 2290 quamante.
1479 2199 1592 2266 Proxi-

259 2333 334 2378 mus
347 2310 484 2377 divinae
494 2309 715 2400 protectionis
726 2309 865 2376 effectus
878 2311 975 2375 fuere
986 2307 1110 2374 horror
1118 2306 1177 2374 ille
1192 2308 1392 2397 saeviorque
1402 2307 1589 2396 oppressio.

259 2441 292 2483 v.
311 2424 352 2484 it
370 2443 385 2478 a
407 2419 520 2507 Atque
540 2415 588 2483 ud
608 2413 881 2482 amaritudinem
906 2412 1141 2503 perducebant
1160 2413 1267 2479 citum
1291 2434 1409 2480 eurum
1436 2412 1593 2502 operibus·

260 2523 357 2590 duris
369 2522 436 2589 luti
446 2537 480 2589 et
495 2522 612 2590 luteris
628 2549 665 2606 u,
681 2526 788 2588 -sat
802 2520 986 2610 pulchram
1001 2518 1266 2587 alliterationem
1284 2518 1392 2586 habet
1411 2518 1527 2610 Vulp.;
1538 2542 1594 2587 ar·

260 2629 345 2716 gilla
362 2627 495 2718 (Hebe.)
515 2628 682 2696 lateribus
699 2626 921 2694 conficiendis
941 2625 1181 2694 insumebatur
1198 2664 1244 2677 —
1262 2653 1278 2688 a
1300 2625 1463 2716 omnique
1474 2625 1594 2713 sumu·

261 2735 347 2821 lutet,
362 2758 426 2826 quo
440 2735 477 2802 ire
490 2747 598 2802 terrae
609 2731 767 2824 operibus
777 2736 1022 2825 premebuntur
1037 2759 1067 2798 ».
1079 2732 1144 2800 Sed
1157 2735 1259 2799 Hebe.
1275 2754 1289 2798 .·
1301 2732 1340 2798 ira
1351 2734 1505 2823 operibus
1516 2755 1593 2822 pru-

259 2840 543 2932 eibusiuurpiilu
558 2839 788 2921 atteteritur,
803 2839 887 2906 etin
907 2839 1063 2906 omnibus
1081 2839 1238 2929 operibus
1254 2839 1293 2904 ira
1312 2840 1404 2929 apris
1420 2839 1477 2928 (ef.
1494 2843 1591 2906 Deut.

261 2949 385 3033 11,10)‚
408 2952 480 3015 erat
503 2953 617 3015 autem
639 2968 804 3034 agrorum
825 2945 864 3013 in
886 2951 1043 3034 Aegypto
1063 2945 1223 3032 irrigatio
1245 2945 1345 3013 labor
1369 2945 1593 3032 gravissimus

260 3055 366 3144 (Hp.);
381 3077 459 3121 cum
473 3053 606 3143 (Malu,
626 3052 751 3142 datm.)
765 3051 923 3118 omret'bus
939 3051 1097 3142 operibus
1115 3074 1233 3119 eurum
1244 3074 1304 3118 seu
1313 3063 1454 3141 praeter
1464 3051 1591 3140 (Hirtii)

260 3161 376 3228 omniu
387 3183 489 3251 opera
502 3182 637 3241 eorum,
651 3181 739 3249 ptrue
752 3158 1001 3248 [0616100100ρ
1012 3181 1067 3225 eos
1081 3157 1176 3226 dure.
1194 3157 1319 3225 Ultima
1331 3178 1395 3224 vox
1410 3158 1531 3225 eadem
1544 3165 1593 3225 est

258 3272 361 3356 atque
381 3271 531 3334 extrema
545 3290 576 3333 v.
599 3272 638 3334 13
653 3287 718 3332 vox
734 3270 767 3331 et
786 3265 830 3332 ad
844 3265 938 3332 idem
954 3265 1120 3351 angariae
1138 3285 1248 3351 genus
1259 3263 1417 3347 refertur,
1436 3264 1592 3331 aedifica-

259 3371 388 3440 tionem
402 3395 449 3440 sc.
467 3371 794 3462 promptuariorum.
814 3376 899 3439 Cum
911 3371 949 3437 in
971 3371 1036 3438 hac
1052 3369 1284 3438 Hebraeorum
1307 3392 1469 3438 numeros
1483 3393 1592 3460 usque

259 3479 379 3568 augeri
391 3478 549 3546 viderent
567 3477 744 3569 Aegyptii,
762 3477 937 3567 duplicem
950 3475 1054 3545 aliam
1070 3476 1252 3564 angariam
1262 3477 1430 3544 addidere
1445 3477 1592 3544 laterum

259 3586 494 3653 faciendorum
504 3590 539 3653 et
551 3605 715 3672 agrorum
732 3583 977 3652 curandorum.
995 3583 1119 3661 Quodsi
1133 3583 1181 3651 ita
1193 3582 1427 3673 interpreteris
1440 3584 1592 3672 particu-

258 3691 329 3758 lam
346 3707 405 3766 011,
422 3691 529 3780 plana
547 3689 695 3758 habetur
717 3691 942 3772 constructio,
960 3711 1074 3779 neque
1094 3689 1168 3757 ulla
1189 3696 1306 3758 manet
1328 3689 1418 3756 ratio
1439 3688 1592 3779 supremi

259 3797 355 3865 incisi
373 3797 509 3864 diverso
529 3797 663 3865 auctori
686 3796 898 3883 assignandi.
915 3795 1091 3863 Eiusmodi
1107 3819 1213 3887 porro
1232 3797 1396 3882 angariae
1414 3795 1451 3862 in
1470 3819 1592 3864 monu-

259 3906 383 3972 mentis
399 3903 647 3994 Aegyptiorum
665 3902 858 3970 identidem
873 3902 1029 3992 depictae
1048 3903 1318 3992 conspiciuntur.
1339 3903 1386 3968 ci.
1402 3903 1507 3969 etiarn
1521 3905 1589 3971 tus.

563 4144 587 4192 b.
601 4142 729 4190 &enudus
744 4143 837 4201 medus
848 4159 854 4190 ι
866 4143 936 4202 pueri
952 4143 1096 4202 interempti
1111 4141 1159 4192 Ex.
1173 4144 1278 4203 tle-22.

301 4322 385 4408 Arp.
402 4357 447 4370 -
461 4325 487 4386 ii
501 4324 662 4386 contextu
680 4319 870 4406 colligitur,
889 4319 1191 4387 nonobstantibus
1210 4326 1282 4388 tam
1300 4320 1464 4408 gravibus
1484 4341 1591 4407 anga-

258 4425 318 4494 riis
330 4426 562 4494 Hebraeorum
577 4447 737 4493 numeros
748 4426 909 4508 crevisse3
924 4447 1032 4515 quare
1045 4448 1175 4493 novum
1190 4426 1499 4516 opprimendorum
1514 4447 1592 4494 con-

258 4531 374 4600 silium
388 4532 468 4600 iniit
485 4532 612 4620 impius
627 4554 696 4599 rex.
715 4532 868 4599 Primum
884 4531 1126 4600 obstetricibus
1139 4532 1348 4622 persuadere
1367 4538 1508 4600 conatus
1523 4539 1588 4615 est,

259 4645 297 4706 ut
318 4661 441 4730 pueros
467 4637 699 4706 Hebraeorum
719 4639 756 4704 in
781 4639 856 4728 ipsa
878 4639 1056 4706 nativitate
1076 4638 1330 4723 interimerent;
1347 4639 1428 4707 dein
1452 4638 1592 4730 publiea

260 4745 336 4833 lege
357 4745 427 4812 lata
446 4743 583 4813 eosdem
608 4745 706 4836 aquis
727 4745 886 4813 suffocari
900 4747 1087 4836 praecepit.
1107 4749 1192 4814 Cum
1214 4752 1264 4814 tot
1278 4746 1438 4835 alloquiis
1455 4748 1512 4814 bei
1527 4767 1590 4836 po-
