3534 5384
700 406 752 449 ax.
774 392 843 464 3i,l
869 406 936 458 soo.
1424 392 1481 454 307

158 541 283 632 (Van),
303 567 319 602 ι(
338 540 488 607 Beseleel
499 539 615 629 filiam
632 539 691 606 Uri
710 566 740 622 o,
757 562 877 630 -pro
896 554 961 605 *ua
975 542 1071 609 Sam.
1091 540 1127 607 h.
1145 542 1169 608 i.
1190 544 1223 608 et
1241 546 1360 625 35,30;
1379 548 1483 627 38,ἳὲ

163 664 229 715 iun
248 686 294 697 -
309 674 326 709 «
341 646 410 736 filii
425 649 501 713 Har
516 674 548 729 n,
566 644 630 713 filii
654 645 767 729 Caleb,
789 645 853 712 tilii
876 650 1019 731 Hesron,
1047 645 1113 713 filii
1133 646 1277 732 PhareS,
1306 647 1369 715 lilii
1398 648 1484 717 luda

160 756 192 846 (1
217 758 293 822 Par.
310 760 367 836 2,3
390 774 485 843 sqq.;
506 751 878 841 of.r,1a.50;i‚1.t),
900 779 915 812 n
936 751 978 819 de
994 751 1085 819 triba
1099 752 1188 820 Iuda
1210 780 1240 819 o.
1266 761 1318 821 An
1336 754 1393 821 hio
1414 760 1484 822 Hur

163 861 256 928 idem
282 861 324 927 sit
345 881 423 926 cum
445 860 564 942 altero,
586 859 630 926 ct.
653 881 742 948 quae
765 858 911 926 diximus
934 857 979 926 ad
1005 864 1117 941 into.
1140 865 1199 943 123
1217 865 1331 941 iiii.
1356 865 1484 929 Nomen

161 967 309 1035 beseleel
329 966 431 1033 etiam
456 966 564 1033 habes
585 973 601 1034 l
626 965 724 1033 Esdr.
745 963 969 1049 10,30;U1·il
990 965 1085 1033 Esdr.
1105 970 1223 1047 10‚2i;
1242 973 1261 1034 3
1279 970 1364 1052 Reg.
1384 972 1481 1049 i,19;
1566 980 1569 985 '

161 1079 261 1141 Huni
272 1074 368 1141 Esdr.
385 1080 458 1154 3,9;
475 1079 494 1138 3
510 1076 593 1159 Reg.
609 1078 678 1155 t,8.
691 1095 723 1140 v.
739 1078 759 1139 3
777 1098 793 1133 «
810 1074 856 1138 lit
868 1071 1009 1161 implevi
1018 1094 1095 1138 eam
1111 1071 1236 1162 spirita
1251 1073 1315 1139 Dei
1328 1099 1357 1156 n,
1377 1072 1485 1163 quise

161 1180 357 1247 manifestat
376 1208 392 1240 «
411 1179 448 1245 in
462 1178 635 1268 sapientia
648 1191 682 1246 et
700 1206 716 1240 n
734 1177 772 1244 in
791 1205 808 1240 ι(
824 1177 1055 1268 intelliqentz'a
1070 1191 1103 1244 et
1120 1206 1136 1240 n
1154 1178 1191 1245 in
1209 1207 1225 1240 (ι
1248 1179 1391 1246 scientia
1409 1207 1425 1241 »
1442 1218 1487 1229 -

162 1286 287 1354 eibi.
306 1285 411 1352 etiam
425 1285 555 1353 habent
568 1287 671 1352 Hetr.
693 1286 788 1353 Sam.
813 1282 932 1351 Clrala'.
950 1285 1042 1373 Syr„
1061 1284 1196 1375 planius
1214 1285 1378 1372 ignorant
1397 1288 1489 1382 LXX

165 1392 264 1482 Vaip.
280 1432 326 1443 -
343 1419 359 1453 ι(
377 1391 522 1458 inomni
538 1414 636 1481 opere
657 1419 673 1454 a
686 1444 694 1470 ,
708 1430 753 1442 -
768 1392 886 1480 priora
897 1393 964 1458 tria
978 1392 1120 1459 nomina
1137 1392 1193 1457 vix
1212 1391 1483 1479 distinguuntur,

163 1504 197 1565 et
215 1498 409 1588 exprimunt
424 1497 587 1566 scientiae
603 1497 772 1565 ambitum
786 1519 858 1564 non
874 1497 911 1563 in
926 1519 997 1564 uno
1014 1498 1181 1581 alterove,
1199 1496 1310 1565 sedin
1326 1498 1484 1587 quolibet

165 1606 247 1673 ariis
264 1627 427 1695 opere-
443 1628 476 1671 v.
496 1611 514 1671 i
532 1632 547 1665 ι(
570 1602 618 1671 ad
637 1603 918 1693 cacapitaadam,
938 1603 1113 1693 quidquid
1124 1604 1302 1693 fabrefieri
1315 1616 1428 1695 potest
1446 1627 1488 1671 ea

165 1734 250 1780 auro
272 1724 304 1778 et
323 1722 464 1801 arpenta
484 1723 517 1778 et
536 1733 612 1778 aare
639 1738 670 1790 »,
688 1733 720 1777 v.
744 1717 763 1778 5
785 1738 800 1772 ε
821 1732 992 1777 marmore
1016 1723 1048 1776 et
1070 1710 1215 1799 qemmis
1234 1723 1268 1777 et
1291 1708 1486 1779 diuersitate

167 1818 340 1907 liquorum
359 1845 390 1883 n.
407 1816 473 1885 Sed
488 1819 588 1885 Hebr.
609 1838 622 1883 .·
636 1829 667 1883 et
688 1816 726 1882 in
741 1815 929 1883 scirtdcado
946 1814 1062 1905 lapide
1075 1816 1285 1907 impletionis
1305 1818 1361 1905 (cf.
1378 1818 1485 1908 255),

163 1936 196 1991 ct
210 1925 247 1991 ia
261 1923 446 1991 scindendo
460 1922 555 2013 liqna
565 1923 789 2013 formationis
803 1922 841 1989 in
857 1944 955 1989 omne
971 1944 1066 2012 opas.
1084 1924 1233 1991 Beseleel
1248 1924 1425 1992 evidenter
1439 1930 1489 1991 est

163 2061 178 2092 a
195 2030 396 2122 principalis
408 2030 528 2098 artifex
545 2057 560 2091 n
575 2030 693 2119 (Gai),
713 2051 849 2119 semper
863 2030 996 2119 primus
1011 2033 1043 2096 et
1056 2051 1156 2119 saepe
1171 2030 1262 2099 solus
1278 2036 1486 2098 recensetur.

160 2138 300 2206 Videtur
315 2142 432 2205 tamen
444 2136 644 2203 immediate
659 2141 693 2203 et
707 2158 769 2225 per
782 2159 817 2203 se
830 2158 935 2225 opera
950 2136 1130 2226 perfecisse
1144 2136 1235 2203 fabri
1255 2137 1485 2219 metallorum,

161 2244 248 2332 ligni
267 2252 301 2312 et
318 2265 553 2330 gemmarum,
570 2242 695 2332 quibus
716 2242 867 2329 gratuito
892 2242 1026 2309 addunt
1049 2247 1129 2309 ixx
1144 2243 1288 2311 textilia.
1312 2248 1432 2311 Utrum
1452 2244 1487 2309 in

160 2351 213 2418 his
234 2350 432 2417 excelluerit
449 2348 579 2431 Ooliab,
601 2371 646 2415 an
663 2348 720 2416 hic
734 2348 944 2417 Beseleelum
961 2350 1063 2415 eiiam
1078 2349 1203 2416 iuverit
1221 2351 1257 2415 in
1272 2349 1363 2417 fabri
1377 2350 1489 2441 operi-

160 2457 239 2541 bus,
257 2455 439 2525 nescimus.
455 2460 546 2523 Unus
558 2463 634 2545 post
646 2455 795 2523 Beseleel
805 2456 947 2522 nomine
959 2455 1111 2539 effertur,
1129 2455 1319 2547 ceterisque
1334 2478 1412 2524 oum
1426 2457 1487 2523 illo

164 2564 327 2654 operariis
345 2569 513 2653 praeerat.
531 2562 727 2651 Depingunt
746 2562 831 2629 haec
852 2562 946 2652 apud
967 2561 1137 2629 Hebraeos
1155 2584 1296 2645 aevum,
1315 2586 1383 2653 quo
1404 2564 1487 2630 arti-

163 2669 244 2737 fices
267 2675 377 2737 essent
398 2669 522 2758 aliqui,
545 2667 688 2736 sednon
708 2666 825 2751 multi,
842 2668 953 2735 simile
972 2669 1014 2735 iis
1034 2668 1140 2735 medii
1162 2670 1236 2736 aevi
1255 2668 1484 2759 temporibus,

163 2776 288 2867 quibus
300 2776 452 2866 prudens
467 2775 566 2842 faber
580 2779 653 2842 erat
666 2795 763 2841 rarus
775 2780 879 2863 atque
894 2795 1016 2860 magus
1032 2776 1103 2841 fere
1118 2796 1138 2839 a
1153 2774 1259 2861 vulgo
1279 2774 1484 2842 habebatur.

204 2906 238 2949 v.
257 2889 277 2948 6
294 2910 310 2944 «
325 2880 522 2967 Dediqaeez'
530 2880 660 2947 sociam
675 2879 808 2966 ooliab,
824 2878 941 2968 filiam
950 2878 1184 2964 Aebisamecb,
1203 2878 1348 2945 detribu
1365 2883 1484 2946 Dan».

162 2994 267 3056 Porro
286 2994 320 3055 et
340 2987 394 3055 his
409 2987 543 3054 duobus
558 2985 640 3053 viris
659 2985 795 3075 providi
807 2986 981 3053 adiutores
998 3007 1006 3054 :
1025 3015 1041 3047 (ι
1057 2987 1103 3051 Et
1120 2985 1156 3051 in
1171 2984 1271 3052 corde
1287 2986 1397 3051 onznia
1412 3008 1488 3053 era-

164 3094 231 3161 diti
234 3094 341 3184 posui
347 3092 565 3183 sapientiam,
582 3106 621 3158 at
628 3093 763 3181 saciant
779 3104 914 3173 recocta,
933 3114 1021 3179 qaae
1029 3090 1192 3181 praecepi
1203 3090 1265 3158 tibi
1275 3119 1291 3153 n
1306 3115 1314 3157 ε
1327 3116 1359 3157 ν.
1375 3098 1394 3158 7
1407 3119 1423 3155 a
1439 3104 1489 3159 ia·

160 3198 381 3268 bernacalam
390 3199 537 3289 foederis
550 3211 581 3265 et
598 3222 714 3267 aream
727 3198 913 3266 testimonii
928 3197 1263 3289 etpropitr'atoriam,
1281 3198 1376 3289 qaod
1386 3222 1489 3290 saper

161 3330 237 3375 eam
253 3319 317 3389 cst,
336 3319 370 3373 et
385 3319 509 3373 cancta
523 3328 604 3373 vasa
617 3304 830 3373 tabernaculi
846 3333 877 3388 n,
895 3330 928 3373 v.
947 3312 967 3373 8
987 3332 1003 3367 o
1020 3328 1240 3395 mensamque
1255 3318 1288 3371 et
1301 3328 1383 3372 rasa
1398 3304 1483 3390 cias,

162 3414 406 3482 candelabrum
420 3412 648 3503 parissimam
666 3434 743 3479 enm
762 3411 852 3479 vasis
877 3411 967 3497 sais,
993 3424 1027 3477 et
1051 3412 1181 3479 altaria
1206 3411 1446 3501 thymiamatis
1470 3440 1484 3473 ›>

164 3544 195 3589 v.
218 3527 237 3587 9
259 3548 275 3583 «
297 3533 329 3587 et
349 3518 541 3587 holocausti
558 3530 591 3584 et
614 3519 730 3587 omnia
754 3541 837 3585 oasa
853 3540 989 3599 eornm,
1014 3518 1147 3585 labrum
1172 3542 1250 3585 cam
1273 3520 1347 3586 aasz·
1370 3543 1433 3587 saa
1455 3547 1486 3603 n,

164 3650 197 3693 v.
219 3633 259 3694 10
275 3654 291 3690 «
307 3639 412 3694 vestes
425 3628 586 3714 [sanctas]
603 3625 641 3693 in
654 3625 848 3692 ministerio
863 3627 981 3692 Aaron
999 3624 1170 3692 sacerdoti
1187 3636 1219 3691 ei
1235 3625 1322 3715 filiis
1337 3626 1426 3713 cias,
1451 3638 1489 3692 nt

161 3734 357 3823 sunpaatar
375 3734 490 3823 officio
514 3754 574 3798 suo
602 3732 641 3798 in
659 3731 766 3799 sacris
790 3754 824 3815 2³3
849 3754 882 3798 v.
911 3738 950 3799 ll
974 3758 991 3793 «
1022 3733 1135 3799 oleam
1157 3731 1331 3799 unctionis
1354 3746 1387 3798 et
1414 3732 1488 3821 ay-

161 3838 293 3908 miama
303 3851 496 3907 aromatum
508 3839 545 3906 in
561 3838 761 3906 sanctuario
766 3861 782 3924 ‚·
796 3838 922 3922 omnia,
941 3860 1029 3926 qaae
1040 3838 1203 3928 praecepi
1216 3838 1291 3919 riti,
1302 3839 1439 3928 sacient
1457 3865 1486 3903 n.

198 4048 278 4098 liebr.
289 4061 317 4097 v.
333 4047 364 4099 10
378 4051 425 4099 :ot
435 4049 603 4099 vestimenta
612 4052 710 4107 iiiiii,
720 4047 889 4097 vestimenta
902 4057 983 4095 sacra
1001 4057 1052 4109 pro
1068 4046 1163 4095 Aaron
1177 4050 1231 4097 etc.
1251 4046 1402 4110 Expressio
1421 4053 1488 4104 im

163 4142 259 4197 nutri,
270 4150 343 4201 quae
355 4137 383 4187 h.
395 4136 414 4187 l.
429 4140 542 4187 nonest
556 4135 669 4200 quidem
680 4134 812 4186 indubiae
821 4134 964 4195 lectionis,
979 4134 1060 4195 ³5,19
1076 4138 1103 4185 et
1120 4134 1192 4195 39,i.
1210 4134 1240 4185 ti
1257 4135 1427 4199 adscriptum
1440 4135 1487 4186 ha·

168 4226 216 4276 bet
229 4230 319 4309 arpa
333 4205 433 4289 ΜΒ,
449 4225 525 4276 unde
542 4227 619 4288 patet
636 4236 694 4274 non
713 4224 760 4288 agi
783 4224 818 4274 de
839 4223 1022 4287 operimentis
1042 4222 1230 4286 tabernaculi,
1248 4223 1298 4275 sed
1316 4222 1352 4275 de
1365 4224 1491 4276 vestibus

164 4314 342 4366 sacerdotum
364 4314 462 4366 samis.
482 4314 633 4365 versiones
654 4316 702 4363 aut
724 4324 822 4363 vocem
843 4318 909 4369 'iim
932 4311 1175 4374 circumscribunt,
1196 4316 1245 4363 aut
1265 4313 1391 4375 vertunt,
1411 4315 1493 4379 quasi

165 4404 241 4455 idem
255 4404 291 4454 sit
304 4408 368 4461 'iia
382 4409 467 4467 atque
481 4407 559 4458 nita.
575 4402 744 4465 interpretes
757 4402 869 4467 praeter
882 4402 1058 4452 coniecturas
1071 4400 1176 4451 habent
1191 4402 1271 4451 nihil.

289 4558 301 4581 ἱ
360 4616 381 4668 l.
404 4615 557 4667 Sabbatum
575 4618 604 4668 et
622 4616 747 4679 mulae,
768 4615 889 4668 loederls
907 4616 1072 4680 argumenta
1091 4614 1143 4668 Ex.
1164 4614 1307 4677 sini-ta.

213 4805 278 4869 Cur
291 4799 514 4891 sequentibus
532 4799 667 4868 sabbati
683 4799 805 4885 religio
824 4796 938 4866 denuo
952 4798 1157 4884 inculcetur,
1173 4798 1285 4866 varias
1295 4798 1381 4866 varii
1396 4821 1493 4866 exco-
