3534 5384
734 374 781 417 cx.
805 358 877 435 377
901 372 963 423 sao.
1459 358 1519 418 773

182 511 250 573 dae,
266 503 436 560 verbis'tere
456 509 555 560 lisdem
574 514 659 575 atque
680 510 830 571 esso-395
846 508 954 571 30,1-5.
970 506 1144 558 omittuntur
1159 512 1253 559 tamen
1265 509 1346 570 teas
1362 524 1404 575 sq.
1423 510 1453 561 21
1472 525 1515 573 sq.

182 598 226 649 30.
238 598 272 648 37
286 611 328 662 sq.
347 597 395 658 403
411 599 479 648 dum
494 598 575 659 3739
589 598 669 649 brevi
681 599 803 650 formula
816 599 934 650 resumit
949 596 1082 657 sont-38
1097 595 1184 656 dicta;
1200 596 1282 657 37,16
1299 611 1431 650 vasorum
1446 612 1516 649 ents-

180 688 328 738 merationi
348 687 501 750 praemittit
523 688 686 751 generalem
707 688 857 738 termulam
876 692 901 737 ct
920 686 1003 751 [77777
1024 698 1107 746 casa,
1125 698 1192 747 quac
1212 699 1293 751 super
1314 700 1441 739 mensam.
1455 702 1482 736 v.
1504 688 1513 737 1

180 775 336 825 subiectum
354 774 469 826 effertur
490 774 605 825 Beseleet
622 776 657 827 ob
676 789 739 828 eam
757 778 819 827 sine
834 775 919 826 dubio
933 775 1085 835 rationem,
1101 774 1177 837 quod
1191 784 1236 825 ras
1251 775 1315 826 illas
1329 777 1455 827 omnium
1469 790 1516 825 sa-

180 866 313 915 cerrimas
335 863 488 915 taminatus
506 866 544 915 sit
557 864 686 916 Beseleel
702 866 773 928 ipse,
789 877 847 914 non
861 876 912 928 per
927 864 1008 915 alios.
1026 863 1070 913 An
1084 874 1152 912 vcro
1164 864 1226 927 ipse
1243 863 1399 915 subiectum
1413 866 1450 915 sit
1466 879 1517 929 por

181 957 270 1003 totum
294 958 392 1017 ceput,
408 964 445 1003 an
461 953 527 1004 inda
541 966 559 1003 a
573 967 600 1003 v.
618 953 649 1004 10
667 953 822 1005 subiectum
842 966 941 1004 rursus
959 951 1127 1003 sumendum
1146 952 1183 1001 sit
1202 952 1242 1001 uti
1262 966 1323 1017 cap.
1341 954 1373 1003 36
1393 954 1517 1004 indeter-

180 1043 300 1103 minate,
315 1041 426 1093 detmiri
440 1044 536 1106 nequit
552 1054 644 1106 neque
659 1044 732 1093 scire
745 1044 874 1093 interest.

225 1241 459 1309 Conficiuntue
482 1241 591 1329 igilur
610 1242 762 1332 primum
784 1264 865 1309 arca
881 1247 916 1310 et
934 1240 1226 1332 propitiatorium.
1252 1242 1335 1332 Cap.
1357 1244 1517 1310 XXXVI!

180 1370 213 1417 v.
230 1355 246 1417 1
265 1374 282 1409 «
297 1348 391 1415 Fecit
403 1360 520 1415 autem
543 1347 694 1415 beseleel
711 1361 744 1415 77
765 1370 884 1415 arcam
905 1346 947 1415 de
973 1346 1081 1435 liquis
1102 1346 1219 1428 777777,
1236 1345 1414 1415 labentem
1430 1346 1516 1415 duos

180 1455 281 1523 semis
295 1455 426 1521 cubitos
439 1454 477 1521 in
493 1452 726 1543 lonqitudine,
739 1467 772 1521 et
785 1454 939 1522 cubitum
953 1477 993 1521 ac
1007 1452 1180 1520 semissem
1195 1453 1232 1520 in
1250 1452 1448 1537 latitudine,
1465 1456 1517 1521 al-

180 1562 292 1629 titudo
305 1583 442 1652 quoque
451 1562 556 1628 7777777
571 1559 680 1628 cubiti
688 1561 765 1651 fuit
779 1574 812 1627 et
826 1560 968 1628 dimidii
973 1580 989 1643 ,·
1002 1560 1202 1649 vestivitque
1217 1582 1293 1627 eam
1306 1583 1391 1627 aura
1400 1563 1514 1651 puris-

177 1668 263 1735 simo
280 1668 375 1735 7777777
385 1690 426 1735 77
432 1668 525 1755 faris
541 1696 571 1734 ».
591 1692 624 1734 v.
641 1675 662 1734 ’7
679 1695 695 1729 «
712 1670 758 1735 Et
765 1667 853 1755 fecit
867 1666 925 1734 illi
936 1688 1097 1735 coronam
1109 1689 1252 1733 astream
1265 1689 1329 1758 per
1340 1690 1512 1759 pyrum»,

178 1796 210 1841 v.
229 1781 248 1842 3
265 1804 280 1835 «
297 1773 454 1863 conflans
466 1786 615 1865 quatuor
627 1774 910 1841 annulosaureas
917 1796 984 1866 per
995 1786 1144 1863 quatuor
1161 1773 1309 1862 anqulas
1323 1774 1412 1860 7777,
1431 1774 1515 1841 decos

178 1880 323 1949 annulos
343 1880 381 1947 in
396 1882 502 1949 latere
515 1904 584 1949 uno
594 1932 607 1963 ,
622 1892 655 1949 et
669 1880 754 1948 duas
774 1882 811 1948 in
835 1881 942 1949 altero
968 1908 998 1949 7.
1020 1902 1053 1948 v.
1071 1886 1090 1948 17
1107 1908 1124 1945 a
1155 1881 1267 1947 Vectes
1280 1903 1416 1971 quaque
1431 1883 1513 1970 [7777

177 1986 218 2053 de
232 1986 338 2077 liquis
353 1988 469 2070 setim,
487 2010 571 2078 quas
589 1986 724 2054 vestivit
742 2011 827 2054 auro
849 2016 886 2069 »‚
907 2010 940 2055 v.
960 1993 979 2054 5
998 2016 1013 2049 (ι
1030 1999 1063 2053 77
1086 2008 1170 2074 quos
1185 1986 1278 2053 misit
1293 1987 1331 2053 in
1346 1987 1511 2066 annulos,

177 2094 351 2184 quierant
370 2093 408 2160 777
423 2094 586 2161 lateribus
607 2116 708 2161 arcae
727 2093 775 2160 ad
786 2092 1001 2183 portandum
1021 2114 1096 2159 cam
1117 2120 1148 2159 7.
1167 2100 1187 2159 6
1208 2120 1225 2154 e
1242 2093 1336 2160 Fecit
1352 2094 1513 2183 etpropi-

178 2199 372 2283 tiatarium,
395 2199 430 2290 [i.
448 2223 477 2267 7.
496 2199 704 2290 7777777777,
728 2198 769 2267 dc
787 2223 873 2267 77777
891 2197 1138 2279 mundissimo,
1156 2198 1301 2265 duorum
1320 2200 1511 2267 cubitorum

176 2319 211 2371 et
229 2306 371 2373 dimidii
385 2306 421 2372 in
440 2305 671 2396 lanqitudine,
685 2317 718 2374 et
728 2306 833 2373 cubiti
847 2328 888 2372 ac
903 2305 1004 2372 semis
1017 2305 1054 2372 in
1070 2304 1255 2372 latitudine
1272 2333 1303 2390 n,
1315 2329 1347 2375 v.
1361 2314 1381 2372 7
1396 2336 1411 2367 a
1428 2306 1514 2373 duas

179 2412 284 2479 777777
302 2411 485 2481 Cherubim
508 2436 550 2479 77
571 2434 657 2479 auro
686 2411 825 2495 ductili,
849 2435 934 2503 quas
953 2411 1073 2502 posuit
1092 2424 1295 2502 casuraque
1312 2425 1416 2502 parte
1432 2434 1512 2503 pra-

177 2519 355 2609 pitiatarii
370 2548 386 2582 a
405 2538 412 2585 :
428 2542 461 2587 v.
478 2525 529 2587 8«
548 2518 681 2587 Cbcrub
695 2540 803 2585 unum
816 2519 854 2585 in
866 2519 1063 2585 summitate
1078 2518 1181 2584 unius
1188 2518 1315 2608 partis,
1332 2532 1365 2586 et
1382 2518 1513 2587 0777777

181 2624 330 2693 alterum
363 2626 400 2691 in
422 2625 619 2692 summitate
637 2625 754 2716 partis
780 2624 945 2708 77777777,
971 2623 1057 2692 duas
1088 2623 1274 2695 Cherubim
1302 2626 1340 2692 777
1363 2625 1514 2716 sinqulis

176 2732 432 2800 summitatibus
444 2731 685 2823 propitiatorii
706 2761 741 2813 »‚
765 2756 798 2799 v.
821 2740 840 2799 9
858 2760 876 2794 «
891 2731 1111 2799 ostendentes
1127 2731 1203 2799 alas
1222 2744 1254 2799 et
1269 2744 1420 2822 teqentes
1432 2755 1513 2823 pra-

176 2839 417 2928 pitiatorium,
436 2860 538 2929 seque
552 2852 671 2905 777777
687 2850 719 2904 77
729 2838 822 2906 illud
834 2837 1053 2928 respicientes
1070 2866 1100 2906 ».

541 3080 564 3142 β.
582 3079 670 3127 Mensa
685 3093 778 3141 panum
792 3079 971 3140 propositionis
984 3080 1031 3127 Ex.
1047 3080 1167 3138 timo-16.

1435 3227 1442 3250 0

222 3288 253 3333 v.
275 3272 354 3331 10«
382 3263 481 3331 Fecit
500 3276 534 3331 77
551 3288 705 3332 mensam
726 3264 767 3333 de
791 3265 899 3356 liquis
925 3266 1045 3347 setim,
1063 3264 1100 3332 ia
1122 3263 1342 3354 lonqitudine
1365 3264 1510 3333 duarum

176 3371 388 3451 cubitorum,
411 3383 443 3436 77
463 3370 501 3437 in
524 3370 710 3439 latitudine
731 3374 832 3439 77777777
848 3372 970 3459 cubiti,
989 3394 1078 3462 quac
1101 3370 1246 3438 babebat
1270 3371 1309 3439 in
1323 3372 1511 3440 altitudine

177 3478 328 3544 cubitum
341 3499 382 3544 ac
397 3476 569 3545 semissem
582 3498 618 3560 »ς
635 3502 668 3546 v.
692 3483 730 3546 11
747 3506 764 3540 «
782 3476 1076 3568 circumdeditque
1089 3500 1165 3545 eam
1173 3500 1257 3545 77777
1273 3477 1507 3559 mundissima,

176 3596 209 3650 et
220 3584 308 3674 fecit
321 3582 377 3649 illi
391 3582 523 3651 labium
535 3607 678 3652 aureum
687 3607 754 3673 per
764 3606 891 3675 qqrum
906 3611 941 3667 n,
957 3607 991 3652 v.
1007 3590 1048 3649 12
1064 3611 1081 3645 «
1096 3584 1231 3675 ipsique
1243 3582 1334 3651 labio
1350 3608 1510 3653 caronam

176 3712 316 3757 auream
333 3689 566 3758 interrasilem
588 3703 739 3780 quatuor
750 3690 959 3781 diqitarum,
975 3704 1006 3758 ct
1026 3713 1127 3781 super
1144 3690 1288 3758 eandem
1300 3690 1444 3759 alteram
1458 3717 1509 3759 ca-

176 3818 298 3863 ronam
312 3818 455 3864 auream
474 3825 504 3865 ».
526 3820 559 3863 v.
577 3803 617 3863 13
635 3823 651 3858 a
668 3796 772 3864 Fudit
786 3811 819 3866 77
829 3810 979 3888 quatuor
994 3796 1137 3864 circulos
1146 3819 1269 3863 aurcos
1274 3850 1285 3883 ,
1303 3820 1388 3888 quos
1394 3800 1510 3887 posuit

138 3963 143 3974 .
177 3903 214 3969 in
228 3913 379 3991 quatuor
395 3902 538 3992 anqulis
545 3925 612 3992 per
627 3902 784 3992 sinqulas
791 3903 901 3993 pedes
919 3926 1088 3971 mensae»
1109 3926 1142 3969 v.
1171 3907 1212 3969 117
1236 3930 1252 3965 a
1276 3916 1395 3970 cantra
1415 3925 1509 3969 cara-

175 4029 278 4093 nam;
294 4008 505 4098 misitquein
519 4030 575 4076 eos
594 4023 718 4092 vectes,
737 4022 775 4075 77
786 4010 893 4100 possit
914 4032 1032 4077 meme
1047 4008 1187 4099 portari
1207 4037 1238 4076 ».
1259 4030 1292 4075 v.
1316 4016 1358 4076 15
1380 4037 1396 4071 «
1415 4011 1509 4099 ipsas·

175 4137 311 4204 quaque
326 4128 432 4182 vectes
449 4115 536 4203 [ecit
554 4114 596 4183 de
621 4115 727 4206 liquis
744 4117 859 4198 7777777,
879 4128 912 4183 77
933 4115 1160 4183 circumdedit
1181 4138 1236 4182 eas
1251 4138 1337 4182 auro
1360 4139 1395 4197 »;
1418 4138 1449 4182 v.
1469 4124 1509 4182 16

178 4251 194 4284 7
215 4234 247 4287 77
271 4243 355 4289 7777
380 4220 428 4288 ad
445 4222 594 4289 diversos
617 4245 698 4289 777777
717 4245 869 4309 mensae,
896 4221 1091 4309 acetabula,
1111 4221 1249 4312 pbialas
1267 4233 1300 4289 et
1323 4222 1463 4313 cqatbos
1479 4237 1510 4288 77

176 4326 368 4413 7777777777,
381 4352 423 4395 esc
437 4351 523 4395 77777
530 4351 641 4418 puro,
659 4328 697 4395 in
716 4328 839 4419 quibus
851 4327 1030 4419 afferersda
1044 4340 1124 4396 777777
1138 4327 1304 4396 libamina
1321 4356 1351 4396 ».

625 4575 649 4621 γ.
666 4560 845 4608 Candelabrum
861 4560 908 4607 ax.
926 4562 1044 4621 777777.

218 4769 252 4816 v.
272 4751 314 4813 17
327 4771 343 4807 7
361 4743 457 4812 Fecit
470 4756 502 4811 et
517 4744 762 4813 candelabrum
775 4745 905 4813 ductile
926 4745 968 4813 dc
985 4767 1071 4813 aura
1089 4744 1327 4811 rmmdissima.
1345 4747 1393 4810 De
1413 4743 1510 4811 77777
