3534 5384
726 406 792 449 nav.
817 391 866 459 al
891 408 952 459 soa.
1446 398 1505 457 369
1529 366 1531 371 ¹

176 542 342 622 similam,
359 540 499 607 allinem
513 541 651 606 sortasse
669 540 758 622 eius,
776 560 864 628 quae
877 544 974 606 Num.
996 547 1035 607 15
1053 540 1237 611 scribitur:
1254 544 1381 611 etenim
1393 546 1505 612 farina

174 649 282 717 nimio
307 647 381 713 oleo
405 652 557 713 saturata
576 667 647 711 non
672 646 742 712 iam
766 649 815 712 est
833 644 965 735 sapida.
991 669 1021 713 ν.
1047 652 1067 711 2
1093 676 1107 709 a
1128 650 1175 714 Ao
1203 647 1331 737 deseret
1353 651 1401 717 ael
1412 652 1505 740 filios·

176 760 293 823 Aaron
315 752 521 836 socer·elotes;
549 774 694 841 qetorean
718 775 805 818 ttntts
829 752 923 818 tollet
947 752 1126 841 pupillum
1142 754 1290 844 plenum
1313 756 1449 823 ¹cintilae
1473 771 1505 823 et

177 862 259 946 olei,
277 872 436 928 actatum
451 858 545 941 tbus,
562 870 710 949 etponet
727 886 743 919 »
757 898 802 908 -
816 861 919 925 Hebe.
937 858 1087 925 adolebit
1100 866 1277 949 tamquam
1293 902 1336 911 —
1351 890 1366 923 «
1383 884 1506 931 mento-

176 968 264 1034 riole
275 989 376 1056 semer
385 967 495 1033 altore
511 994 540 1045 a,
554 964 846 1031 combustionem«
866 965 903 1030 in
915 964 1051 1031 odorem
1062 966 1305 1033 atrocissimum
1315 971 1460 1036 Domino
1474 1000 1504 1037 n.

175 1098 209 1142 v.
225 1082 245 1141 3
264 1102 279 1135 «
296 1072 396 1154 Qreoel
408 1085 524 1139 autem
538 1072 710 1161 reliquum
719 1071 829 1159 feeerit
841 1070 881 1137 de
897 1071 1084 1161 sacrificio,
1101 1074 1167 1139 erit
1177 1077 1293 1141 Aaron
1309 1088 1341 1140 et
1354 1075 1506 1164 filiorum

179 1182 272 1266 eius,
296 1192 453 1246 sanctum
472 1191 667 1246 sanctorum
691 1178 732 1245 de
755 1177 987 1245 oblationibus
1011 1179 1152 1247 Domini
1177 1208 1208 1262 »,
1233 1180 1276 1248 cl.
1307 1186 1364 1249 Ex.
1392 1189 1505 1264 aaut,

180 1288 273 1377 quod
290 1286 443 1376 profanis
457 1286 555 1353 nefas
568 1285 632 1351 erit
647 1285 833 1372 attingere,
851 1290 883 1352 et
903 1286 1043 1375 quidem
1058 1286 1141 1375 quia
1161 1286 1202 1353 ele
1220 1286 1508 1355 combustionibus

183 1392 319 1459 Domini
355 1392 525 1483 provenit.
554 1391 663 1458 Etiam
693 1413 788 1458 secus
816 1390 987 1480 reliquum
1015 1392 1251 1459 sacerdotibus
1272 1400 1466 1463 reservatur
1499 1420 1505 1462 :

180 1507 278 1583 2103
296 1506 392 1581 5‚13;
411 1506 507 1581 6,16;
523 1504 580 1583 7,9
597 1521 648 1587 sq.

217 1688 311 1740 niatu
330 1694 434 1731 nomen
453 1681 541 1731 evasit
559 1678 625 1746 (Μ.
648 1678 693 1739 16;
712 1678 789 1740 5‚lt;
812 1678 875 1734 ola
899 1676 953 1745 [8];
973 1678 1036 1731 tin
1057 1678 1121 1747 etc.)
1142 1682 1203 1731 eius
1222 1682 1353 1732 sacrificii
1371 1686 1510 1735 incruenti

181 1774 277 1837 partis,
290 1784 362 1835 quae
375 1769 601 1829 comburebatur;
615 1773 776 1818 nontamen
788 1768 961 1827 etussobus,
975 1782 1038 1818 cum
1052 1768 1115 1829 tin
1126 1769 1161 1820 de
1171 1771 1288 1834 panibus
1299 1775 1509 1836 propositionis,

181 1873 300 1925 quorum
314 1859 383 1909 nihil
398 1857 621 1918 comburebatur,
638 1857 823 1920 praedicetur.
837 1857 902 1907 rix
924 1856 1000 1920 Vulq.
1018 1854 1112 1908 creata.
1129 1860 1191 1921 Syr.
1207 1862 1319 1910 vertunt
1340 1862 1509 1923 memoriale,

182 1962 221 2000 sc.
237 1948 276 2009 id,
292 1947 367 2011 quod
382 1948 442 1998 Deo
454 1945 657 1997 sacrificantem
672 1948 701 1995 in
717 1948 882 1996 memoriam
897 1947 1023 2006 revocat,
1036 1946 1125 1997 Deum
1145 1947 1236 1997 eidem
1252 1948 1393 2011 placatum
1412 1950 1506 2001 elficit.

183 2038 260 2088 llaec
279 2034 447 2099 significatio
466 2037 563 2098 utique
582 2034 767 2098 pracferenda
784 2040 828 2084 est
845 2034 941 2095 alteri,
958 2046 1043 2097 quam
1066 2036 1124 2085 Vat.
1137 2038 1264 2100 suggerit
1284 2039 1380 2098 zadae,
1397 2052 1414 2089 a
1434 2040 1511 2090 verbi

182 2126 387 2189 significatione
401 2125 542 2188 primitiva
560 2136 689 2187 paupere.
707 2123 786 2182 Quae
804 2123 884 2173 nullo
904 2124 1002 2173 nititur
1016 2125 1102 2183 testo,
1117 2129 1201 2187 atque
1216 2126 1410 2188 pleonasmum
1424 2126 1508 2177 cilicii

182 2228 246 2266 cum
258 2213 387 2277 sequenti
402 2214 583 2276 expressione
597 2212 803 2261 combustionem
817 2212 907 2260 odoris
921 2212 1086 2261 suavissimi.
1099 2240 1133 2249 -
1148 2225 1174 2262 v.
1191 2213 1207 2263 i
1221 2214 1376 2264 subiectum
1389 2218 1510 2265 sacerdos

183 2304 297 2353 nonnisi
311 2307 377 2351 ante
389 2301 503 2351 verbum
514 2300 631 2351 adolebit
645 2300 784 2350 scribitur.
801 2299 935 2365 Suggerit
945 2300 1048 2362 ntttm„
1065 2303 1233 2352 sententiam
1243 2316 1260 2353 a
1272 2309 1355 2387 vnpi
1367 2304 1402 2355 ad
1414 2286 1511 2361 unffi

184 2393 274 2442 serius
293 2404 355 2441 esse
370 2390 537 2452 adscriptam
557 2392 700 2451 tamquam
714 2391 858 2451 sequentis
869 2390 948 2439 uocis
960 2396 1078 2447 aliialii
1093 2391 1372 2454 interpretamentum
1387 2393 1509 2457 aliquod.

557 2592 586 2639 Ξ.
604 2590 752 2651 Sacrificium
766 2589 844 2649 operia
855 2589 958 2649 pistorii
975 2590 1032 2637 Lar.
1050 2592 1138 2651 ‘tl-10.

227 2776 301 2837 Non
324 2792 420 2836 mera
441 2773 574 2835 tantum
596 2767 726 2849 farina,
742 2766 801 2833 sed
825 2789 911 2855 opus
931 2766 1013 2832 item
1028 2767 1210 2856 pistorium
1227 2770 1341 2837 offerri
1358 2779 1508 2860 poterat,

183 2884 316 2945 coctum
329 2877 399 2941 sive
410 2874 449 2941 in
458 2874 572 2953 furno,
586 2871 655 2939 sire
668 2873 706 2939 in
719 2872 910 2957 sartagine,
923 2872 992 2939 sive
1006 2873 1044 2939 in
1055 2875 1228 2941 eraticula.
1243 2877 1344 2944 Cuius
1355 2886 1511 2946 accurate

186 2990 219 3051 ct
231 2984 358 3064 forma,
373 2987 407 3048 et
425 2981 570 3048 materia
588 2985 621 3046 et
636 2979 896 3046 condimentum
914 2977 1133 3047 describitur.
1154 3002 1186 3047 v.
1205 2986 1224 3047 t
1251 3010 1267 3043 «
1289 2986 1375 3051 Curre
1397 2999 1511 3053 autern

185 3088 346 3156 obtuleris
358 3087 566 3176 sacrificium
585 3114 601 3147 n
617 3123 660 3136 -
672 3108 741 3174 pro
761 3083 850 3151 doeio
861 3084 1035 3151 mittebam
1046 3124 1091 3135 --
1107 3114 1123 3147 «
1139 3100 1272 3155 coctum
1285 3088 1323 3155 in
1336 3090 1470 3158 clibano
1493 3120 1508 3154 n

184 3219 244 3263 seu
259 3195 328 3261 olla
345 3193 563 3282 coquinaria,
587 3220 603 3254 a
622 3191 664 3258 ele
678 3190 795 3258 sineilo
812 3219 828 3251 »
846 3191 976 3273 affarea,
997 3220 1013 3253 a
1032 3202 1143 3283 portes
1157 3217 1201 3261 sc.
1228 3222 1244 3256 n
1263 3218 1321 3262 seu
1337 3198 1512 3285 placentas

187 3302 243 3391 (cf.
263 3306 319 3369 Ex.
337 3300 430 3389 Μ)
451 3326 467 3361 a
487 3303 613 3389 absque
623 3302 815 3389 ferniento,
830 3320 1023 3389 conspersos
1038 3298 1129 3381 olco,
1144 3312 1175 3365 et
1189 3300 1319 3390 laqana
1337 3332 1352 3365 »
1371 3306 1428 3391 (cf.
1445 3306 1510 3397 ib.)

187 3436 202 3470 a
222 3430 347 3497 azymo
367 3406 439 3473 oleo
465 3404 529 3472 lita
548 3433 577 3472 n.
599 3428 632 3473 v.
655 3413 674 3473 5
695 3432 711 3465 a
731 3404 772 3472 Si
786 3403 913 3471 oblatio
932 3416 989 3471 tua
1002 3406 1112 3493 suerit
1127 3405 1168 3472 cle
1187 3410 1361 3497 sartayine
1382 3436 1418 3495 n,
1442 3420 1512 3481 esto

187 3546 202 3576 (ι
219 3515 353 3582 similae
368 3535 566 3603 conspersae
579 3511 651 3578 oleo
666 3523 699 3578 et
711 3514 835 3601 absque
851 3511 1019 3599 fermento
1038 3540 1067 3577 n.
1086 3536 1116 3579 v.
1136 3520 1155 3578 6
1172 3542 1188 3574 «
1206 3514 1344 3581 Dioieles
1359 3540 1433 3584 eam
1446 3520 1512 3586 oti-

186 3622 336 3689 nutatim
353 3649 368 3680 o
379 3673 389 3705 ‚
402 3642 461 3688 seu
478 3620 589 3687 verius
603 3618 641 3683 in
659 3617 826 3684 buccellas
841 3617 885 3684 ad
896 3617 1105 3685 esumveluti
1120 3617 1261 3687 iamiam
1276 3630 1426 3711 paratae,
1441 3647 1511 3692 non

186 3752 254 3818 quo
267 3728 401 3795 facilius
415 3727 530 3794 oleum
548 3725 736 3791 imbibatur
757 3724 896 3813 (blera),
920 3751 936 3786 «
952 3735 985 3791 et
996 3723 1121 3811 frendes
1138 3748 1240 3816 super
1256 3750 1331 3796 eom
1345 3730 1455 3796 oleum
1474 3758 1507 3797 n.

185 3858 218 3903 v.
237 3842 257 3899 7
274 3862 290 3895 a
312 3833 376 3901 Sin
395 3845 510 3900 autern
527 3861 544 3895 »
565 3830 703 3898 minabo
718 3858 734 3890 «
753 3830 794 3897 ele
809 3830 977 3897 craticula
993 3832 1105 3920 fuerit
1118 3833 1329 3923 sacrificium
1348 3864 1363 3897 »
1380 3859 1437 3903 seu
1452 3859 1510 3904 ve-

187 3942 257 4009 rius
272 3938 394 4005 oblatio
409 3951 467 4005 tua
475 3992 486 4023 ‚
506 3966 522 4001 a
537 3960 644 4028 aeque
658 3936 775 4003 sintila
787 3936 860 4002 oleo
873 3950 1116 4027 consperaetur
1132 3966 1161 4005 n.
1180 3942 1272 4007 Haec
1285 3954 1333 4007 est
1347 3942 1483 4009 rnincba
1499 3967 1511 4009 .·

187 4049 241 4115 his
254 4052 388 4113 tantum
399 4044 653 4112 conditionibus
667 4043 855 4111 observatis
872 4043 1022 4110 habetur
1035 4044 1190 4131 legitima
1210 4048 1358 4115 minoha.
1378 4072 1410 4117 v.
1433 4055 1511 4120 8-10

187 4176 292 4245 porro
308 4152 454 4219 refertur
468 4150 642 4220 adomnia
656 4173 687 4216 v.
708 4154 762 4216 i-*l
778 4172 907 4237 genera
922 4150 1034 4239 operis
1050 4150 1193 4240 pistorii.
1212 4175 1244 4219 v.
1261 4160 1281 4221 8
1298 4182 1314 4216 «
1332 4156 1441 4235 Oetam
1458 4162 1510 4246 os-

183 4264 301 4349 serens
315 4258 460 4325 Domino
468 4309 478 4341 ‚
498 4256 610 4325 trades
631 4256 812 4346 [asarubas]
827 4256 1014 4323 sacerdotis
1031 4286 1059 4326 n.
1076 4259 1274 4327 Accuratius
1287 4261 1392 4328 ritum
1408 4266 1509 4332 Hebe.

188 4366 352 4436 describit
373 4386 381 4433 :
399 4377 432 4430 et
447 4363 577 4452 deseres
593 4364 784 4448 minabant,
805 4386 895 4453 quoe
908 4365 1062 4452 confecto
1083 4379 1132 4431 est
1155 4388 1197 4432 eor
1216 4366 1288 4433 illis
1310 4372 1421 4457 rubus,
1445 4375 1512 4438 Do-

188 4475 281 4541 utino
288 4495 303 4559 ,·
319 4472 445 4539 etenim
467 4477 562 4538 extra
579 4472 811 4538 sanctuarium
831 4470 925 4538 illam
941 4472 1062 4538 confici
1081 4472 1278 4561 oportebat;
1295 4474 1513 4568 tracteturque

189 4580 373 4665 sacerdoti,
390 4577 452 4668 qui
478 4576 671 4643 aelrnooebit
691 4600 765 4642 earn
785 4575 902 4644 altari.
927 4600 957 4643 v.
981 4583 1000 4643 9
1028 4606 1043 4639 «
1068 4577 1135 4658 Qui
1147 4600 1226 4646 cum
1246 4581 1510 4671 obtuleramus,

192 4687 286 4755 tollet
294 4684 492 4753 retentoriale
505 4682 547 4749 te
562 4684 728 4772 sacrificio
747 4711 782 4764 n,
799 4683 943 4750 elevabit
958 4682 1000 4750 ele
1010 4682 1149 4749 minabo
1158 4686 1356 4752 nicenoriole
1368 4688 1379 4775 (
1385 4692 1512 4778 lioba),

189 4795 257 4862 ritu
276 4794 337 4884 qui
355 4794 480 4861 dicitur
494 4804 615 4861 untia,
635 4819 650 4851 a
673 4801 704 4854 et
724 4788 872 4855 adolebit
887 4812 988 4880 super
1002 4788 1112 4856 altare
1132 4790 1169 4857 ia
1184 4790 1319 4859 odorent
1334 4795 1513 4863 suaritatis

583 4917 760 4955 incusamusa.
778 4932 810 4940 —
826 4917 852 4953 m
869 4918 909 4953 aa.
929 4917 958 4951 nr
976 4918 1031 4953 err.
1049 4932 1080 4942 -
1097 4911 1126 4957 m
