3534 5384
724 362 789 407 aar.
814 347 905 418 ll,38
927 363 990 414 soo.
1469 350 1527 408 433

198 505 309 566 terrae
321 496 478 563 nondum
492 495 683 577 commisso,
700 496 759 562 sed
777 496 821 562 ad
838 497 1004 563 sationem
1018 501 1224 586 praeparato
1242 525 1258 558 o
1277 497 1442 588 (Bassa).
1460 503 1526 566 Ra-

140 652 142 658 ·
197 606 246 672 tio
261 608 312 670 est
329 603 450 669 eadem
466 607 569 693 atque
583 625 616 668 v.
639 610 693 684 36,
708 602 927 670 intolerabile
946 627 992 670 sc.
1014 603 1291 688 incommodum,
1309 605 1337 670 si
1352 605 1525 692 agricolae

196 709 336 779 seminis
356 708 551 776 seminandi
573 714 730 776 contactu
750 710 1048 790 interdicerentur,
1074 709 1118 775 ob
1137 731 1271 776 murem
1292 711 1443 800 aliquem
1461 717 1524 778 etc.

198 818 248 884 ibi
272 818 501 883 exanimatum
528 819 716 904 repertum.
742 815 808 882 Sed
829 815 926 905 quid,
950 816 1064 905 inquit
1081 815 1215 904 consu,
1243 817 1268 882 si
1290 839 1370 906 pars
1391 821 1524 886 tantum

198 925 311 992 acervi
323 945 387 1014 pro
401 927 552 989 semente
565 921 799 1008 adhiberetur,
815 922 949 1012 reliqua
963 945 1042 1012 pars
1060 944 1124 1012 pro
1140 922 1238 989 cibo‘?
1254 944 1299 988 an
1313 922 1399 990 haec
1413 925 1522 991 altero

198 1037 272 1098 tum
290 1052 370 1119 pars
393 1028 526 1118 polluta
548 1028 687 1096 fuisset?
704 1028 898 1118 Respondet
914 1053 947 1095 v.
970 1035 1013 1096 38
1039 1050 1047 1098 :
1069 1056 1085 1090 u
1107 1028 1146 1094 Si
1167 1041 1284 1096 autem
1310 1029 1483 1120 quispiam
1506 1059 1522 1093 u

199 1175 243 1188 -·-
267 1143 357 1203 recte
385 1135 559 1226 passivum
585 1135 650 1203 hoc
678 1135 885 1226 pronomine
914 1135 1027 1202 reddit
1060 1135 1178 1224 Vulq.,·
1196 1135 1283 1202 falso
1313 1141 1427 1204 autem
1455 1160 1526 1225 pu-

199 1244 295 1311 tabat
326 1240 427 1325 Tusa,
460 1242 518 1328 agi
546 1241 649 1309 etiam
678 1242 721 1308 de
756 1242 876 1332 pluvia
906 1247 1035 1328 segetes
1063 1243 1100 1308 in
1126 1241 1257 1332 campis
1285 1241 1453 1328 irrigante
1483 1281 1528 1296 -

203 1379 219 1412 «
234 1372 327 1441 aqua
344 1361 526 1416 sementem
535 1347 746 1438 perfuderit,
764 1360 797 1414 et
806 1348 947 1439 [postea]
960 1346 1151 1414 morticinis
1163 1359 1255 1414 tacto
1266 1349 1391 1436 fecerit,
1407 1349 1525 1438 [illico]

196 1457 371 1548 polluetur
389 1484 418 1522 ».
432 1471 490 1521 aiu
505 1470 592 1527 anu,
610 1454 879 1543 correspondens
895 1478 928 1522 v.
945 1461 988 1520 37
1006 1454 1214 1543 expressioni
1231 1469 1289 1520 sm
1303 1470 1393 1529 unu,
1410 1457 1528 1545 prodit

200 1564 256 1650 agi
282 1562 467 1652 utrobique
491 1562 534 1629 de
556 1561 677 1629 eadem
695 1584 745 1642 re,
770 1583 817 1628 sc.
843 1561 886 1627 de
910 1560 1052 1628 semine.
1073 1560 1124 1626 lbi
1147 1561 1317 1646 agebatur
1339 1561 1526 1630 desemine

199 1669 339 1738 iamiam
354 1669 570 1751 seminando,
588 1667 645 1734 hic
660 1688 729 1734 non
742 1667 826 1734 item
848 1688 856 1734 ε
873 1689 956 1736 nam
970 1689 1086 1734 semen
1104 1667 1345 1734 seminandum
1360 1691 1428 1736 non
1441 1670 1528 1736 solet

200 1799 290 1867 aqua
317 1775 466 1843 infundi.
492 1781 590 1864 Aqua
612 1797 645 1840 v.
672 1780 716 1842 38
735 1773 874 1840 infundi
900 1773 1110 1862 intelligitur
1136 1772 1180 1840 ad
1200 1795 1279 1840 usus
1305 1774 1522 1856 domesticae,

199 1882 371 1972 imprimis
384 1904 465 1949 sane
477 1882 522 1948 ad
537 1880 754 1970 coquendum
766 1902 898 1962 semen,
914 1881 984 1946 sive
998 1879 1087 1946 illud
1100 1878 1204 1946 fuerit
1220 1879 1393 1966 integrum
1406 1882 1478 1948 sive
1492 1883 1528 1947 in

199 1990 348 2056 farinam
363 1988 623 2056 comminutum.
639 1986 705 2054 Sed
715 1987 799 2075 quid
813 1986 878 2053 sibi
892 1985 965 2053 vult
980 1987 1126 2054 incisum
1144 1985 1197 2054 :si
1212 1985 1372 2052 inciderit
1385 1986 1530 2075 aliquod

201 2118 319 2163 eorum
342 2094 564 2161 morticinum
584 2094 621 2159 in
640 2092 748 2174 illud,
765 2115 824 2160 seu
840 2094 876 2160 in
892 2095 1030 2160 semen?
1048 2091 1147 2182 Vulp.
1165 2092 1327 2182 supplens
1339 2104 1462 2182 postea
1474 2095 1526 2160 af-

201 2203 328 2283 firmat,
357 2202 439 2267 siin
469 2198 610 2290 aliquod
631 2221 701 2281 vas,
723 2199 784 2265 ubi
812 2205 899 2266 esset
916 2220 1033 2266 semen
1058 2221 1150 2287 aqua
1175 2199 1337 2282 intusum,
1359 2198 1525 2266 incideret

201 2309 348 2376 cadaver
366 2307 525 2375 animalis
543 2305 684 2395 impuri,
706 2328 824 2373 semen
839 2305 928 2372 illud
942 2305 1097 2372 futurum
1116 2304 1219 2372 fuisse
1236 2305 1466 2374 immundum.
1489 2307 1524 2372 ld

201 2415 341 2482 omnino
361 2434 480 2481 verum
499 2417 560 2494 est,
582 2418 618 2479 at
631 2436 664 2480 v.
685 2418 728 2479 32
746 2434 799 2502 sq.
820 2411 891 2478 iam
905 2418 978 2478 erat
996 2411 1155 2501 explicite
1169 2411 1395 2496 affirmatum,
1416 2435 1528 2502 neque

201 2523 236 2588 h.
255 2522 280 2589 l.
302 2526 375 2588 erat
394 2518 632 2609 repetendum.
658 2518 786 2608 Supple
806 2531 909 2585 autea
929 2541 940 2586 :
961 2519 1075 2605 egitur
1093 2518 1137 2585 de
1156 2518 1276 2586 eodem
1301 2525 1404 2608 atque
1429 2542 1461 2585 v,
1485 2527 1527 2586 37

199 2628 346 2708 semine,
361 2629 399 2695 in
419 2625 529 2716 quod,
547 2648 625 2715 cum
642 2625 682 2692 in
696 2647 819 2692 acervo
837 2633 940 2708 esset,
962 2625 1180 2692 morticinum
1204 2626 1422 2693 immundum
1442 2626 1528 2693 inci-

200 2736 314 2803 disset.
332 2733 422 2801 lllud
440 2734 592 2822 primum
619 2737 694 2798 erat
711 2730 932 2797 immundum
953 2730 1058 2797 veluti
1079 2731 1115 2796 in
1135 2730 1306 2820 potantia;
1329 2733 1355 2796 si
1378 2732 1422 2798 ad
1447 2755 1528 2800 usus

199 2847 350 2929 agrestes
362 2839 635 2918 convertebatur,
651 2836 871 2904 immunditie
882 2836 1037 2917 carebat3
1050 2842 1086 2903 at
1101 2835 1160 2902 ubi
1174 2837 1324 2925 primum
1338 2836 1454 2905 usibus
1467 2838 1528 2905 do-

199 2947 347 3014 mesticis
380 2944 624 3024 adhibebatur,
651 2943 900 3032 prorumpebat
931 2942 1036 3008 veluti
1070 2941 1305 3010 immundities
1330 2945 1367 3010 in
1398 2949 1524 3011 actum.

201 3052 374 3131 Quomodo
404 3050 492 3117 illud
521 3071 638 3116 semen
661 3049 931 3138 purificabatur?
952 3047 1225 3138 Relinquebatur
1253 3049 1426 3139 usquead
1457 3073 1527 3117 ves—

201 3180 334 3249 perum.

447 3390 470 3434 γ.
484 3372 558 3432 Iegis
573 3372 604 3419 de
617 3371 748 3431 reptilibus
761 3334 958 3419 additamentum
974 3371 1078 3418 altarum
1093 3371 1232 3430 Lev.11‚39
1249 3385 1285 3430 sq.

249 3591 330 3676 Arq.
354 3625 399 3636 -
425 3584 566 3662 Quando
589 3584 644 3650 lex
667 3583 710 3650 de
731 3583 914 3673 reptilibus
937 3581 1008 3648 iam
1023 3581 1068 3648 ad
1093 3603 1127 3649 v.
1153 3587 1208 3664 38,
1232 3582 1349 3650 addite
1373 3586 1525 3656 clausule

206 3717 237 3758 v.
262 3700 303 3760 tt
322 3715 388 3781 sq.,
412 3689 641 3781 pertingebat,
663 3690 735 3755 visa
758 3694 839 3755 sunt
857 3688 976 3778 aliqua
995 3687 1199 3770 desiderari,
1224 3689 1386 3780 fuereque
1404 3693 1530 3762 inserta

205 3805 281 3888 post
301 3820 334 3864 v.
349 3805 391 3866 38
411 3803 539 3865 etanta
562 3796 662 3863 illam
681 3795 882 3863 clausulam.
901 3799 1052 3872 Quorum
1066 3795 1218 3883 primum
1233 3795 1318 3862 illud
1333 3804 1422 3880 erat,
1441 3801 1528 3867 nihil

206 3909 241 3972 in
259 3910 333 3971 tota
345 3904 427 3971 inde
446 3927 467 3970 a
484 3926 518 3969 v.
539 3911 561 3969 2
580 3902 655 3988 lege
678 3901 801 3969 haberi
819 3900 861 3967 de
878 3900 1064 3990 pecoribus
1082 3900 1192 3989 specie
1212 3901 1350 3990 quidem
1376 3906 1528 3991 mundiS,

206 4011 266 4079 sed
283 4018 425 4101 propter
442 4010 536 4078 necis
554 4009 723 4076 rationem
744 4009 897 4074 humano
913 4007 990 4074 cibo
1004 4007 1119 4073 minus
1133 4006 1292 4074 decenter
1312 4009 1527 4083 adhibendis.

207 4123 293 4185 llaec
316 4139 421 4207 porro
438 4115 619 4186 immunde
638 4114 857 4182 declarantur
875 4113 1021 4203 aliisque
1040 4112 1227 4180 immundis
1247 4115 1527 4204 aequiparantur.

251 4248 282 4290 v.
308 4230 349 4291 39
374 4245 425 4312 sq.
446 4223 518 4310 agit
535 4224 579 4290 do
598 4221 740 4290 animali
761 4221 879 4301 (unua)
903 4219 1032 4288 mundo
1055 4219 1213 4308 quidem,
1232 4227 1266 4286 at
1286 4243 1356 4288 non
1377 4224 1529 4312 legitime

208 4335 367 4411 mactato,
384 4329 475 4396 sed«
492 4334 628 4396 mortuo
642 4328 792 4396 naturali
807 4333 917 4393 morte
933 4327 988 4393 vel
1003 4326 1103 4393 aliter
1118 4325 1454 4420 quomodocumque,
1477 4357 1531 4401 re-

208 4443 368 4506 manente
382 4459 423 4502 ae
438 4441 595 4503 concreto
607 4434 645 4501 in
659 4434 932 4521 venissanguine
949 4459 966 4495 u
985 4432 1145 4522 (Barsa).
1165 4456 1195 4499 v.
1215 4439 1256 4500 39
1273 4461 1289 4494 a
1306 4435 1347 4502 Si
1361 4451 1533 4506 morsuum

207 4545 317 4632 scierit
336 4541 473 4609 animal
477 4595 488 4626 ,
508 4540 602 4631 quod
621 4540 701 4608 licet
713 4539 808 4607 vobis
822 4538 1014 4620 comedere,
1031 4538 1094 4629 qui
1113 4537 1259 4605 caelatur
1274 4541 1347 4607 eius
1367 4545 1530 4633 loripes-it,

213 4649 409 4718 immundus
429 4648 494 4714 erit
511 4669 619 4736 usque
639 4647 686 4713 ud
703 4669 879 4736 vesperum
900 4674 930 4728 »,
952 4669 985 4710 v.
1007 4651 1047 4711 to
1070 4671 1087 4705 u
1105 4656 1137 4710 et
1151 4645 1213 4732 qui
1232 4647 1415 4714 comederit
1435 4675 1476 4718 ec
1495 4679 1532 4722 eo

211 4757 392 4849 quidpiam
411 4784 427 4818 »
444 4777 509 4845 per
526 4753 777 4840 ignorantiam,
793 4773 873 4817 nam
892 4750 952 4840 qui
970 4749 1007 4816 id
1024 4749 1067 4816 de
1085 4750 1260 4840 proposito
1274 4753 1422 4838 fecisset,
1443 4763 1532 4848 peri.

605 4879 781 4916 nisantium.
798 4878 870 4915 -1u
888 4877 929 4914 ex.
948 4877 978 4913 nr
996 4877 1051 4913 ms,
1069 4889 1100 4900 -
1117 4867 1146 4914 28
