3534 5384
734 404 783 449 cx.
806 389 900 460 26,18
921 404 984 456 soo.
1468 390 1525 450 771

197 538 305 606 (lines.
330 525 451 602 17157777
465 539 555 604 LXX
566 542 703 604 vertunt
717 541 942 617 ἁντιπίπτοντες
963 539 1075 624 (ἕτερος
1096 547 1138 624 τῷ
1161 537 1284 626 ἑτέρῳ);
1302 539 1379 627 Syr.
1405 551 1523 628 peirn,

196 650 324 728 rectae;
360 643 479 712 Chald.
507 633 646 736 pnbon,
674 665 762 732 quae
789 665 855 710 vox
879 643 1169 730 significationem
1197 644 1303 711 habet
1334 671 1350 705 a
1378 644 1526 734 paralle-

199 751 253 819 lus
270 779 287 813 ›>
312 751 441 840 (Leop).
463 754 552 829 Quae
572 749 777 836 significatio
797 771 916 839 reapse
936 751 1063 838 optime
1083 749 1241 838 quadrat.

242 880 274 923 v.
299 863 338 925 18
359 885 375 917 «
401 859 556 940 Quarum
570 855 699 944 oipinti
710 867 809 922 erunt
826 856 864 922 in
886 856 991 922 latere
1010 854 1221 942 meridiana,
1239 855 1333 947 quod
1351 857 1462 947 carpit
1481 855 1529 924 ad

197 976 355 1031 arretium
375 991 408 1031 a.
431 964 535 1030 Hebr.
555 985 619 1053 per
637 963 779 1030 modum
803 961 975 1049 generalis
997 961 1258 1031 introductionis
1277 962 1320 1029 ad
1342 964 1457 1031 omnia
1476 986 1527 1031 sc-

197 1071 338 1160 quentia
349 1070 473 1159 repetit
483 1069 598 1159 priora
605 1091 637 1134 v.
651 1075 692 1136 15
702 1068 809 1136 verba
819 1091 827 1137 ε
838 1069 994 1158 Etsaeies
1005 1067 1140 1135 tabulas
1148 1091 1211 1158 pro
1224 1069 1434 1137 habitaculo.
1445 1071 1528 1136 Dein

197 1176 350 1244 absolute
370 1178 510 1265 pergit:
534 1174 664 1266 oiqinti
679 1173 814 1242 tabulas
837 1176 886 1242 ad
902 1176 992 1243 lalus
1011 1175 1179 1262 australe,
1201 1175 1380 1242 meridiem
1400 1199 1524 1243 uersus.

196 1299 273 1378 pntn
301 1285 442 1349 fortasse
466 1287 540 1349 erat
554 1281 729 1372 antiquius
744 1281 903 1348 meridiei
917 1303 1068 1350 nomen:
1093 1280 1240 1350 habetur
1264 1288 1399 1349 tantum
1414 1305 1447 1347 v.
1466 1290 1526 1364 353

198 1396 277 1471 77,9
298 1396 330 1457 et
352 1395 532 1479 tamquam
550 1410 677 1457 nomen
698 1390 792 1454 venti
807 1388 964 1456 australis
982 1391 1020 1454 in
1039 1388 1120 1456 locis
1135 1389 1275 1477 poeticis
1297 1395 1349 1456 Ps.
1376 1397 1419 1455 77
1443 1389 1525 1479 (78),

197 1502 257 1578 76;
276 1499 370 1563 Cant.
389 1502 480 1580 t‚16.
499 1494 613 1562 Potuit
629 1495 799 1584 posterior
813 1495 938 1585 aliquis
958 1494 1236 1576 :transcribere
1256 1496 1350 1584 quod
1366 1495 1529 1581 ignorant

199 1604 305 1686 LXX;
322 1608 357 1668 ct
375 1602 419 1669 cf.
436 1601 542 1669 etiam
559 1601 678 1668 Chald.
698 1602 775 1691 Syr.
798 1624 828 1668 v.
851 1609 891 1669 19
915 1629 930 1662 a
955 1599 1085 1683 Quibus
1102 1600 1339 1691 quadraqinta
1360 1601 1453 1670 bases
1474 1626 1528 1669 ar-

196 1720 337 1800 qenteas
349 1708 490 1797 fundes,
509 1721 548 1774 ut
564 1706 664 1775 binae
680 1707 775 1774 bases
787 1707 936 1797 sinqulis
952 1706 1075 1774 tabulis
1082 1730 1149 1797 per
1161 1708 1245 1776 duos
1266 1709 1412 1798 anpulos
1426 1709 1528 1776 subii-

198 1815 336 1882 ciantur
352 1843 380 1882 ».
404 1815 534 1883 Clarius
552 1816 653 1880 Hebr.
673 1837 686 1879 .·
708 1814 952 1904 Quarlraqinta
973 1817 1065 1881 bases
1089 1827 1269 1903 arpenteas
1283 1815 1396 1905 facies·
1413 1818 1527 1882 subter

197 1921 322 2011 cipinti
335 1921 484 2007 tabulas,
502 1921 588 1987 diras
605 1923 697 1987 bases
711 1923 824 1987 subter
839 1921 991 1987 tabulam
1007 1943 1113 1987 uriam
1126 1943 1189 2010 pro
1203 1919 1335 1988 dicabus
1353 1922 1522 2009 mambae,

198 2043 230 2094 et
238 2027 323 2095 (liras
332 2031 547 2094 basessubter
555 2026 706 2094 tabulam
715 2049 820 2093 unam
829 2049 892 2116 pro
905 2026 1035 2093 cluabus
1045 2027 1214 2094 manibus.
1226 2027 1386 2094 Cardines
1398 2029 1527 2115 singuli

197 2136 235 2201 in
253 2135 406 2221 singulas
426 2134 524 2200 bases
538 2133 824 2201 immittebantur.
844 2134 878 2199 Si
898 2133 1052 2200 adstruas
1070 2133 1168 2200 bases
1184 2133 1286 2202 fuisse
1304 2133 1473 2222 oblongas
1494 2141 1526 2200 et

199 2247 290 2308 recto
300 2241 428 2327 angulo
443 2240 487 2308 ad
500 2240 633 2307 tabulas
645 2239 833 2329 dispositas,
847 2240 1031 2330 perspicies
1041 2262 1098 2307 eas
1111 2241 1155 2306 ad
1170 2241 1303 2307 tabulas
1313 2247 1443 2308 erectas
1453 2263 1524 2308 sus-

198 2348 357 2415 tinendas
372 2347 559 2437 plurimum
574 2348 763 2414 contulisse.
776 2351 900 2413 Tamen
918 2346 1001 2413 hacc
1012 2348 1209 2434 analogiam
1217 2347 1252 2414 in
1266 2347 1430 2414 aedificiis
1442 2371 1527 2434 gen·

198 2454 301 2535 tium,
314 2456 461 2522 maxime
472 2455 732 2542 Aegyptiorum,
746 2474 814 2519 non
825 2452 956 2520 hahent
967 2457 1144 2542 potestque
1154 2475 1206 2520 res
1216 2454 1326 2538 aliter,
1341 2459 1374 2520 et
1385 2455 1527 2521 sortasse

199 2561 321 2627 melius
335 2561 481 2650 concipi.
500 2584 533 2626 v.
546 2565 590 2626 37
600 2559 769 2626 columnis
784 2559 985 2627 tribuuntur
999 2561 1091 2626 solae
1105 2577 1212 2632 nuta,
1228 2583 1311 2648 quas
1323 2563 1416 2628 basca-
1427 2561 1523 2646 Vulg.

198 2668 316 2748 vertit,
342 2689 420 2734 cum
445 2673 562 2734 tamen
584 2687 642 2732 eas
662 2666 837 2732 columnas
858 2666 1019 2754 capitella
1039 2666 1141 2732 etiam
1160 2665 1320 2732 habuisse
1340 2668 1397 2733 vix
1413 2668 1464 2733 las
1485 2666 1528 2732 sit

198 2773 368 2841 dubitare.
391 2789 461 2838 nnn
474 2796 545 2839 non
557 2772 670 2838 solum
684 2775 799 2838 subter
818 2771 1006 2857 significat,
1023 2772 1081 2839 sed
1101 2773 1205 2839 etiam
1218 2795 1293 2862 pro.
1314 2775 1525 2839 Conieoerim

198 2903 281 2967 crgo
297 2893 353 2972 tue
367 2879 562 2967 significare
575 2901 739 2946 coronam
754 2877 850 2967 (pall.
869 2879 1028 2968 cornice),
1045 2887 1216 2968 quactum
1231 2880 1267 2945 in
1286 2879 1356 2946 imo
1371 2900 1474 2968 quam
1488 2877 1527 2945 in

200 3007 334 3052 summo
353 2987 483 3074 pariete
506 2986 670 3067 habetur3
691 2986 729 3051 in
743 2986 905 3051 columna
927 2985 1121 3071 significare
1140 2991 1210 3051 tam
1232 2985 1329 3053 basin
1348 3006 1452 3074 quarn
1470 3007 1525 3051 ca-

192 3091 355 3183 pitellum
372 3092 503 3181 (hup).
520 3092 602 3158 lllae
611 3113 757 3158 coronae
767 3099 865 3158 erant
878 3099 948 3158 tarn
957 3093 1047 3158 latae
1061 3097 1163 3181 atque
1173 3091 1268 3182 ipsae
1283 3092 1433 3159 tabulae.
1446 3095 1525 3160 Car-

199 3198 295 3266 dines
307 3220 389 3266 vero
403 3222 434 3264 v.
452 3205 506 3280 17,
521 3198 710 3265 secundum
723 3198 813 3265 hanc
822 3197 1159 3287 interpretationem,
1174 3221 1245 3266 non
1261 3205 1357 3265 erant
1367 3198 1527 3287 paralleli

197 3327 238 3371 ex
252 3306 323 3371 ima
337 3305 435 3371 trabe
447 3303 698 3394 prominenteS‚
716 3303 775 3371 sed
790 3303 934 3370 eanelem
951 3303 1173 3371 directionem
1186 3304 1353 3372 habebant
1368 3293 1523 3384 (nabun),

199 3433 286 3478 unus
303 3412 457 3477 eminens
476 3434 516 3477 ex
532 3411 618 3492 ima,
642 3411 729 3477 alter
744 3435 763 3478 e
778 3433 912 3478 summa
929 3412 1039 3478 trabe.
1061 3435 1094 3478 v.
1112 3418 1153 3477 70
1177 3441 1191 3472 «
1210 3413 1251 3478 ln
1267 3411 1371 3478 latere
1391 3433 1526 3501 quoque

197 3517 344 3584 secundo
361 3518 573 3584 tabernaculi
591 3545 621 3599 n,
638 3555 682 3567 -
697 3520 799 3584 Hebr.
817 3516 1064 3584 habitaculi-
1082 3547 1097 3580 (ι
1111 3517 1207 3607 quael
1220 3518 1328 3607 uerqit
1341 3517 1388 3585 ael
1397 3518 1494 3608 aquil
1515 3554 1528 3566 -

198 3647 296 3706 nem,
322 3624 450 3714 riqinti
473 3624 608 3691 tabulae
632 3637 733 3692 eruut
755 3652 785 3706 »,
813 3647 845 3691 ν.
876 3631 916 3690 71
946 3652 961 3684 «
987 3624 1222 3715 quadrapinta
1250 3625 1410 3692 habentes
1435 3627 1527 3690 bases

198 3744 377 3819 arqenteas
390 3753 403 3796 .·
413 3731 513 3798 binae
528 3734 621 3797 bases
634 3730 782 3820 sinqulis
797 3730 924 3798 tabulis
935 3744 1172 3822 stepponentur
1187 3759 1215 3798 a.
1231 3755 1264 3798 v.
1282 3738 1325 3798 77
1340 3760 1356 3793 «
1374 3731 1430 3798 Aa
1443 3733 1529 3797 occi·

200 3835 373 3903 clentalem
393 3861 471 3904 uero
485 3837 632 3928 plapam
652 3837 866 3904 tabernaculi
889 3867 904 3900 u
927 3877 971 3888 -
986 3837 1086 3906 Hebr.
1107 3838 1297 3906 habitaculi
1316 3877 1359 3886 -
1377 3865 1393 3897 α
1418 3837 1528 3925 facies

198 3965 258 4008 sea
272 3944 406 4010 tabulas
422 3973 451 4025 a,
469 3968 501 4010 v.
520 3951 562 4010 73
579 3975 594 4004 «
609 3955 788 4010 etruriam
802 3943 891 4010 olias
904 3944 1004 4025 (liras,
1021 3967 1109 4034 quae
1122 3944 1158 4010 in
1169 3944 1308 4034 crepulis
1322 3944 1516 4032 [eriperetur
1517 3947 1528 4030 l

191 4062 273 4138 post
288 4062 425 4139 terqum
440 4050 680 4117 tabernaculi»
697 4089 742 4099 —
755 4053 857 4117 Hebr.
880 4049 1082 4118 habitaculi.
1103 4074 1136 4118 v.
1154 4057 1196 4116 77
1218 4078 1235 4112 «
1252 4053 1428 4139 Eruntque
1449 4072 1529 4116 con-

199 4158 370 4223 iunctaea
386 4156 543 4223 deorsum
560 4179 666 4246 recipire
681 4178 834 4242 sursum,
855 4170 888 4223 et
904 4179 974 4224 una
996 4179 1111 4224 omnes
1131 4179 1294 4247 conipapo
1324 4157 1524 4224 retinebit».

199 4266 289 4339 Quae
301 4262 437 4328 videtur
447 4263 540 4330 Hier.
554 4263 598 4329 ad
610 4284 726 4329 omnes
737 4264 878 4329 omnino
888 4263 1023 4330 tabulas
1036 4263 1205 4342 retulisse;
1217 4265 1435 4353 sequentibus
1444 4287 1527 4330 vero

198 4368 288 4436 redit
302 4369 346 4435 ad
363 4367 448 4435 duas
463 4369 598 4436 tabulas
612 4369 822 4455 angulares:
849 4397 865 4431 a
886 4368 1036 4455 [Duabus
1057 4392 1191 4460 quoqne
1213 4369 1359 4460 tabulis],
1382 4393 1470 4460 puae
1490 4370 1526 4435 iu

197 4475 339 4565 anqulis
352 4473 531 4564 ponendae
544 4487 636 4555 sunt,
652 4474 777 4541 similis
788 4475 949 4542 iunctura
958 4477 1146 4543 seruabitur
1158 4505 1187 4544 n.
1202 4482 1301 4543 Verte
1316 4478 1381 4545 ita:
1397 4479 1525 4543 Erunt-

198 4604 263 4670 que
283 4583 438 4672 qeminae
462 4581 504 4647 ab
524 4580 611 4664 imo,
628 4594 660 4646 et
676 4582 784 4648 simul
804 4594 905 4648 erunt
928 4582 1087 4671 perninae
1108 4607 1211 4673 usqiec
1233 4582 1281 4650 ael
1295 4606 1466 4649 octrumum
1489 4582 1525 4648 iu

199 4688 473 4754 coniunctionem
497 4709 624 4773 unam‚·
644 4689 693 4755 ita
713 4687 779 4755 erit
793 4688 910 4778 quoacl
927 4688 1045 4756 ambas
1068 4689 1172 4780 ipsas,
1190 4703 1291 4756 erunt
1310 4691 1346 4756 in
1366 4689 1452 4756 eletas
1472 4701 1525 4754 ta-

199 4793 296 4861 bulas
307 4795 502 4885 anpalares.
