3534 5384
290 402 348 460 482
846 415 934 459 mann
956 413 1062 458 iacun.

335 574 366 618 v.
387 558 426 618 iv
439 548 683 616 commercium
699 569 776 615 cum
791 556 894 639 nepte
910 547 1094 638 proscribit
1111 568 1119 614 :
1138 573 1154 608 a
1174 545 1436 635 anpitsalincrn
1449 543 1547 633 filiae
1555 543 1627 632 filii

291 659 343 724 tai
359 656 413 724 vel
425 655 536 746 neptis
553 678 595 721 ec
603 654 683 744 filia
697 677 766 720 non
781 655 962 736 revelabis,
978 655 1063 744 qaia
1079 651 1256 744 turpitudo
1272 666 1333 720 tva
1349 665 1396 718 est
1416 679 1444 717 ».
1462 651 1540 717 Pari
1549 651 1625 717 iure

291 763 523 854 proscriptum
538 759 667 829 censeri
682 760 785 827 debet
793 761 1040 828 commercium
1056 760 1192 849 nepotis
1206 779 1284 826 cum
1297 758 1384 838 asia,
1403 758 1497 846 quod
1509 763 1627 824 nmen

292 871 336 939 ob
355 870 529 959 disparem
548 873 694 934 aetatem
713 889 895 956 perrarum
915 890 985 934 esse
1005 866 1136 934 debuit.

336 1001 367 1042 v.
405 983 442 1042 11
462 1003 477 1036 a
504 972 766 1063 Turpitadinem
778 973 876 1064 filiae
892 973 1009 1040 avaris
1020 972 1132 1063 patris
1149 972 1201 1038 tai
1219 1001 1249 1056 a,
1270 993 1357 1061 quae
1377 992 1464 1036 uxor
1481 972 1532 1036 uti
1550 992 1582 1040 v.
1605 978 1627 1036 8

292 1091 352 1150 tua
365 1090 473 1148 maier
484 1103 554 1147 non
570 1085 630 1161 est,
650 1108 667 1142 «
683 1101 788 1169 qaam
794 1080 934 1171 peperit
939 1079 1035 1170 patri
1047 1091 1105 1146 tac
1119 1092 1151 1144 et
1164 1092 1212 1145 est
1227 1101 1322 1144 soror
1334 1090 1409 1158 tad,
1420 1099 1491 1142 nvn
1501 1075 1592 1142 revel
1612 1115 1628 1127 -

283 1190 342 1255 bis
356 1217 387 1256 v,
398 1192 518 1254 Nonne
532 1187 569 1253 id
580 1187 650 1253 iam
665 1209 698 1252 v.
712 1193 732 1253 9
744 1186 1015 1275 prohibebatur?
1029 1185 1186 1268 Adverte,
1201 1185 1348 1252 alterum
1358 1172 1438 1250 :bin
1451 1171 1489 1248 ab
1504 1183 1627 1270 legisse

299 1298 421 1363 LXX:
452 1293 714 1383 Turpitadinene
732 1291 830 1381 filiae
854 1293 972 1358 araris
985 1291 1099 1382 patris
1125 1291 1178 1358 tai
1201 1314 1271 1358 raon
1289 1289 1453 1358 revelabis
1477 1290 1627 1378 :penita

292 1402 407 1493 patris
436 1401 503 1481 tvi,
526 1423 620 1466 saror
639 1414 700 1466 trra
718 1412 784 1482 est,
806 1421 877 1465 nan
901 1399 1066 1465 revelabis
1090 1397 1339 1487 turpitudinem
1357 1398 1440 1463 eivs.
1464 1395 1628 1463 Similiter

297 1512 375 1597 Spe.
399 1529 411 1574 .·
438 1505 703 1598 Turpitadinem
716 1505 813 1594 filiae
834 1506 951 1572 iccoris
966 1505 1079 1596 patris
1098 1505 1167 1587 tvi,
1187 1505 1325 1594 penitae
1341 1503 1454 1594 patris
1475 1503 1541 1591 tvi,
1557 1525 1627 1570 non

293 1614 455 1683 revelabis
476 1627 539 1680 etc.
558 1612 785 1680 Praelereuda
805 1613 947 1678 omnino
961 1612 1061 1679 lectio
1076 1616 1177 1679 LXX:
1196 1634 1227 1679 v.
1255 1618 1293 1686 11
1311 1610 1466 1678 sehabet
1481 1609 1524 1676 ad
1541 1632 1574 1676 v,
1591 1616 1624 1692 9,

293 1723 346 1790 uti
361 1745 392 1788 v.
409 1726 430 1787 8
447 1722 491 1788 ad
507 1744 541 1788 v.
559 1726 591 1787 7.
609 1719 806 1787 Declaratur
819 1718 989 1785 eiusmodi
1005 1719 1120 1808 puella
1135 1739 1222 1799 csse,
1242 1739 1311 1784 non
1327 1722 1453 1784 natura
1467 1716 1625 1805 quidem,

294 1829 356 1896 sed
369 1830 446 1894 iure
465 1831 500 1893 et
518 1826 755 1893 aestimatione
775 1828 881 1914 patris
900 1825 971 1892 filia
989 1830 1024 1892 et
1042 1825 1105 1891 filii
1123 1845 1231 1892 soror.

337 1933 544 2002 Prohibetur
555 1932 684 2000 amitae
699 1933 957 1999 commercium.
970 1954 1003 1998 ν.
1023 1938 1064 1998 12
1080 1959 1096 1992 a
1111 1929 1371 2022 Trcrpitrtdinem
1382 1930 1506 1996 sororis
1515 1929 1629 2018 patris

296 2042 348 2108 lai
361 2064 431 2107 non
446 2037 698 2128 discooperies:
715 2039 800 2127 qaia
815 2062 894 2105 caro
911 2051 959 2105 est
977 2038 1089 2129 patris
1104 2037 1157 2104 tui
1172 2065 1202 2104 v.
1221 2060 1252 2103 v.
1272 2043 1344 2104 13«
1368 2040 1394 2104 T
1393 2034 1628 2128 aspritudinem

294 2148 419 2216 sororis
432 2145 553 2212 inatris
566 2159 646 2212 tvae
659 2168 728 2213 raon
741 2145 921 2227 revelabis,
935 2168 974 2211 eo
989 2143 1084 2236 qaod
1095 2167 1174 2211 caro
1191 2143 1236 2210 sit
1248 2143 1368 2210 matris
1383 2155 1462 2210 tvae
1476 2171 1506 2212 a.
1525 2145 1627 2210 Hebr.

294 2261 441 2344 utroque
464 2274 565 2319 versu
581 2268 662 2315 inv.
687 2253 798 2318 Etiam
811 2263 974 2340 patritus,
993 2251 1016 2317 i.
1037 2274 1067 2318 e.
1086 2249 1194 2340 patris
1208 2250 1325 2330 irater,
1343 2250 1429 2317 sicut
1441 2249 1563 2334 amita,
1581 2257 1632 2316 est

295 2361 403 2451 patris
429 2358 646 2448 propinquus
671 2356 786 2446 (Valp.
808 2358 920 2444 car0);
937 2357 1019 2424 hinc
1042 2380 1074 2425 ν.
1101 2364 1141 2424 it
1164 2379 1171 2425 :
1194 2383 1209 2416 a
1233 2355 1494 2446 Turpitadinem
1508 2357 1632 2447 paterii

296 2467 348 2532 tui
368 2488 438 2531 non
454 2461 617 2531 revelabis
636 2490 665 2544 v,
690 2485 779 2552 quae
793 2463 915 2547 verba,
933 2463 983 2530 uti
998 2463 1058 2530 iila
1076 2486 1108 2532 v.
1129 2470 1150 2529 'i
1171 2461 1425 2553 turpitudinem
1438 2463 1549 2554 patris
1562 2463 1627 2550 iai,

295 2595 368 2640 uon
381 2576 521 2661 propter
534 2571 645 2659 seipsa
655 2569 864 2652 scribuntur,
879 2569 939 2637 sed
954 2575 992 2636 ut
1005 2569 1214 2659 principium
1225 2569 1268 2636 ad
1284 2569 1537 2637 conclusionem
1549 2570 1631 2637 inde

297 2677 520 2745 derivandam
544 2698 590 2756 :a
604 2699 666 2743 nec
687 2675 825 2743 accedes
841 2675 890 2743 ad
904 2698 1046 2743 acorem
1061 2675 1151 2757 vias,
1173 2699 1260 2766 qaae
1280 2676 1343 2742 tibi
1359 2675 1536 2766 affinitate
1553 2699 1632 2743 can-

298 2785 457 2875 ivnpitar
477 2813 508 2851 a.
532 2789 616 2851 Loco
641 2782 753 2851 ultimi
778 2783 875 2850 incisi
897 2782 999 2850 Hebr.
1025 2783 1178 2872 :patrai
1202 2783 1258 2850 tai
1283 2805 1371 2849 isaar
1398 2797 1462 2870 est,
1485 2783 1633 2874 ideoque

299 2893 372 2960 cius
391 2889 572 2981 turpitudo
592 2891 709 2980 patrui
727 2889 905 2980 turpitudo
924 2895 984 2957 est.
1002 2913 1035 2956 v,
1058 2897 1098 2956 15
1115 2917 1131 2951 a
1159 2888 1419 2980 Tiirpitadinem
1432 2913 1540 2956 narres
1554 2902 1632 2956 tvae

298 3022 369 3067 non
384 2997 559 3081 revelabis,
577 2997 660 3084 qnia
675 3019 763 3062 avar
772 2996 843 3086 filii
857 2996 910 3062 tvi
924 3011 973 3062 est
990 3023 1021 3077 n,
1038 2995 1183 3085 ideoque
1199 2996 1272 3063 eius
1287 2996 1468 3085 turpitudo
1483 2996 1547 3062 filii
1562 3001 1635 3064 tur-

298 3105 433 3197 pitudo,
455 3130 471 3164 «
488 3127 549 3169 nec
569 3103 792 3193 discooperies
810 3102 1041 3191 ipnvniiniam
1056 3103 1127 3169 cias
1149 3131 1178 3168 ».
1206 3124 1239 3170 v.
1263 3109 1304 3169 16
1329 3127 1345 3162 a
1370 3105 1396 3168 Τ
1395 3101 1634 3194 arpitadinem

301 3212 418 3279 risoris
441 3208 563 3298 fratris
581 3210 633 3274 tui
654 3231 723 3275 isan
746 3210 924 3292 revelabis,
947 3210 1029 3300 qaia
1046 3207 1227 3300 turpitudo
1246 3208 1368 3297 [ratris
1388 3209 1441 3275 tui
1463 3223 1510 3275 est
1533 3237 1562 3276 n.
1582 3211 1631 3277 Cl.

300 3325 429 3399 tamam
451 3337 539 3406 quae
559 3320 654 3382 licut.
678 3321 758 3398 25,5
777 3337 853 3404 sqq.
876 3317 920 3382 de
940 3315 1101 3402 coniugio
1120 3315 1281 3382 leviratus
1300 3315 1476 3384 dicuntur.

337 3499 402 3548 Non
409 3498 518 3548 videtur
528 3497 698 3562 prohibitum
706 3495 802 3556 tuisse,
817 3510 852 3547 ne
867 3499 910 3546 vir
925 3497 1038 3548 duceret
1052 3498 1164 3547 viduam
1180 3498 1320 3556 avuncuii,
1335 3499 1354 3548 i.
1371 3511 1395 3548 e.
1416 3497 1509 3548 fratris
1525 3500 1632 3548 matris,

302 3601 374 3638 neve
393 3587 505 3637 viduam
525 3585 618 3636 iratris
633 3599 702 3636 suae
717 3586 827 3646 uxoris;
844 3587 929 3636 etiam
950 3598 1045 3636 sorore
1064 3587 1160 3637 uxoria
1177 3600 1204 3635 v.
1225 3585 1254 3636 18
1270 3599 1327 3636 non
1346 3587 1473 3637 absolute
1488 3585 1635 3638 interdice-

302 3678 393 3728 batur.
415 3676 457 3725 Ex
475 3675 559 3724 Num.
579 3673 643 3736 27‚9
662 3687 725 3737 sqq.
742 3674 862 3724 obicitur
880 3675 1118 3738 propinquitatem
1137 3687 1186 3738 per
1207 3675 1326 3726 ieminas
1348 3676 1490 3726 inductam
1507 3677 1634 3726 habitam

304 3778 366 3817 esse
380 3767 472 3814 minua
486 3769 592 3814 arctam
606 3777 653 3824 ea,
671 3775 744 3827 quac
761 3776 812 3826 per
825 3765 902 3813 viros
917 3763 1109 3814 inducebatur.
1126 3763 1226 3827 Neque
1246 3764 1400 3814 avunculus
1420 3765 1567 3815 vetabatur
1581 3765 1633 3814 du-

304 3867 367 3906 cere
391 3855 495 3904 sororis
517 3852 603 3903 filiam
623 3864 729 3916 neque,
746 3853 787 3902 uti
809 3852 930 3912 videtur,
948 3855 1062 3914 patruus
1084 3851 1179 3902 iratris
1199 3852 1294 3902 filiam.
1309 3853 1405 3913 Dices,
1423 3853 1447 3902 si
1469 3855 1523 3903 hoo
1542 3852 1632 3913 fieret,

303 3943 400 3994 iratris
417 3941 504 3991 filiam
523 3941 710 3992 revelatorem
732 3939 817 3990 luisse
834 3941 928 4004 patrui
943 3940 1155 4003 turpitudinem,
1172 3947 1270 3992 contra
1284 3955 1310 3991 v.
1331 3941 1370 3991 14.
1388 3941 1495 3992 Tamen
1511 3941 1579 3992 iilud
1600 3943 1634 3992 de

304 4031 476 4096 turpitudine
493 4030 576 4080 unius
590 4030 626 4080 cd
640 4030 759 4079 aiterum
772 4031 930 4092 pertinente
946 4031 1113 4094 principium
1132 4042 1189 4079 nou
1203 4035 1263 4080 erat
1280 4029 1425 4082 indefinite
1442 4035 1471 4081 ct
1484 4043 1535 4094 per
1547 4044 1633 4094 quos·

303 4123 348 4170 vis
361 4120 465 4184 gradus
480 4118 700 4179 extendendum
718 4119 809 4166 nrinor
822 4123 969 4182 praeterea
983 4118 1141 4168 indecentia
1155 4120 1216 4168 erat
1229 4120 1259 4167 iu
1271 4119 1389 4170 muliere
1405 4118 1500 4169 iratris
1514 4117 1572 4168 fitia
1587 4132 1636 4169 ac·

305 4209 420 4259 cedente
435 4209 471 4258 ad
485 4211 629 4272 patruum,
644 4208 692 4269 qui
706 4206 765 4258 lere
783 4209 909 4270 parentia
926 4207 988 4257 loco
1003 4208 1029 4256 ei
1044 4211 1134 4270 essct,
1146 4220 1231 4272 quam
1251 4208 1280 4256 in
1298 4207 1392 4258 iratris
1412 4207 1471 4258 silio
1485 4212 1516 4258 ut
1533 4208 1635 4259 marito

304 4299 466 4348 dominante
484 4297 576 4360 patrui
596 4295 708 4345 viduae.
730 4296 818 4359 Ergo,
834 4309 898 4346 cum
919 4295 987 4345 illud
1005 4297 1127 4359 coniugii
1146 4309 1237 4360 genus
1255 4297 1387 4360 explicita
1406 4297 1469 4360 lege
1492 4310 1549 4348 non
1568 4311 1634 4361 pro-

304 4386 450 4442 scribatur,
467 4387 574 4435 censeri
585 4384 669 4435 debet
683 4384 770 4434 luisse
784 4385 902 4434 licitum.
918 4413 953 4421 -
968 4385 1059 4446 Leges
1074 4387 1127 4435 hae
1142 4385 1247 4436 directe
1259 4397 1310 4450 pro
1325 4387 1392 4436 viris
1404 4385 1542 4446 teruntur,
1560 4387 1634 4436 unde

303 4477 400 4538 aliqua
411 4473 604 4523 desiderantur
613 4473 745 4524 mulieres
757 4475 920 4536 spectantia.
938 4473 1002 4522 Non
1016 4474 1179 4536 prohibetur
1193 4474 1305 4538 quidem
1317 4487 1343 4524 ν.
1364 4474 1395 4524 10
1411 4475 1514 4524 mulier
1527 4473 1633 4525 nubere

303 4564 403 4626 nepoti
411 4575 462 4612 suo
474 4576 479 4610 :
495 4572 588 4612 tamen
599 4561 737 4612 eiusmodi
750 4562 849 4612 ioedus
860 4564 889 4611 et
901 4563 997 4611 contra
1008 4567 1136 4614 naturam
1147 4565 1221 4624 erat,
1234 4566 1261 4612 ct
1272 4563 1478 4628 quodammodo
1491 4565 1634 4628 discoope-

302 4654 394 4705 riehat
412 4651 614 4714 turpitudinem
627 4651 725 4700 matria
740 4650 776 4713 (v.
791 4650 828 4706 71.
840 4650 882 4700 Ex
894 4663 919 4699 v.
941 4651 970 4699 17
985 4652 1184 4714 prohibebatur
1198 4651 1297 4702 mulier
1313 4653 1418 4703 nubere
1433 4654 1533 4702 marito
1547 4651 1632 4704 filiae.

346 4834 379 4876 v.
403 4817 443 4875 17
465 4837 480 4871 «
508 4810 534 4874 T
535 4808 768 4897 nrpitudinern
794 4806 910 4874 sicaris
931 4822 1009 4875 triac
1031 4820 1062 4874 et
1079 4807 1174 4897 filiae
1198 4809 1268 4876 eins
1291 4837 1325 4892 n,
1345 4810 1480 4896 genitae
1498 4809 1542 4875 ab
1565 4809 1635 4876 alio
