3534 5384
264 377 325 437 304
665 391 811 438 uovonuu
833 390 992 437 sscaoauu
1014 390 1195 437 rusrnumo.

264 526 349 595 etin
363 525 583 609 memoriale,
599 524 691 614 quod
712 524 803 615 ipsos
821 524 1070 611 benignissimo
1091 522 1239 591 laederis
1257 528 1325 591 lleo
1340 524 1377 590 in
1392 524 1595 591 memoriam

264 636 402 699 revocet
418 630 541 722 (Vnt).

663 766 692 817 b.
713 720 755 818 lle
773 766 852 818 labro
871 779 963 818 aeneo
982 766 1033 817 Ex.
1056 764 1195 827 stur-m.

308 975 341 1019 v.
369 958 410 1020 17
431 978 447 1012 u
474 953 686 1040 Locutusque
701 963 750 1017 cst
773 950 941 1017 Dominus
960 949 1009 1017 ad
1023 952 1167 1037 Moysen
1180 948 1297 1016 dicem
1316 976 1330 1009 ιι
1351 970 1360 1017 :
1381 972 1413 1017 v.
1438 955 1479 1018 18
1494 978 1511 1012 u
1531 953 1595 1017 Fa-

265 1060 332 1126 cies
353 1070 386 1125 et
409 1056 544 1124 labrum
561 1078 705 1123 aeneum
727 1084 762 1137 ιι,
784 1078 845 1123 seu
859 1056 1022 1137 luterem,
1046 1084 1062 1119 κ
1079 1078 1139 1123 vas
1153 1055 1330 1147 quoddam
1344 1055 1516 1146 amplum,
1534 1056 1596 1123 ha-

262 1166 348 1233 bens
370 1164 518 1255 parietes
537 1164 727 1230 eminentes
751 1189 766 1221 ιι
799 1163 933 1250 (Tusa),
958 1190 973 1223 «
1003 1184 1079 1229 cum
1099 1161 1172 1229 iusi
1189 1182 1253 1230 sua
1273 1188 1289 1225 ιι
1315 1184 1423 1229 aenea
1444 1190 1460 1224 u
1482 1162 1530 1229 ad
1548 1162 1595 1231 ta·

263 1270 434 1355 candum;
458 1292 632 1360 ponesque
659 1266 749 1336 iilud
772 1268 862 1335 inter
891 1268 1152 1335 tabernaculum
1179 1266 1367 1337 testimonii
1389 1281 1422 1335 et
1446 1268 1555 1335 altare
1575 1297 1592 1331 s

263 1378 553 1445 holocaustorum.
574 1404 589 1437 ι
608 1377 654 1442 Et
672 1376 777 1443 missa
796 1396 891 1464 aqna
915 1402 951 1457 »,
974 1397 1005 1441 v.
1030 1382 1071 1442 19
1097 1402 1114 1437 ιι
1141 1373 1305 1443 lavabunt
1328 1376 1365 1441 in
1386 1398 1427 1443 ca
1447 1403 1462 1436 ιι
1486 1414 1529 1427 -
1545 1398 1591 1443 sc.

263 1506 371 1574 aqua3
387 1481 448 1549 sed
469 1481 594 1573 reliqui
611 1504 654 1547 cn
668 1504 723 1565 co,
742 1504 788 1549 sc.
808 1481 925 1563 labro,
948 1502 1040 1570 aqua
1054 1504 1072 1547 e
1088 1480 1186 1549 labro
1199 1482 1345 1550 hausta:
1365 1509 1380 1541 ι
1400 1480 1521 1549 modus
1535 1503 1594 1549 au·

263 1597 333 1657 tem
347 1610 417 1655 non
433 1592 481 1655 est
495 1586 593 1655 ahter
609 1587 754 1678 scriptus
770 1615 786 1646 ι
805 1586 909 1676 (Cui.)
925 1626 968 1637 —
985 1614 1001 1647 κ
1022 1589 1140 1653 Aaron
1154 1600 1186 1653 ct
1204 1586 1276 1677 filii
1293 1587 1366 1655 cius
1379 1610 1504 1654 suanus
1515 1610 1595 1655 suas

264 1718 304 1761 ac
315 1694 419 1784 pedes
440 1722 475 1775 ιι,
497 1694 594 1761 cuius
609 1693 751 1760 lotionis
770 1692 1061 1779 significationem
1077 1692 1236 1783 exprimit
1250 1691 1370 1761 onata.
1389 1694 1596 1761 substituens

263 1801 408 1869 verbum
422 1800 704 1889 sanctificabunt,
723 1822 755 1866 v.
778 1805 820 1865 20
840 1826 856 1859 u
873 1796 1012 1888 qnando
1031 1798 1221 1887 tnqrcssun'
1238 1812 1319 1867 seint
1335 1799 1596 1867 tabernaculum

263 1907 468 1991 testimonii,
485 1919 518 1973 ct
532 1934 548 1966 »
561 1945 604 1956 -
617 1905 719 1972 chr.
730 1906 825 1973 Sam.
844 1904 964 1973 cteta.
978 1916 1040 1972 aut
1047 1958 1057 1991 ‚
1076 1928 1094 1973 e
1109 1927 1179 1995 qua
1193 1906 1431 1974 coniunctione
1448 1906 1596 1973 disiunc-

262 2014 334 2082 tiva
352 2014 458 2081 infert
473 2012 548 2082 Gai.
565 2011 715 2098 intelligi
728 2011 886 2101 sequenti
905 2012 1012 2080 inciso
1032 2012 1140 2079 altare
1166 2010 1464 2094 holocaustorum,
1485 2013 1595 2079 altare

264 2120 390 2212 quippe
408 2118 645 2207 thymiamatis
670 2124 744 2185 erat
766 2119 860 2186 intra
880 2118 1143 2185 tabernaculum
1167 2156 1211 2168 —
1235 2146 1251 2178 u
1273 2116 1412 2209 quando
1427 2118 1596 2185 accessuri

262 2239 344 2294 snut
363 2224 412 2293 ad
434 2224 561 2310 altare,
586 2237 625 2291 ut
648 2226 800 2315 offerant
826 2224 861 2289 in
890 2246 928 2291 ca
955 2223 1151 2313 tbymiama
1166 2224 1313 2299 Domino
1338 2252 1373 2307 »,
1392 2247 1424 2293 v.
1447 2230 1487 2292 nt
1514 2254 1530 2287 «
1551 2246 1594 2291 nc

264 2333 377 2425 [sorte]
396 2331 591 2399 moriantur
606 2360 643 2412 s,
664 2358 680 2392 u
697 2352 753 2397 me
769 2331 812 2397 ob
827 2330 1021 2417 neglectam
1043 2331 1132 2398 hanc
1146 2330 1259 2417 legem
1276 2352 1331 2399 eos
1347 2332 1559 2422 percutiente
1574 2358 1592 2395 ιι

264 2440 427 2529 (Bcnsr.).
447 2443 596 2505 Poenam
616 2438 767 2505 minatur
786 2440 888 2517 [leus3
905 2458 976 2503 non
999 2442 1114 2504 tamen
1131 2436 1292 2505 seminas
1311 2460 1444 2529 semper
1458 2460 1594 2507 exsecu-

261 2552 378 2613 turum
396 2566 465 2612 asse
479 2544 660 2635 promittit.
676 2546 834 2611 Ceterum
848 2544 952 2608 chr.
969 2565 982 2608 .·
994 2556 1033 2609 ιιι
1048 2542 1145 2609 cultu
1154 2544 1364 2633 [unqantun
1382 2556 1421 2611 ut
1432 2544 1593 2613 adoleant

261 2651 471 2741 sacrificium
487 2651 587 2733 (unu)
607 2649 774 2736 Dominc,·
792 2649 918 2738 quibus
936 2649 1047 2717 omnis
1066 2648 1202 2737 generis
1220 2650 1387 2719 sacrificia
1407 2652 1592 2720 includun-

260 2768 330 2828 tur.
345 2757 481 2849 Repetit
496 2757 576 2824 dein
594 2757 629 2824 h.
649 2755 674 2825 l.
694 2754 797 2823 Hebe.
814 2776 828 2819 .·
844 2766 876 2821 et
901 2755 1066 2823 lavabunt
1079 2778 1202 2823 mactus
1225 2778 1305 2823 suas
1324 2770 1356 2825 ct
1371 2757 1477 2847 pedes
1495 2781 1572 2826 suos
1580 2812 1591 2843 ,

262 2890 306 2935 nc
323 2864 528 2932 moriantur.
548 2862 612 2931 llbi
631 2869 748 2929 monet
765 2861 859 2942 Gai,
877 2884 896 2928 e
911 2862 1041 2951 pedum
1055 2862 1182 2930 lotione
1198 2862 1306 2945 effici,
1321 2864 1514 2932 sacerdotes
1533 2866 1595 2933 he-

262 2975 388 3041 bracos
411 2970 511 3038 nudis
537 2969 684 3061 pedibus
711 2968 769 3057 (ef.
799 2966 870 3057 3,5)
902 2969 1006 3036 sacris
1031 2968 1170 3057 operari
1194 2972 1424 3055 consuevisse3
1446 2976 1481 3037 et
1500 2976 1594 3039 notat

265 3079 391 3163 Calm„
418 3099 586 3167 nusquam
618 3073 786 3142 affirmari
811 3074 1006 3164 quidquam
1032 3073 1074 3143 de
1103 3074 1318 3144 sacerdotum
1342 3076 1592 3145 calceamentis.

264 3215 281 3248 u
296 3183 760 3275 Leqitimumscmpiternum
779 3180 844 3247 crit
865 3180 939 3270 ipsi
966 3193 1000 3247 ct
1018 3181 1144 3249 semini
1162 3180 1235 3249 eicis
1246 3204 1314 3273 per
1331 3184 1556 3251 successiones
1577 3212 1593 3245 ιι

262 3315 322 3361 seu
339 3290 578 3382 persecutiones
592 3310 722 3356 eorum.

660 3494 685 3532 c.
700 3481 742 3531 De
757 3481 821 3532 oleo
834 3480 977 3530 unctionis
992 3479 1042 3529 Ex.
1061 3480 1204 3541 soar-³³.

307 3671 392 3758 Arq.
412 3704 457 3716 -
473 3665 551 3732 Eius
569 3685 601 3732 ν.
620 3669 726 3729 22-25
741 3661 944 3751 compositio
960 3662 1120 3745 traditur,
1136 3683 1169 3729 v.
1187 3669 1292 3731 att-30
1305 3686 1360 3732 res
1380 3670 1413 3732 et
1428 3688 1593 3756 personae

264 3774 448 3863 ungendae
462 3774 722 3852 enumerantur,
741 3792 772 3835 v.
791 3774 896 3836 30-33
915 3790 994 3835 usus
1008 3768 1173 3859 profanus
1187 3770 1401 3860 prohibetur.

306 3906 339 3949 v,
357 3887 400 3948 ιι
422 3906 438 3941 u
459 3882 670 3966 Locutusquc
686 3886 733 3942 cst
755 3875 923 3943 Donn'nus
942 3874 990 3941 ad
1002 3876 1144 3965 Moysen
1162 3904 1178 3939 ιι
1195 3898 1228 3942 v.
1250 3882 1292 3943 23
1312 3904 1327 3938 u
1346 3874 1462 3945 cliceits
1481 3906 1496 3941 ιι
1523 3904 1530 3950 ς
1549 3882 1595 3949 Et

264 4004 302 4059 tu
315 4018 331 4052 u
341 4008 437 4056 sume
451 3984 515 4052 tibi
521 3997 677 4051 aromata
688 4003 701 4047 .·
709 3981 850 4073 primae
863 3968 1022 4070 myirlzae
1034 3981 1088 4070 [et]
1099 3981 1224 4049 electae
1235 3983 1440 4073 quinqentos
1451 3986 1590 4075 [siclos],

265 4112 296 4165 ιι
313 4090 525 4162 cinnamomi
544 4088 711 4175 medium,
732 4088 768 4174 [i.
785 4086 827 4177 ι.]
844 4086 1009 4153 discentes
1029 4086 1285 4178 quinquaqinta
1306 4089 1444 4179 [siclos],
1467 4093 1593 4159 calami

263 4201 421 4271 similiter
442 4198 605 4265 [tricentos
624 4193 886 4286 quinquaqinta
911 4222 940 4275 ιι,
960 4216 993 4259 v.
1016 4198 1057 4261 nt
1082 4194 1228 4262 «casiae
1250 4208 1365 4264 autem
1386 4198 1593 4288 quinqentos

264 4308 386 4397 [siclos]
397 4302 591 4395 inpendere
603 4300 794 4385 smectuarc'i
811 4329 826 4361 ιι
843 4299 897 4388 (cl.
914 4322 946 4368 v,
971 4304 1040 4387 13),
1058 4328 1073 4361 ι
1094 4301 1162 4368 olei
1177 4300 1217 4367 de
1231 4301 1363 4371 olivetis
1374 4306 1591 4395 [mensuram]

263 4416 325 4484 bin
340 4442 370 4480 s.
393 4416 463 4479 Vox
476 4410 589 4496 siclos,
608 4410 658 4475 uti
680 4408 718 4475 in
732 4406 907 4473 similibus
920 4407 1114 4491 sententiis,
1133 4408 1224 4497 apud
1240 4408 1341 4477 Hehr.
1358 4410 1591 4501 subintelligi-

261 4529 329 4590 tur.
349 4543 381 4587 v.
399 4525 441 4587 25
458 4546 474 4580 (ι
488 4515 678 4605 Facicsque
692 4513 871 4581 creationis
886 4512 997 4579 oleum
1011 4528 1178 4599 sarratam,
1194 4528 1407 4605 unquentum
1424 4520 1589 4609 coraposi-

262 4644 337 4699 tum
354 4649 452 4718 opere
465 4620 686 4713 unquentarii
702 4650 718 4682 ιι
735 4620 791 4709 (cl.
809 4625 1040 4703 26,1;27,16;
1060 4622 1187 4709 uam).

296 4821 363 4873 mun
382 4810 457 4873 ratu.
474 4809 502 4859 ct
520 4806 584 4856 ffl
601 4800 640 4866 (τὸ
658 4798 741 4865 ἄνθος)
761 4802 795 4851 ad
817 4802 966 4866 sequentia
984 4803 1110 4863 trahunt;
1127 4804 1228 4855 melius
1250 4806 1346 4856 hasar.
1365 4807 1459 4858 Chald.
1477 4812 1539 4873 Sur.
1554 4810 1588 4862 ad
