<?xml version="1.0" encoding="UTF-8"?>
<!DOCTYPE html PUBLIC "-//W3C//DTD XHTML 1.0 Transitional//EN"
    "http://www.w3.org/TR/xhtml1/DTD/xhtml1-transitional.dtd">
<html xmlns="http://www.w3.org/1999/xhtml" xml:lang="en" lang="en">
 <head>
  <title>
</title>
<meta http-equiv="Content-Type" content="text/html;charset=utf-8" />
  <meta name='ocr-system' content='tesseract 3.04.00' />
  <meta name='ocr-capabilities' content='ocr_page ocr_carea ocr_par ocr_line ocrx_word'/>
</head>
<body>
  <div class='ocr_page' id='page_1' title='image "./commentariusine00hummgoog/commentariusine00hummgoog_0316.png"; bbox 0 0 3534 5384; ppageno 0'>
   <div class='ocr_carea' id='block_1_1' title="bbox 702 342 1494 448">
    <p class='ocr_par' dir='ltr' id='par_1_1' title="bbox 702 342 1494 448">
     <span class='ocr_line' id='line_1_1' title="bbox 702 342 1494 448; baseline 0 -11"><span class='ocrx_word' id='word_1_1' title='bbox 702 394 751 437; x_wconf 73' lang='lat' dir='ltr'><strong><em>ax.</em></strong></span> <span class='ocrx_word' id='word_1_2' title='bbox 775 377 866 448; x_wconf 74' lang='lat' dir='ltr'><strong><em>acer</em></strong></span> <span class='ocrx_word' id='word_1_3' title='bbox 890 392 955 445; x_wconf 78' lang='lat' dir='ltr'><strong><em>sco.</em></strong></span> <span class='ocrx_word' id='word_1_4' title='bbox 1348 342 1350 345; x_wconf 31' lang='lat'>⁸</span> <span class='ocrx_word' id='word_1_5' title='bbox 1436 380 1494 437; x_wconf 76' lang='lat' dir='ltr'><strong><em>aas</em></strong></span> 
     </span>
    </p>
   </div>
   <div class='ocr_carea' id='block_1_2' title="bbox 165 528 1497 1389">
    <p class='ocr_par' dir='ltr' id='par_1_2' title="bbox 165 528 1497 1389">
     <span class='ocr_line' id='line_1_2' title="bbox 166 528 1494 596; baseline -0.001 -14"><span class='ocrx_word' id='word_1_6' title='bbox 166 531 363 595; x_wconf 77' lang='lat' dir='ltr'>praecedentia</span> <span class='ocrx_word' id='word_1_7' title='bbox 378 528 421 596; x_wconf 83' lang='lat' dir='ltr'><strong><em>(ci.</em></strong></span> <span class='ocrx_word' id='word_1_8' title='bbox 439 530 519 583; x_wconf 85' lang='lat' dir='ltr'><strong><em>Cant.</em></strong></span> <span class='ocrx_word' id='word_1_9' title='bbox 538 530 615 592; x_wconf 80' lang='lat' dir='ltr'><strong><em>l,it;</em></strong></span> <span class='ocrx_word' id='word_1_10' title='bbox 632 530 681 581; x_wconf 70' lang='grc' dir='ltr'><strong><em>ΕΖ.</em></strong></span> <span class='ocrx_word' id='word_1_11' title='bbox 695 530 785 596; x_wconf 65' lang='lat' dir='ltr'><strong><em>alae)</em></strong></span> <span class='ocrx_word' id='word_1_12' title='bbox 804 530 930 595; x_wconf 85' lang='lat' dir='ltr'><strong><em>:primae</em></strong></span> <span class='ocrx_word' id='word_1_13' title='bbox 950 528 1104 591; x_wconf 79' lang='lat' dir='ltr'><strong><em>qualitatis.</em></strong></span> <span class='ocrx_word' id='word_1_14' title='bbox 1120 556 1156 566; x_wconf 93' lang='lat'>-</span> <span class='ocrx_word' id='word_1_15' title='bbox 1171 534 1237 587; x_wconf 59' lang='lat' dir='ltr'><strong><em>titt</em></strong></span> <span class='ocrx_word' id='word_1_16' title='bbox 1257 537 1299 588; x_wconf 59' lang='lat' dir='ltr'><strong><em>tn</em></strong></span> <span class='ocrx_word' id='word_1_17' title='bbox 1319 534 1362 583; x_wconf 87' lang='lat' dir='ltr'><strong><em>cst</em></strong></span> <span class='ocrx_word' id='word_1_18' title='bbox 1380 533 1494 595; x_wconf 73' lang='lat' dir='ltr'><strong><em>myrrho</em></strong></span> 
     </span>
     <span class='ocr_line' id='line_1_3' title="bbox 166 618 1497 684; baseline 0.003 -15"><span class='ocrx_word' id='word_1_19' title='bbox 166 627 260 684; x_wconf 77' lang='lat' dir='ltr'><strong><em>sponte</em></strong></span> <span class='ocrx_word' id='word_1_20' title='bbox 282 621 366 683; x_wconf 75' lang='lat' dir='ltr'><strong><em>[tuens</em></strong></span> <span class='ocrx_word' id='word_1_21' title='bbox 388 633 440 670; x_wconf 87' lang='lat' dir='ltr'><strong><em>seu</em></strong></span> <span class='ocrx_word' id='word_1_22' title='bbox 459 620 574 684; x_wconf 79' lang='lat' dir='ltr'><strong><em>mprclio</em></strong></span> <span class='ocrx_word' id='word_1_23' title='bbox 594 625 690 681; x_wconf 82' lang='lat' dir='ltr'><strong><em>stacte,</em></strong></span> <span class='ocrx_word' id='word_1_24' title='bbox 707 632 779 684; x_wconf 83' lang='lat' dir='ltr'><strong><em>quae</em></strong></span> <span class='ocrx_word' id='word_1_25' title='bbox 800 620 904 670; x_wconf 88' lang='lat' dir='ltr'><strong><em>cortice</em></strong></span> <span class='ocrx_word' id='word_1_26' title='bbox 926 618 1031 669; x_wconf 75' lang='lat' dir='ltr'>arbusti</span> <span class='ocrx_word' id='word_1_27' title='bbox 1055 630 1112 669; x_wconf 91' lang='lat' dir='ltr'><strong><em>non</em></strong></span> <span class='ocrx_word' id='word_1_28' title='bbox 1136 619 1225 669; x_wconf 88' lang='lat' dir='ltr'><strong><em>incisa</em></strong></span> <span class='ocrx_word' id='word_1_29' title='bbox 1246 618 1308 671; x_wconf 86' lang='lat' dir='ltr'><strong><em>duit</em></strong></span> <span class='ocrx_word' id='word_1_30' title='bbox 1324 634 1330 669; x_wconf 92' lang='lat'><strong>:</strong></span> <span class='ocrx_word' id='word_1_31' title='bbox 1347 621 1413 672; x_wconf 88' lang='lat' dir='ltr'><strong><em>hinc</em></strong></span> <span class='ocrx_word' id='word_1_32' title='bbox 1433 622 1497 673; x_wconf 75' lang='lat' dir='ltr'><strong><em>LXX</em></strong></span> 
     </span>
     <span class='ocr_line' id='line_1_4' title="bbox 167 707 1496 791; baseline 0.002 -33"><span class='ocrx_word' id='word_1_33' title='bbox 167 709 277 770; x_wconf 77' lang='lat' dir='ltr'><strong><em>electae,</em></strong></span> <span class='ocrx_word' id='word_1_34' title='bbox 295 707 390 760; x_wconf 81' lang='lat' dir='ltr'><strong><em>cocta.</em></strong></span> <span class='ocrx_word' id='word_1_35' title='bbox 407 710 470 772; x_wconf 75' lang='lat' dir='ltr'><strong><em>Sur.</em></strong></span> <span class='ocrx_word' id='word_1_36' title='bbox 487 722 583 773; x_wconf 83' lang='lat' dir='ltr'><strong><em>purae.</em></strong></span> <span class='ocrx_word' id='word_1_37' title='bbox 599 735 634 745; x_wconf 93' lang='lat'><em>-</em></span> <span class='ocrx_word' id='word_1_38' title='bbox 649 715 722 765; x_wconf 67' lang='lat' dir='ltr'><strong><em>nm</em></strong></span> <span class='ocrx_word' id='word_1_39' title='bbox 737 714 828 791; x_wconf 52' lang='lat' dir='ltr'><strong><em>imp,</em></strong></span> <span class='ocrx_word' id='word_1_40' title='bbox 845 710 1041 758; x_wconf 79' lang='lat' dir='ltr'><strong><em>cinnamomum</em></strong></span> <span class='ocrx_word' id='word_1_41' title='bbox 1065 709 1255 769; x_wconf 84' lang='lat' dir='ltr'><strong><em>aromaticum,</em></strong></span> <span class='ocrx_word' id='word_1_42' title='bbox 1272 722 1344 773; x_wconf 85' lang='lat' dir='ltr'><strong><em>quac</em></strong></span> <span class='ocrx_word' id='word_1_43' title='bbox 1358 722 1414 760; x_wconf 83' lang='lat' dir='ltr'><strong><em>vox</em></strong></span> <span class='ocrx_word' id='word_1_44' title='bbox 1428 724 1496 761; x_wconf 83' lang='lat' dir='ltr'><strong><em>sane</em></strong></span> 
     </span>
     <span class='ocr_line' id='line_1_5' title="bbox 166 794 1497 867; baseline 0 -18"><span class='ocrx_word' id='word_1_45' title='bbox 166 798 303 859; x_wconf 87' lang='lat' dir='ltr'><strong><em>adiicitur,</em></strong></span> <span class='ocrx_word' id='word_1_46' title='bbox 320 810 376 861; x_wconf 88' lang='lat' dir='ltr'><strong><em>quo</em></strong></span> <span class='ocrx_word' id='word_1_47' title='bbox 399 798 554 861; x_wconf 86' lang='lat' dir='ltr'><strong><em>genuinum</em></strong></span> <span class='ocrx_word' id='word_1_48' title='bbox 575 809 673 847; x_wconf 86' lang='lat' dir='ltr'><strong><em>aroma</em></strong></span> <span class='ocrx_word' id='word_1_49' title='bbox 693 796 728 847; x_wconf 88' lang='lat' dir='ltr'><strong><em>ab</em></strong></span> <span class='ocrx_word' id='word_1_50' title='bbox 749 798 813 847; x_wconf 86' lang='lat' dir='ltr'><strong><em>aliis</em></strong></span> <span class='ocrx_word' id='word_1_51' title='bbox 835 796 1002 861; x_wconf 88' lang='lat' dir='ltr'><strong><em>quibusdam</em></strong></span> <span class='ocrx_word' id='word_1_52' title='bbox 1025 796 1208 859; x_wconf 77' lang='lat' dir='ltr'><strong><em>discernatur,</em></strong></span> <span class='ocrx_word' id='word_1_53' title='bbox 1221 794 1450 867; x_wconf 78' lang='grc' dir='ltr'>ψευδοκινναμώμῳ</span> <span class='ocrx_word' id='word_1_54' title='bbox 1469 802 1497 849; x_wconf 87' lang='lat' dir='ltr'><strong><em>cl</em></strong></span> 
     </span>
     <span class='ocr_line' id='line_1_6' title="bbox 165 882 1493 970; baseline 0.002 -37"><span class='ocrx_word' id='word_1_55' title='bbox 165 882 387 953; x_wconf 57' lang='grc' dir='ltr'>ᾒλοκινναμώμ).</span> <span class='ocrx_word' id='word_1_56' title='bbox 409 912 445 922; x_wconf 93' lang='grc'>-</span> <span class='ocrx_word' id='word_1_57' title='bbox 466 890 538 942; x_wconf 69' lang='lat' dir='ltr'><strong><em>nm</em></strong></span> <span class='ocrx_word' id='word_1_58' title='bbox 563 893 635 970; x_wconf 58' lang='lat' dir='ltr'><strong><em>nup,</em></strong></span> <span class='ocrx_word' id='word_1_59' title='bbox 659 886 778 935; x_wconf 84' lang='lat' dir='ltr'><strong><em>colamus</em></strong></span> <span class='ocrx_word' id='word_1_60' title='bbox 807 887 970 935; x_wconf 81' lang='lat' dir='ltr'><strong><em>aromaticus</em></strong></span> <span class='ocrx_word' id='word_1_61' title='bbox 977 899 986 945; x_wconf 89' lang='lat'><em>;</em></span> <span class='ocrx_word' id='word_1_62' title='bbox 1009 885 1062 935; x_wconf 89' lang='lat' dir='ltr'><strong><em>ier.</em></strong></span> <span class='ocrx_word' id='word_1_63' title='bbox 1084 884 1146 946; x_wconf 82' lang='grc' dir='ltr'><strong><em>6,ἳο</em></strong></span> <span class='ocrx_word' id='word_1_64' title='bbox 1169 902 1182 933; x_wconf 82' lang='lat' dir='ltr'><strong><em>a</em></strong></span> <span class='ocrx_word' id='word_1_65' title='bbox 1205 886 1329 937; x_wconf 80' lang='lat' dir='ltr'><strong><em>calamus</em></strong></span> <span class='ocrx_word' id='word_1_66' title='bbox 1352 888 1444 938; x_wconf 87' lang='lat' dir='ltr'><strong><em>bonus</em></strong></span> <span class='ocrx_word' id='word_1_67' title='bbox 1465 902 1493 949; x_wconf 71' lang='grc' dir='ltr'><strong><em>»ς</em></strong></span> 
     </span>
     <span class='ocr_line' id='line_1_7' title="bbox 166 973 1494 1039; baseline 0 -14"><span class='ocrx_word' id='word_1_68' title='bbox 166 976 202 1026; x_wconf 82' lang='lat' dir='ltr'><strong><em>la.</em></strong></span> <span class='ocrx_word' id='word_1_69' title='bbox 216 974 311 1034; x_wconf 59' lang='lat' dir='ltr'><strong><em>tiam</em></strong></span> <span class='ocrx_word' id='word_1_70' title='bbox 328 975 373 1024; x_wconf 77' lang='lat' dir='ltr'><strong><em>cz.</em></strong></span> <span class='ocrx_word' id='word_1_71' title='bbox 391 974 487 1035; x_wconf 73' lang='lat'><strong>27‚19;</strong></span> <span class='ocrx_word' id='word_1_72' title='bbox 504 973 588 1026; x_wconf 83' lang='lat' dir='ltr'><strong><em>cant.</em></strong></span> <span class='ocrx_word' id='word_1_73' title='bbox 602 974 664 1035; x_wconf 83' lang='lat' dir='ltr'><strong><em>l,ll</em></strong></span> <span class='ocrx_word' id='word_1_74' title='bbox 678 975 805 1025; x_wconf 86' lang='lat' dir='ltr'><strong><em>absolute</em></strong></span> <span class='ocrx_word' id='word_1_75' title='bbox 823 990 834 1022; x_wconf 77' lang='grc' dir='ltr'>ι</span> <span class='ocrx_word' id='word_1_76' title='bbox 851 975 975 1025; x_wconf 84' lang='lat' dir='ltr'><strong><em>calamus</em></strong></span> <span class='ocrx_word' id='word_1_77' title='bbox 991 991 1002 1022; x_wconf 73' lang='lat' dir='ltr'><strong><em>i</em></strong></span> <span class='ocrx_word' id='word_1_78' title='bbox 1011 988 1018 1035; x_wconf 84' lang='lat'>;</span> <span class='ocrx_word' id='word_1_79' title='bbox 1034 974 1177 1025; x_wconf 86' lang='lat' dir='ltr'><strong><em>crescebat</em></strong></span> <span class='ocrx_word' id='word_1_80' title='bbox 1188 976 1217 1024; x_wconf 92' lang='lat' dir='ltr'><strong><em>in</em></strong></span> <span class='ocrx_word' id='word_1_81' title='bbox 1234 976 1337 1026; x_wconf 76' lang='lat' dir='ltr'><strong><em>Arabia</em></strong></span> <span class='ocrx_word' id='word_1_82' title='bbox 1349 980 1377 1027; x_wconf 88' lang='lat' dir='ltr'><strong><em>et</em></strong></span> <span class='ocrx_word' id='word_1_83' title='bbox 1392 975 1494 1039; x_wconf 82' lang='lat' dir='ltr'><strong><em>Syria:</em></strong></span> 
     </span>
     <span class='ocr_line' id='line_1_8' title="bbox 166 1062 1494 1147; baseline 0 -34"><span class='ocrx_word' id='word_1_84' title='bbox 166 1066 272 1114; x_wconf 73' lang='lat' dir='ltr'><strong><em>necrus</em></strong></span> <span class='ocrx_word' id='word_1_85' title='bbox 286 1063 417 1115; x_wconf 81' lang='lat' dir='ltr'><strong><em>Calamus</em></strong></span> <span class='ocrx_word' id='word_1_86' title='bbox 431 1063 465 1113; x_wconf 87' lang='lat' dir='ltr'><strong><em>L.</em></strong></span> <span class='ocrx_word' id='word_1_87' title='bbox 479 1090 515 1099; x_wconf 93' lang='lat'><em>-</em></span> <span class='ocrx_word' id='word_1_88' title='bbox 529 1070 591 1147; x_wconf 67' lang='grc' dir='ltr'><strong><em>,Τῐρ</em></strong></span> <span class='ocrx_word' id='word_1_89' title='bbox 608 1063 657 1113; x_wconf 89' lang='lat' dir='ltr'><strong><em>Ez.</em></strong></span> <span class='ocrx_word' id='word_1_90' title='bbox 671 1063 753 1123; x_wconf 75' lang='lat' dir='ltr'><strong><em>tl‚l9</em></strong></span> <span class='ocrx_word' id='word_1_91' title='bbox 768 1076 803 1114; x_wconf 81' lang='lat' dir='ltr'><strong><em>ex</em></strong></span> <span class='ocrx_word' id='word_1_92' title='bbox 819 1063 922 1113; x_wconf 81' lang='lat' dir='ltr'><strong><em>Arabia</em></strong></span> <span class='ocrx_word' id='word_1_93' title='bbox 937 1062 1083 1125; x_wconf 81' lang='lat' dir='ltr'><strong><em>petebatur</em></strong></span> <span class='ocrx_word' id='word_1_94' title='bbox 1099 1077 1105 1111; x_wconf 93' lang='lat'>:</span> <span class='ocrx_word' id='word_1_95' title='bbox 1125 1063 1200 1127; x_wconf 78' lang='lat' dir='ltr'><strong><em>Vulp.</em></strong></span> <span class='ocrx_word' id='word_1_96' title='bbox 1219 1064 1300 1127; x_wconf 71' lang='lat' dir='ltr'><strong><em>torp.</em></strong></span> <span class='ocrx_word' id='word_1_97' title='bbox 1316 1066 1380 1127; x_wconf 78' lang='lat' dir='ltr'><strong><em>Syr.</em></strong></span> <span class='ocrx_word' id='word_1_98' title='bbox 1397 1067 1494 1124; x_wconf 80' lang='lat' dir='ltr'><strong><em>cassia,</em></strong></span> 
     </span>
     <span class='ocr_line' id='line_1_9' title="bbox 165 1146 1495 1218; baseline -0.005 -15"><span class='ocrx_word' id='word_1_99' title='bbox 165 1151 215 1203; x_wconf 88' lang='lat' dir='ltr'><strong><em>sed</em></strong></span> <span class='ocrx_word' id='word_1_100' title='bbox 232 1153 296 1201; x_wconf 72' lang='lat' dir='ltr'><strong><em>tri</em></strong></span> <span class='ocrx_word' id='word_1_101' title='bbox 310 1146 372 1218; x_wconf 77' lang='grc' dir='ltr'><strong>ἶρις,</strong></span> <span class='ocrx_word' id='word_1_102' title='bbox 394 1152 582 1215; x_wconf 65' lang='lat' dir='ltr'><strong><em>intendite.</em></strong></span> <span class='ocrx_word' id='word_1_103' title='bbox 600 1152 683 1213; x_wconf 76' lang='lat' dir='ltr'><strong><em>27,i9</em></strong></span> <span class='ocrx_word' id='word_1_104' title='bbox 703 1159 795 1201; x_wconf 78' lang='lat' dir='ltr'><strong><em>stacte.</em></strong></span> <span class='ocrx_word' id='word_1_105' title='bbox 813 1177 845 1187; x_wconf 94' lang='lat'>-</span> <span class='ocrx_word' id='word_1_106' title='bbox 862 1151 913 1201; x_wconf 81' lang='lat'><strong><em>500</em></strong></span> <span class='ocrx_word' id='word_1_107' title='bbox 932 1151 992 1201; x_wconf 89' lang='lat' dir='ltr'><strong><em>sicii</em></strong></span> <span class='ocrx_word' id='word_1_108' title='bbox 1007 1172 1043 1194; x_wconf 96' lang='lat'>=</span> <span class='ocrx_word' id='word_1_109' title='bbox 1056 1150 1135 1202; x_wconf 79' lang='lat'><strong>7¹275</strong></span> <span class='ocrx_word' id='word_1_110' title='bbox 1153 1152 1254 1217; x_wconf 87' lang='lat' dir='ltr'><strong><em>kilogr.</em></strong></span> <span class='ocrx_word' id='word_1_111' title='bbox 1269 1180 1305 1190; x_wconf 97' lang='lat'><em>-</em></span> <span class='ocrx_word' id='word_1_112' title='bbox 1319 1153 1370 1203; x_wconf 75' lang='lat'><strong><em>250</em></strong></span> <span class='ocrx_word' id='word_1_113' title='bbox 1387 1152 1448 1203; x_wconf 82' lang='lat' dir='ltr'><strong>siclt</strong></span> <span class='ocrx_word' id='word_1_114' title='bbox 1464 1174 1495 1197; x_wconf 93' lang='lat'><strong><em>=</em></strong></span> 
     </span>
     <span class='ocr_line' id='line_1_10' title="bbox 166 1240 1494 1305; baseline 0 -14"><span class='ocrx_word' id='word_1_115' title='bbox 166 1240 247 1291; x_wconf 80' lang='grc'>3-637</span> <span class='ocrx_word' id='word_1_116' title='bbox 262 1242 364 1304; x_wconf 80' lang='lat' dir='ltr'><strong><em>kiiogr.</em></strong></span> <span class='ocrx_word' id='word_1_117' title='bbox 379 1241 471 1291; x_wconf 88' lang='lat' dir='ltr'><strong><em>—De</em></strong></span> <span class='ocrx_word' id='word_1_118' title='bbox 486 1240 550 1302; x_wconf 80' lang='lat' dir='ltr'><strong><em>din,</em></strong></span> <span class='ocrx_word' id='word_1_119' title='bbox 565 1253 637 1304; x_wconf 87' lang='lat' dir='ltr'><strong><em>quae</em></strong></span> <span class='ocrx_word' id='word_1_120' title='bbox 655 1252 787 1290; x_wconf 86' lang='lat' dir='ltr'><strong><em>mensura</em></strong></span> <span class='ocrx_word' id='word_1_121' title='bbox 805 1243 849 1290; x_wconf 87' lang='lat' dir='ltr'><strong><em>est</em></strong></span> <span class='ocrx_word' id='word_1_122' title='bbox 862 1241 979 1303; x_wconf 81' lang='lat' dir='ltr'><strong><em>originis</em></strong></span> <span class='ocrx_word' id='word_1_123' title='bbox 994 1242 1174 1304; x_wconf 57' lang='lat' dir='ltr'><strong><em>aegiptiacae</em></strong></span> <span class='ocrx_word' id='word_1_124' title='bbox 1193 1246 1221 1292; x_wconf 91' lang='lat' dir='ltr'><strong><em>et</em></strong></span> <span class='ocrx_word' id='word_1_125' title='bbox 1234 1244 1337 1305; x_wconf 82' lang='lat' dir='ltr'><strong><em>aequat</em></strong></span> <span class='ocrx_word' id='word_1_126' title='bbox 1358 1240 1423 1293; x_wconf 76' lang='lat' dir='ltr'><strong><em>cla</em></strong></span> <span class='ocrx_word' id='word_1_127' title='bbox 1442 1242 1494 1301; x_wconf 81' lang='lat' dir='ltr'><strong><em>lit,</em></strong></span> 
     </span>
     <span class='ocr_line' id='line_1_11' title="bbox 166 1328 309 1389; baseline 0 -10"><span class='ocrx_word' id='word_1_128' title='bbox 166 1330 200 1379; x_wconf 76' lang='lat' dir='ltr'><strong><em>ci,</em></strong></span> <span class='ocrx_word' id='word_1_129' title='bbox 218 1328 309 1389; x_wconf 64' lang='lat' dir='ltr'><strong><em>‘tadu</em></strong></span> 
     </span>
    </p>
   </div>
   <div class='ocr_carea' id='block_1_3' title="bbox 162 1493 1496 4458">
    <p class='ocr_par' dir='ltr' id='par_1_3' title="bbox 162 1493 1496 4458">
     <span class='ocr_line' id='line_1_12' title="bbox 209 1493 1496 1584; baseline 0.002 -23"><span class='ocrx_word' id='word_1_130' title='bbox 209 1518 242 1561; x_wconf 90' lang='lat' dir='ltr'><strong><em>v.</em></strong></span> <span class='ocrx_word' id='word_1_131' title='bbox 266 1502 308 1561; x_wconf 75' lang='lat'><strong><em>26</em></strong></span> <span class='ocrx_word' id='word_1_132' title='bbox 330 1522 346 1557; x_wconf 89' lang='lat'>«</span> <span class='ocrx_word' id='word_1_133' title='bbox 367 1497 411 1561; x_wconf 81' lang='lat' dir='ltr'><strong><em>Et</em></strong></span> <span class='ocrx_word' id='word_1_134' title='bbox 436 1516 544 1584; x_wconf 77' lang='lat' dir='ltr'><strong><em>aupes</em></strong></span> <span class='ocrx_word' id='word_1_135' title='bbox 568 1517 610 1562; x_wconf 75' lang='lat' dir='ltr'><strong><em>esc</em></strong></span> <span class='ocrx_word' id='word_1_136' title='bbox 630 1517 668 1561; x_wconf 88' lang='lat' dir='ltr'><strong><em>co</em></strong></span> <span class='ocrx_word' id='word_1_137' title='bbox 691 1493 948 1561; x_wconf 68' lang='lat' dir='ltr'><strong><em>tabernaculum</em></strong></span> <span class='ocrx_word' id='word_1_138' title='bbox 971 1494 1174 1576; x_wconf 83' lang='lat' dir='ltr'><strong><em>testimonii,</em></strong></span> <span class='ocrx_word' id='word_1_139' title='bbox 1198 1507 1231 1561; x_wconf 88' lang='lat' dir='ltr'><strong><em>et</em></strong></span> <span class='ocrx_word' id='word_1_140' title='bbox 1249 1518 1366 1563; x_wconf 83' lang='lat' dir='ltr'><strong><em>arcam</em></strong></span> <span class='ocrx_word' id='word_1_141' title='bbox 1390 1508 1496 1564; x_wconf 88' lang='lat' dir='ltr'><strong><em>testo·</em></strong></span> 
     </span>
     <span class='ocr_line' id='line_1_13' title="bbox 166 1600 1495 1691; baseline 0.002 -24"><span class='ocrx_word' id='word_1_142' title='bbox 166 1600 271 1668; x_wconf 88' lang='lat' dir='ltr'><strong><em>ment-i</em></strong></span> <span class='ocrx_word' id='word_1_143' title='bbox 288 1630 316 1683; x_wconf 76' lang='lat' dir='ltr'><strong><em>n,</em></strong></span> <span class='ocrx_word' id='word_1_144' title='bbox 332 1624 364 1667; x_wconf 87' lang='lat' dir='ltr'><strong><em>v.</em></strong></span> <span class='ocrx_word' id='word_1_145' title='bbox 383 1608 425 1667; x_wconf 65' lang='grc' dir='ltr'>Ἠ</span> <span class='ocrx_word' id='word_1_146' title='bbox 442 1629 458 1661; x_wconf 83' lang='grc'>«</span> <span class='ocrx_word' id='word_1_147' title='bbox 480 1622 699 1691; x_wconf 77' lang='lat' dir='ltr'><strong><em>mensamque</em></strong></span> <span class='ocrx_word' id='word_1_148' title='bbox 715 1623 794 1668; x_wconf 86' lang='lat' dir='ltr'><strong><em>cum</em></strong></span> <span class='ocrx_word' id='word_1_149' title='bbox 809 1601 899 1667; x_wconf 86' lang='lat' dir='ltr'><strong><em>casis</em></strong></span> <span class='ocrx_word' id='word_1_150' title='bbox 914 1601 1000 1685; x_wconf 86' lang='lat' dir='ltr'><strong><em>suis,</em></strong></span> <span class='ocrx_word' id='word_1_151' title='bbox 1019 1600 1265 1669; x_wconf 80' lang='lat' dir='ltr'><strong><em>candelabrum</em></strong></span> <span class='ocrx_word' id='word_1_152' title='bbox 1279 1614 1312 1668; x_wconf 90' lang='lat' dir='ltr'><strong><em>et</em></strong></span> <span class='ocrx_word' id='word_1_153' title='bbox 1332 1604 1495 1670; x_wconf 79' lang='lat' dir='ltr'><strong><em>utensilia</em></strong></span> 
     </span>
     <span class='ocr_line' id='line_1_14' title="bbox 165 1707 1495 1800; baseline 0.002 -27"><span class='ocrx_word' id='word_1_154' title='bbox 165 1708 252 1794; x_wconf 88' lang='lat' dir='ltr'><strong><em>eins,</em></strong></span> <span class='ocrx_word' id='word_1_155' title='bbox 270 1707 398 1775; x_wconf 79' lang='lat' dir='ltr'><strong><em>altaria</em></strong></span> <span class='ocrx_word' id='word_1_156' title='bbox 412 1707 649 1796; x_wconf 78' lang='lat' dir='ltr'><strong><em>thymiamatis</em></strong></span> <span class='ocrx_word' id='word_1_157' title='bbox 665 1734 681 1768; x_wconf 81' lang='lat' dir='ltr'><strong><em>o</em></strong></span> <span class='ocrx_word' id='word_1_158' title='bbox 698 1730 731 1773; x_wconf 90' lang='lat' dir='ltr'><strong><em>v.</em></strong></span> <span class='ocrx_word' id='word_1_159' title='bbox 749 1714 792 1774; x_wconf 73' lang='lat'><strong><em>28</em></strong></span> <span class='ocrx_word' id='word_1_160' title='bbox 810 1736 825 1769; x_wconf 93' lang='lat'>«</span> <span class='ocrx_word' id='word_1_161' title='bbox 841 1721 874 1773; x_wconf 88' lang='lat' dir='ltr'><strong><em>ct</em></strong></span> <span class='ocrx_word' id='word_1_162' title='bbox 888 1707 1103 1789; x_wconf 72' lang='lat' dir='ltr'><strong><em>holocausti,</em></strong></span> <span class='ocrx_word' id='word_1_163' title='bbox 1120 1721 1152 1774; x_wconf 89' lang='lat' dir='ltr'><strong><em>et</em></strong></span> <span class='ocrx_word' id='word_1_164' title='bbox 1166 1708 1362 1775; x_wconf 78' lang='lat' dir='ltr'><strong><em>circium-sam</em></strong></span> <span class='ocrx_word' id='word_1_165' title='bbox 1379 1710 1495 1800; x_wconf 81' lang='lat' dir='ltr'><strong><em>supel-</em></strong></span> 
     </span>
     <span class='ocr_line' id='line_1_15' title="bbox 166 1813 1495 1903; baseline -0.001 -21"><span class='ocrx_word' id='word_1_166' title='bbox 166 1814 325 1895; x_wconf 82' lang='lat' dir='ltr'><strong><em>lectilem,</em></strong></span> <span class='ocrx_word' id='word_1_167' title='bbox 347 1837 432 1903; x_wconf 75' lang='lat' dir='ltr'><strong><em>pocae</em></strong></span> <span class='ocrx_word' id='word_1_168' title='bbox 451 1814 499 1880; x_wconf 87' lang='lat' dir='ltr'><strong><em>acl</em></strong></span> <span class='ocrx_word' id='word_1_169' title='bbox 525 1814 654 1881; x_wconf 76' lang='lat' dir='ltr'><strong><em>ccultum</em></strong></span> <span class='ocrx_word' id='word_1_170' title='bbox 681 1836 798 1880; x_wconf 84' lang='lat' dir='ltr'><strong><em>eorum</em></strong></span> <span class='ocrx_word' id='word_1_171' title='bbox 812 1813 965 1903; x_wconf 82' lang='lat' dir='ltr'><strong><em>pertinet</em></strong></span> <span class='ocrx_word' id='word_1_172' title='bbox 987 1842 1017 1897; x_wconf 79' lang='lat' dir='ltr'><strong><em>o,</em></strong></span> <span class='ocrx_word' id='word_1_173' title='bbox 1045 1827 1078 1881; x_wconf 89' lang='lat' dir='ltr'><strong><em>et</em></strong></span> <span class='ocrx_word' id='word_1_174' title='bbox 1098 1814 1232 1881; x_wconf 86' lang='lat' dir='ltr'><strong><em>ladrum</em></strong></span> <span class='ocrx_word' id='word_1_175' title='bbox 1255 1826 1288 1881; x_wconf 89' lang='lat' dir='ltr'><strong><em>et</em></strong></span> <span class='ocrx_word' id='word_1_176' title='bbox 1305 1816 1402 1881; x_wconf 86' lang='lat' dir='ltr'><strong><em>basin</em></strong></span> <span class='ocrx_word' id='word_1_177' title='bbox 1423 1816 1495 1883; x_wconf 85' lang='lat' dir='ltr'><strong><em>eius</em></strong></span> 
     </span>
     <span class='ocr_line' id='line_1_16' title="bbox 166 1920 1492 2011; baseline -0.004 -23"><span class='ocrx_word' id='word_1_178' title='bbox 166 1922 221 2011; x_wconf 84' lang='lat' dir='ltr'><strong><em>(ci.</em></strong></span> <span class='ocrx_word' id='word_1_179' title='bbox 236 1922 363 2009; x_wconf 70' lang='lat' dir='ltr'><strong><em>tall).</em></strong></span> <span class='ocrx_word' id='word_1_180' title='bbox 377 1944 410 1989; x_wconf 89' lang='lat' dir='ltr'><strong><em>v.</em></strong></span> <span class='ocrx_word' id='word_1_181' title='bbox 424 1927 466 1986; x_wconf 70' lang='lat'><strong><em>29</em></strong></span> <span class='ocrx_word' id='word_1_182' title='bbox 481 1948 498 1981; x_wconf 73' lang='lat' dir='ltr'><strong><em>a</em></strong></span> <span class='ocrx_word' id='word_1_183' title='bbox 508 1920 813 2010; x_wconf 84' lang='lat' dir='ltr'><strong><em>Sanctificadisque</em></strong></span> <span class='ocrx_word' id='word_1_184' title='bbox 824 1920 941 1987; x_wconf 88' lang='lat' dir='ltr'><strong><em>omnia</em></strong></span> <span class='ocrx_word' id='word_1_185' title='bbox 948 1974 957 2005; x_wconf 89' lang='lat'><strong><em>,</em></strong></span> <span class='ocrx_word' id='word_1_186' title='bbox 972 1933 1004 1987; x_wconf 89' lang='lat' dir='ltr'><strong><em>et</em></strong></span> <span class='ocrx_word' id='word_1_187' title='bbox 1014 1934 1114 1987; x_wconf 84' lang='lat' dir='ltr'><strong><em>erunt</em></strong></span> <span class='ocrx_word' id='word_1_188' title='bbox 1124 1932 1447 1988; x_wconf 77' lang='lat' dir='ltr'><strong><em>sanctasanctorum</em></strong></span> <span class='ocrx_word' id='word_1_189' title='bbox 1463 1950 1492 2003; x_wconf 87' lang='lat'><strong><em>»,</em></strong></span> 
     </span>
     <span class='ocr_line' id='line_1_17' title="bbox 165 2026 1492 2124; baseline -0.005 -29"><span class='ocrx_word' id='word_1_190' title='bbox 165 2028 264 2095; x_wconf 89' lang='lat' dir='ltr'><strong><em>valde</em></strong></span> <span class='ocrx_word' id='word_1_191' title='bbox 283 2032 399 2096; x_wconf 88' lang='lat' dir='ltr'><strong><em>saneta</em></strong></span> <span class='ocrx_word' id='word_1_192' title='bbox 420 2028 473 2113; x_wconf 85' lang='lat' dir='ltr'><strong><em>(ci.</em></strong></span> <span class='ocrx_word' id='word_1_193' title='bbox 496 2034 614 2109; x_wconf 72' lang='lat' dir='ltr'><strong><em>29,3&#39;l;</em></strong></span> <span class='ocrx_word' id='word_1_194' title='bbox 637 2031 766 2116; x_wconf 63' lang='lat' dir='ltr'><strong><em>addc).</em></strong></span> <span class='ocrx_word' id='word_1_195' title='bbox 796 2056 810 2087; x_wconf 76' lang='grc' dir='ltr'>α</span> <span class='ocrx_word' id='word_1_196' title='bbox 835 2026 904 2109; x_wconf 84' lang='lat' dir='ltr'><strong><em>Qui</em></strong></span> <span class='ocrx_word' id='word_1_197' title='bbox 923 2026 1075 2115; x_wconf 60' lang='lat' dir='ltr'><strong><em>tetigerit</em></strong></span> <span class='ocrx_word' id='word_1_198' title='bbox 1100 2049 1141 2094; x_wconf 87' lang='lat' dir='ltr'><strong><em>ea</em></strong></span> <span class='ocrx_word' id='word_1_199' title='bbox 1163 2027 1440 2124; x_wconf 74' lang='lat' dir='ltr'><strong><em>sanctificabitur</em></strong></span> <span class='ocrx_word' id='word_1_200' title='bbox 1462 2058 1492 2112; x_wconf 69' lang='lat' dir='ltr'><strong><em>a,</em></strong></span> 
     </span>
     <span class='ocr_line' id='line_1_18' title="bbox 164 2132 1494 2224; baseline -0.002 -21"><span class='ocrx_word' id='word_1_201' title='bbox 164 2141 302 2203; x_wconf 85' lang='lat' dir='ltr'><strong><em>sanctus</em></strong></span> <span class='ocrx_word' id='word_1_202' title='bbox 316 2136 396 2215; x_wconf 87' lang='lat' dir='ltr'><strong><em>erit,</em></strong></span> <span class='ocrx_word' id='word_1_203' title='bbox 413 2132 552 2201; x_wconf 91' lang='lat' dir='ltr'><strong><em>nonnisi</em></strong></span> <span class='ocrx_word' id='word_1_204' title='bbox 571 2133 661 2199; x_wconf 86' lang='lat' dir='ltr'><strong><em>lotus</em></strong></span> <span class='ocrx_word' id='word_1_205' title='bbox 675 2132 720 2200; x_wconf 90' lang='lat' dir='ltr'><strong><em>ad</em></strong></span> <span class='ocrx_word' id='word_1_206' title='bbox 736 2133 842 2200; x_wconf 89' lang='lat' dir='ltr'><strong><em>vitam</em></strong></span> <span class='ocrx_word' id='word_1_207' title='bbox 857 2134 1036 2222; x_wconf 85' lang='lat' dir='ltr'><strong><em>profanam</em></strong></span> <span class='ocrx_word' id='word_1_208' title='bbox 1053 2134 1181 2201; x_wconf 77' lang='lat' dir='ltr'><strong><em>redibit</em></strong></span> <span class='ocrx_word' id='word_1_209' title='bbox 1204 2154 1211 2200; x_wconf 92' lang='lat'>:</span> <span class='ocrx_word' id='word_1_210' title='bbox 1230 2134 1273 2202; x_wconf 85' lang='lat' dir='ltr'><strong><em>cf.</em></strong></span> <span class='ocrx_word' id='word_1_211' title='bbox 1296 2157 1383 2224; x_wconf 87' lang='lat' dir='ltr'><strong><em>quae</em></strong></span> <span class='ocrx_word' id='word_1_212' title='bbox 1395 2134 1494 2202; x_wconf 89' lang='lat' dir='ltr'><strong><em>dice-</em></strong></span> 
     </span>
     <span class='ocr_line' id='line_1_19' title="bbox 165 2239 1493 2323; baseline 0 -16"><span class='ocrx_word' id='word_1_213' title='bbox 165 2240 286 2307; x_wconf 90' lang='lat' dir='ltr'><strong><em>bamus</em></strong></span> <span class='ocrx_word' id='word_1_214' title='bbox 319 2239 362 2307; x_wconf 92' lang='lat' dir='ltr'><strong><em>ad</em></strong></span> <span class='ocrx_word' id='word_1_215' title='bbox 400 2246 514 2323; x_wconf 57' lang='lat'><strong>2937.</strong></span> <span class='ocrx_word' id='word_1_216' title='bbox 547 2240 663 2307; x_wconf 72' lang='lat' dir='ltr'><strong><em>altare</em></strong></span> <span class='ocrx_word' id='word_1_217' title='bbox 693 2239 882 2307; x_wconf 86' lang='lat' dir='ltr'><strong><em>sanctificat</em></strong></span> <span class='ocrx_word' id='word_1_218' title='bbox 915 2240 1086 2321; x_wconf 79' lang='lat' dir='ltr'><strong><em>victimae,</em></strong></span> <span class='ocrx_word' id='word_1_219' title='bbox 1120 2239 1260 2307; x_wconf 89' lang='lat' dir='ltr'><strong><em>labrum</em></strong></span> <span class='ocrx_word' id='word_1_220' title='bbox 1303 2241 1493 2309; x_wconf 89' lang='lat' dir='ltr'><strong><em>sanctificat</em></strong></span> 
     </span>
     <span class='ocr_line' id='line_1_20' title="bbox 165 2347 1490 2438; baseline 0.001 -25"><span class='ocrx_word' id='word_1_221' title='bbox 165 2370 291 2437; x_wconf 88' lang='lat' dir='ltr'><strong><em>aquam</em></strong></span> <span class='ocrx_word' id='word_1_222' title='bbox 304 2354 386 2425; x_wconf 86' lang='lat' dir='ltr'><strong><em>etc.;</em></strong></span> <span class='ocrx_word' id='word_1_223' title='bbox 401 2347 486 2414; x_wconf 90' lang='lat' dir='ltr'><strong><em>haec</em></strong></span> <span class='ocrx_word' id='word_1_224' title='bbox 500 2369 582 2413; x_wconf 88' lang='lat' dir='ltr'><strong><em>vero</em></strong></span> <span class='ocrx_word' id='word_1_225' title='bbox 597 2348 713 2413; x_wconf 89' lang='lat' dir='ltr'><strong><em>omnia</em></strong></span> <span class='ocrx_word' id='word_1_226' title='bbox 730 2348 989 2413; x_wconf 88' lang='lat' dir='ltr'><strong><em>sanctificantur</em></strong></span> <span class='ocrx_word' id='word_1_227' title='bbox 1003 2347 1080 2414; x_wconf 90' lang='lat' dir='ltr'><strong><em>cleo</em></strong></span> <span class='ocrx_word' id='word_1_228' title='bbox 1097 2347 1226 2437; x_wconf 80' lang='lat' dir='ltr'><strong><em>(Gai.);</em></strong></span> <span class='ocrx_word' id='word_1_229' title='bbox 1243 2347 1358 2414; x_wconf 89' lang='lat' dir='ltr'><strong><em>oleum</em></strong></span> <span class='ocrx_word' id='word_1_230' title='bbox 1377 2348 1490 2438; x_wconf 89' lang='lat' dir='ltr'><strong><em>ipsum</em></strong></span> 
     </span>
     <span class='ocr_line' id='line_1_21' title="bbox 165 2452 1493 2543; baseline 0 -22"><span class='ocrx_word' id='word_1_231' title='bbox 165 2453 395 2521; x_wconf 88' lang='lat' dir='ltr'><strong><em>sanctificatur</em></strong></span> <span class='ocrx_word' id='word_1_232' title='bbox 410 2475 467 2536; x_wconf 88' lang='lat' dir='ltr'><strong><em>eo,</em></strong></span> <span class='ocrx_word' id='word_1_233' title='bbox 484 2452 578 2543; x_wconf 92' lang='lat' dir='ltr'><strong><em>quod</em></strong></span> <span class='ocrx_word' id='word_1_234' title='bbox 597 2452 670 2520; x_wconf 88' lang='lat' dir='ltr'><strong><em>eius</em></strong></span> <span class='ocrx_word' id='word_1_235' title='bbox 688 2453 889 2542; x_wconf 83' lang='lat' dir='ltr'><strong><em>compositio</em></strong></span> <span class='ocrx_word' id='word_1_236' title='bbox 904 2453 1011 2521; x_wconf 90' lang='lat' dir='ltr'><strong><em>cultui</em></strong></span> <span class='ocrx_word' id='word_1_237' title='bbox 1030 2452 1148 2520; x_wconf 92' lang='lat' dir='ltr'><strong><em>divino</em></strong></span> <span class='ocrx_word' id='word_1_238' title='bbox 1169 2460 1374 2521; x_wconf 89' lang='lat' dir='ltr'><strong><em>reservetur.</em></strong></span> <span class='ocrx_word' id='word_1_239' title='bbox 1399 2478 1430 2521; x_wconf 93' lang='lat' dir='ltr'><strong><em>v.</em></strong></span> <span class='ocrx_word' id='word_1_240' title='bbox 1452 2462 1493 2521; x_wconf 83' lang='lat'><strong><em>30</em></strong></span> 
     </span>
     <span class='ocr_line' id='line_1_22' title="bbox 169 2560 1495 2649; baseline 0.005 -28"><span class='ocrx_word' id='word_1_241' title='bbox 169 2587 185 2621; x_wconf 77' lang='lat' dir='ltr'><strong><em>a</em></strong></span> <span class='ocrx_word' id='word_1_242' title='bbox 201 2562 317 2627; x_wconf 85' lang='lat' dir='ltr'><strong><em>Aaron</em></strong></span> <span class='ocrx_word' id='word_1_243' title='bbox 327 2573 360 2627; x_wconf 91' lang='lat' dir='ltr'><strong><em>et</em></strong></span> <span class='ocrx_word' id='word_1_244' title='bbox 369 2560 463 2649; x_wconf 67' lang='lat' dir='ltr'><strong><em>lilios</em></strong></span> <span class='ocrx_word' id='word_1_245' title='bbox 475 2561 546 2626; x_wconf 84' lang='lat' dir='ltr'><strong><em>eins</em></strong></span> <span class='ocrx_word' id='word_1_246' title='bbox 559 2582 683 2649; x_wconf 79' lang='lat' dir='ltr'><strong><em>aupes,</em></strong></span> <span class='ocrx_word' id='word_1_247' title='bbox 695 2560 989 2649; x_wconf 77' lang='lat' dir='ltr'><strong><em>sanctificabisque</em></strong></span> <span class='ocrx_word' id='word_1_248' title='bbox 1004 2582 1070 2643; x_wconf 87' lang='lat' dir='ltr'><strong><em>eos,</em></strong></span> <span class='ocrx_word' id='word_1_249' title='bbox 1086 2560 1322 2627; x_wconf 84' lang='lat' dir='ltr'><strong><em>ntsacerdotio</em></strong></span> <span class='ocrx_word' id='word_1_250' title='bbox 1339 2561 1495 2649; x_wconf 74' lang='lat' dir='ltr'><strong><em>[unqen-</em></strong></span> 
     </span>
     <span class='ocr_line' id='line_1_23' title="bbox 167 2665 1495 2756; baseline 0.002 -24"><span class='ocrx_word' id='word_1_251' title='bbox 167 2666 318 2733; x_wconf 81' lang='lat' dir='ltr'><strong><em>turmilci</em></strong></span> <span class='ocrx_word' id='word_1_252' title='bbox 330 2694 360 2734; x_wconf 85' lang='lat'><strong><em>».</em></strong></span> <span class='ocrx_word' id='word_1_253' title='bbox 374 2690 406 2734; x_wconf 93' lang='lat' dir='ltr'><strong><em>v.</em></strong></span> <span class='ocrx_word' id='word_1_254' title='bbox 423 2674 463 2735; x_wconf 84' lang='lat'><strong><em>31</em></strong></span> <span class='ocrx_word' id='word_1_255' title='bbox 478 2694 495 2727; x_wconf 94' lang='lat'>«</span> <span class='ocrx_word' id='word_1_256' title='bbox 506 2665 604 2733; x_wconf 85' lang='lat' dir='ltr'><strong><em>Filic&#39;s</em></strong></span> <span class='ocrx_word' id='word_1_257' title='bbox 616 2688 750 2756; x_wconf 81' lang='lat' dir='ltr'><strong><em>quoque</em></strong></span> <span class='ocrx_word' id='word_1_258' title='bbox 761 2666 869 2733; x_wconf 85' lang='lat' dir='ltr'><strong><em>lsrael</em></strong></span> <span class='ocrx_word' id='word_1_259' title='bbox 878 2666 969 2733; x_wconf 86' lang='lat' dir='ltr'><strong><em>dices</em></strong></span> <span class='ocrx_word' id='word_1_260' title='bbox 979 2688 991 2732; x_wconf 95' lang='grc'><strong><em>.·</em></strong></span> <span class='ocrx_word' id='word_1_261' title='bbox 1002 2668 1075 2732; x_wconf 90' lang='lat' dir='ltr'><strong><em>Hoc</em></strong></span> <span class='ocrx_word' id='word_1_262' title='bbox 1086 2666 1200 2734; x_wconf 75' lang='lat' dir='ltr'><strong><em>oletum</em></strong></span> <span class='ocrx_word' id='word_1_263' title='bbox 1213 2667 1382 2733; x_wconf 83' lang='lat' dir='ltr'><strong><em>unctionis</em></strong></span> <span class='ocrx_word' id='word_1_264' title='bbox 1395 2690 1495 2734; x_wconf 87' lang='lat' dir='ltr'><strong><em>sanc-</em></strong></span> 
     </span>
     <span class='ocr_line' id='line_1_24' title="bbox 167 2771 1493 2862; baseline 0 -24"><span class='ocrx_word' id='word_1_265' title='bbox 167 2784 239 2839; x_wconf 88' lang='lat' dir='ltr'><strong><em>tum</em></strong></span> <span class='ocrx_word' id='word_1_266' title='bbox 253 2774 317 2839; x_wconf 81' lang='lat' dir='ltr'><strong><em>erit</em></strong></span> <span class='ocrx_word' id='word_1_267' title='bbox 330 2772 418 2839; x_wconf 83' lang='lat' dir='ltr'><strong><em>milti</em></strong></span> <span class='ocrx_word' id='word_1_268' title='bbox 429 2775 465 2838; x_wconf 88' lang='lat' dir='ltr'><strong><em>in</em></strong></span> <span class='ocrx_word' id='word_1_269' title='bbox 478 2772 715 2862; x_wconf 72' lang='lat' dir='ltr'><strong><em>pancratiastas</em></strong></span> <span class='ocrx_word' id='word_1_270' title='bbox 731 2785 858 2839; x_wconf 82' lang='lat' dir='ltr'><strong><em>cestros</em></strong></span> <span class='ocrx_word' id='word_1_271' title='bbox 875 2800 891 2832; x_wconf 79' lang='lat' dir='ltr'><strong><em>n</em></strong></span> <span class='ocrx_word' id='word_1_272' title='bbox 903 2825 911 2853; x_wconf 90' lang='lat'><strong><em>,</em></strong></span> <span class='ocrx_word' id='word_1_273' title='bbox 925 2771 1155 2839; x_wconf 80' lang='lat' dir='ltr'><strong><em>reservabitur</em></strong></span> <span class='ocrx_word' id='word_1_274' title='bbox 1169 2795 1245 2839; x_wconf 91' lang='lat' dir='ltr'><strong><em>meo</em></strong></span> <span class='ocrx_word' id='word_1_275' title='bbox 1260 2772 1380 2840; x_wconf 89' lang='lat' dir='ltr'><strong><em>cultui.</em></strong></span> <span class='ocrx_word' id='word_1_276' title='bbox 1398 2795 1430 2841; x_wconf 79' lang='grc' dir='ltr'><strong><em>ν.</em></strong></span> <span class='ocrx_word' id='word_1_277' title='bbox 1449 2779 1493 2839; x_wconf 76' lang='lat'><strong><em>32</em></strong></span> 
     </span>
     <span class='ocr_line' id='line_1_25' title="bbox 168 2877 1493 2969; baseline -0.002 -23"><span class='ocrx_word' id='word_1_278' title='bbox 168 2906 184 2940; x_wconf 78' lang='lat' dir='ltr'><strong><em>a</em></strong></span> <span class='ocrx_word' id='word_1_279' title='bbox 204 2882 291 2947; x_wconf 78' lang='lat' dir='ltr'><strong><em>Caco</em></strong></span> <span class='ocrx_word' id='word_1_280' title='bbox 311 2879 459 2945; x_wconf 81' lang='lat' dir='ltr'><strong><em>dominis</em></strong></span> <span class='ocrx_word' id='word_1_281' title='bbox 483 2906 513 2960; x_wconf 82' lang='lat' dir='ltr'><strong><em>u,</em></strong></span> <span class='ocrx_word' id='word_1_282' title='bbox 531 2884 673 2969; x_wconf 85' lang='lat' dir='ltr'><strong><em>excepta</em></strong></span> <span class='ocrx_word' id='word_1_283' title='bbox 686 2877 902 2946; x_wconf 89' lang='lat' dir='ltr'><strong><em>sacerdotum</em></strong></span> <span class='ocrx_word' id='word_1_284' title='bbox 921 2879 1189 2962; x_wconf 86' lang='lat' dir='ltr'><strong><em>consecratione,</em></strong></span> <span class='ocrx_word' id='word_1_285' title='bbox 1213 2908 1229 2941; x_wconf 79' lang='lat' dir='ltr'><strong><em>a</em></strong></span> <span class='ocrx_word' id='word_1_286' title='bbox 1248 2902 1319 2945; x_wconf 89' lang='lat' dir='ltr'><strong><em>non</em></strong></span> <span class='ocrx_word' id='word_1_287' title='bbox 1342 2892 1493 2967; x_wconf 74' lang='lat' dir='ltr'><strong><em>cupetur</em></strong></span> 
     </span>
     <span class='ocr_line' id='line_1_26' title="bbox 166 2984 1492 3075; baseline 0.003 -27"><span class='ocrx_word' id='word_1_288' title='bbox 166 3008 208 3050; x_wconf 82' lang='lat' dir='ltr'><strong><em>ca</em></strong></span> <span class='ocrx_word' id='word_1_289' title='bbox 224 3008 274 3067; x_wconf 85' lang='lat' dir='ltr'><strong><em>eo,</em></strong></span> <span class='ocrx_word' id='word_1_290' title='bbox 300 2997 332 3050; x_wconf 90' lang='lat' dir='ltr'><strong><em>et</em></strong></span> <span class='ocrx_word' id='word_1_291' title='bbox 345 2986 444 3052; x_wconf 76' lang='lat' dir='ltr'><strong><em>iccata</em></strong></span> <span class='ocrx_word' id='word_1_292' title='bbox 458 2984 740 3075; x_wconf 81' lang='lat' dir='ltr'><strong><em>compositionem·</em></strong></span> <span class='ocrx_word' id='word_1_293' title='bbox 750 2984 825 3052; x_wconf 88' lang='lat' dir='ltr'><strong><em>eius</em></strong></span> <span class='ocrx_word' id='word_1_294' title='bbox 838 3008 908 3052; x_wconf 88' lang='lat' dir='ltr'><strong><em>non</em></strong></span> <span class='ocrx_word' id='word_1_295' title='bbox 916 2984 1057 3072; x_wconf 81' lang='lat' dir='ltr'><strong><em>societis</em></strong></span> <span class='ocrx_word' id='word_1_296' title='bbox 1073 2984 1176 3051; x_wconf 85' lang='lat' dir='ltr'><strong><em>aliud</em></strong></span> <span class='ocrx_word' id='word_1_297' title='bbox 1188 3014 1204 3047; x_wconf 90' lang='lat'>»</span> <span class='ocrx_word' id='word_1_298' title='bbox 1226 3006 1234 3052; x_wconf 93' lang='lat'>:</span> <span class='ocrx_word' id='word_1_299' title='bbox 1255 2985 1317 3052; x_wconf 92' lang='lat' dir='ltr'><strong><em>soli</em></strong></span> <span class='ocrx_word' id='word_1_300' title='bbox 1334 2984 1492 3075; x_wconf 89' lang='lat' dir='ltr'><strong><em>pontifici</em></strong></span> 
     </span>
     <span class='ocr_line' id='line_1_27' title="bbox 165 3089 1491 3182; baseline 0 -25"><span class='ocrx_word' id='word_1_301' title='bbox 165 3089 221 3158; x_wconf 84' lang='lat' dir='ltr'><strong><em>vel</em></strong></span> <span class='ocrx_word' id='word_1_302' title='bbox 233 3091 402 3158; x_wconf 84' lang='lat' dir='ltr'><strong><em>sacerdoti</em></strong></span> <span class='ocrx_word' id='word_1_303' title='bbox 413 3092 540 3159; x_wconf 85' lang='lat' dir='ltr'><strong><em>licebat</em></strong></span> <span class='ocrx_word' id='word_1_304' title='bbox 553 3098 768 3178; x_wconf 82' lang='lat' dir='ltr'><strong><em>unguentum</em></strong></span> <span class='ocrx_word' id='word_1_305' title='bbox 782 3091 871 3158; x_wconf 91' lang='lat' dir='ltr'><strong><em>illud</em></strong></span> <span class='ocrx_word' id='word_1_306' title='bbox 883 3112 1107 3180; x_wconf 86' lang='lat' dir='ltr'><strong><em>componere,</em></strong></span> <span class='ocrx_word' id='word_1_307' title='bbox 1122 3095 1155 3158; x_wconf 91' lang='lat' dir='ltr'><strong><em>et</em></strong></span> <span class='ocrx_word' id='word_1_308' title='bbox 1166 3090 1210 3158; x_wconf 90' lang='lat' dir='ltr'><strong><em>ad</em></strong></span> <span class='ocrx_word' id='word_1_309' title='bbox 1222 3092 1332 3159; x_wconf 91' lang='lat' dir='ltr'><strong><em>solum</em></strong></span> <span class='ocrx_word' id='word_1_310' title='bbox 1349 3090 1491 3182; x_wconf 89' lang='lat' dir='ltr'><strong><em>quidem</em></strong></span> 
     </span>
     <span class='ocr_line' id='line_1_28' title="bbox 167 3196 1491 3286; baseline 0.002 -23"><span class='ocrx_word' id='word_1_311' title='bbox 167 3218 265 3264; x_wconf 89' lang='lat' dir='ltr'><strong><em>usum</em></strong></span> <span class='ocrx_word' id='word_1_312' title='bbox 281 3218 426 3278; x_wconf 89' lang='lat' dir='ltr'><strong><em>sacrum,</em></strong></span> <span class='ocrx_word' id='word_1_313' title='bbox 446 3226 462 3259; x_wconf 80' lang='lat' dir='ltr'><strong><em>a</em></strong></span> <span class='ocrx_word' id='word_1_314' title='bbox 479 3198 563 3286; x_wconf 77' lang='lat' dir='ltr'><strong><em>quia</em></strong></span> <span class='ocrx_word' id='word_1_315' title='bbox 578 3198 832 3285; x_wconf 77' lang='lat' dir='ltr'><strong><em>saicctificotum</em></strong></span> <span class='ocrx_word' id='word_1_316' title='bbox 847 3211 898 3265; x_wconf 84' lang='lat' dir='ltr'><strong><em>est</em></strong></span> <span class='ocrx_word' id='word_1_317' title='bbox 912 3224 941 3278; x_wconf 83' lang='lat' dir='ltr'><strong><em>n,</em></strong></span> <span class='ocrx_word' id='word_1_318' title='bbox 959 3196 1062 3264; x_wconf 76' lang='lat' dir='ltr'><strong><em>Hebe.</em></strong></span> <span class='ocrx_word' id='word_1_319' title='bbox 1075 3211 1243 3281; x_wconf 87' lang='lat' dir='ltr'><strong><em>sanctum,</em></strong></span> <span class='ocrx_word' id='word_1_320' title='bbox 1257 3220 1333 3265; x_wconf 90' lang='lat' dir='ltr'><strong><em>meo</em></strong></span> <span class='ocrx_word' id='word_1_321' title='bbox 1345 3197 1423 3265; x_wconf 76' lang='lat' dir='ltr'><strong><em>astri</em></strong></span> <span class='ocrx_word' id='word_1_322' title='bbox 1433 3220 1491 3265; x_wconf 88' lang='lat' dir='ltr'><strong><em>re·</em></strong></span> 
     </span>
     <span class='ocr_line' id='line_1_29' title="bbox 165 3303 1491 3399; baseline 0 -29"><span class='ocrx_word' id='word_1_323' title='bbox 165 3309 354 3386; x_wconf 87' lang='lat' dir='ltr'><strong><em>servatum,</em></strong></span> <span class='ocrx_word' id='word_1_324' title='bbox 380 3332 396 3365; x_wconf 80' lang='lat' dir='ltr'><strong><em>a</em></strong></span> <span class='ocrx_word' id='word_1_325' title='bbox 418 3315 451 3369; x_wconf 87' lang='lat' dir='ltr'><strong><em>et</em></strong></span> <span class='ocrx_word' id='word_1_326' title='bbox 468 3315 625 3399; x_wconf 82' lang='lat' dir='ltr'><strong><em>sanctum</em></strong></span> <span class='ocrx_word' id='word_1_327' title='bbox 643 3304 708 3371; x_wconf 83' lang='lat' dir='ltr'><strong><em>erit</em></strong></span> <span class='ocrx_word' id='word_1_328' title='bbox 727 3306 818 3371; x_wconf 85' lang='lat' dir='ltr'><strong><em>codc&#39;s</em></strong></span> <span class='ocrx_word' id='word_1_329' title='bbox 839 3333 869 3387; x_wconf 73' lang='lat' dir='ltr'><strong><em>a,</em></strong></span> <span class='ocrx_word' id='word_1_330' title='bbox 894 3304 970 3371; x_wconf 87' lang='lat' dir='ltr'><strong><em>aliis</em></strong></span> <span class='ocrx_word' id='word_1_331' title='bbox 988 3304 1107 3372; x_wconf 88' lang='lat' dir='ltr'><strong><em>usibus</em></strong></span> <span class='ocrx_word' id='word_1_332' title='bbox 1125 3326 1193 3371; x_wconf 90' lang='lat' dir='ltr'><strong><em>non</em></strong></span> <span class='ocrx_word' id='word_1_333' title='bbox 1217 3303 1491 3394; x_wconf 88' lang='lat' dir='ltr'><strong><em>impendendum</em></strong></span> 
     </span>
     <span class='ocr_line' id='line_1_30' title="bbox 165 3409 1491 3501; baseline 0 -24"><span class='ocrx_word' id='word_1_334' title='bbox 165 3409 286 3500; x_wconf 70' lang='lat' dir='ltr'><strong><em>(Van).</em></strong></span> <span class='ocrx_word' id='word_1_335' title='bbox 302 3432 335 3477; x_wconf 85' lang='lat' dir='ltr'><strong><em>v.</em></strong></span> <span class='ocrx_word' id='word_1_336' title='bbox 350 3417 391 3478; x_wconf 89' lang='grc'><strong><em>33</em></strong></span> <span class='ocrx_word' id='word_1_337' title='bbox 407 3438 422 3470; x_wconf 87' lang='lat'>«</span> <span class='ocrx_word' id='word_1_338' title='bbox 434 3413 543 3477; x_wconf 89' lang='lat' dir='ltr'><strong><em>Homo</em></strong></span> <span class='ocrx_word' id='word_1_339' title='bbox 559 3410 764 3501; x_wconf 82' lang='lat' dir='ltr'><strong><em>quicumque</em></strong></span> <span class='ocrx_word' id='word_1_340' title='bbox 781 3412 848 3478; x_wconf 88' lang='lat' dir='ltr'><strong><em>tale</em></strong></span> <span class='ocrx_word' id='word_1_341' title='bbox 860 3410 1088 3501; x_wconf 84' lang='lat' dir='ltr'><strong><em>composuerit</em></strong></span> <span class='ocrx_word' id='word_1_342' title='bbox 1099 3438 1129 3491; x_wconf 83' lang='lat' dir='ltr'><strong><em>n,</em></strong></span> <span class='ocrx_word' id='word_1_343' title='bbox 1145 3416 1283 3501; x_wconf 87' lang='lat' dir='ltr'><strong><em>praeter</em></strong></span> <span class='ocrx_word' id='word_1_344' title='bbox 1294 3411 1491 3500; x_wconf 85' lang='lat' dir='ltr'><strong><em>pontificem</em></strong></span> 
     </span>
     <span class='ocr_line' id='line_1_31' title="bbox 165 3516 1490 3608; baseline -0.002 -24"><span class='ocrx_word' id='word_1_345' title='bbox 165 3538 225 3584; x_wconf 87' lang='lat' dir='ltr'><strong><em>seu</em></strong></span> <span class='ocrx_word' id='word_1_346' title='bbox 239 3516 448 3584; x_wconf 83' lang='lat' dir='ltr'><strong><em>sacerdotem</em></strong></span> <span class='ocrx_word' id='word_1_347' title='bbox 462 3516 655 3606; x_wconf 83' lang='lat' dir='ltr'><strong><em>specialiter</em></strong></span> <span class='ocrx_word' id='word_1_348' title='bbox 666 3517 882 3607; x_wconf 86' lang='lat' dir='ltr'><strong><em>deputatum,</em></strong></span> <span class='ocrx_word' id='word_1_349' title='bbox 903 3546 918 3579; x_wconf 73' lang='lat' dir='ltr'><strong><em>a</em></strong></span> <span class='ocrx_word' id='word_1_350' title='bbox 933 3529 966 3584; x_wconf 90' lang='lat' dir='ltr'><strong><em>et</em></strong></span> <span class='ocrx_word' id='word_1_351' title='bbox 982 3546 1012 3601; x_wconf 80' lang='lat' dir='ltr'><strong><em>n,</em></strong></span> <span class='ocrx_word' id='word_1_352' title='bbox 1029 3516 1098 3583; x_wconf 90' lang='lat' dir='ltr'><strong><em>sive</em></strong></span> <span class='ocrx_word' id='word_1_353' title='bbox 1111 3539 1132 3584; x_wconf 92' lang='lat' dir='ltr'><strong><em>a</em></strong></span> <span class='ocrx_word' id='word_1_354' title='bbox 1143 3539 1179 3584; x_wconf 91' lang='lat' dir='ltr'><strong><em>se</em></strong></span> <span class='ocrx_word' id='word_1_355' title='bbox 1191 3518 1264 3608; x_wconf 92' lang='lat' dir='ltr'><strong><em>ipso</em></strong></span> <span class='ocrx_word' id='word_1_356' title='bbox 1279 3517 1349 3585; x_wconf 89' lang='lat' dir='ltr'><strong><em>sive</em></strong></span> <span class='ocrx_word' id='word_1_357' title='bbox 1364 3518 1408 3584; x_wconf 89' lang='lat' dir='ltr'><strong><em>ab</em></strong></span> <span class='ocrx_word' id='word_1_358' title='bbox 1421 3516 1490 3583; x_wconf 89' lang='lat' dir='ltr'><strong><em>alio</em></strong></span> 
     </span>
     <span class='ocr_line' id='line_1_32' title="bbox 166 3619 1491 3713; baseline -0.001 -24"><span class='ocrx_word' id='word_1_359' title='bbox 166 3623 236 3689; x_wconf 90' lang='lat' dir='ltr'><strong><em>sive</em></strong></span> <span class='ocrx_word' id='word_1_360' title='bbox 250 3646 271 3689; x_wconf 86' lang='lat' dir='ltr'><strong><em>a</em></strong></span> <span class='ocrx_word' id='word_1_361' title='bbox 283 3619 446 3712; x_wconf 82' lang='lat' dir='ltr'><strong><em>pontifice</em></strong></span> <span class='ocrx_word' id='word_1_362' title='bbox 460 3623 699 3713; x_wconf 89' lang='lat' dir='ltr'><strong><em>compositum,</em></strong></span> <span class='ocrx_word' id='word_1_363' title='bbox 718 3652 733 3686; x_wconf 74' lang='grc' dir='ltr'><strong>κ</strong></span> <span class='ocrx_word' id='word_1_364' title='bbox 750 3623 880 3691; x_wconf 84' lang='lat' dir='ltr'><strong><em>dederit</em></strong></span> <span class='ocrx_word' id='word_1_365' title='bbox 895 3646 938 3690; x_wconf 82' lang='lat' dir='ltr'><strong><em>ea</em></strong></span> <span class='ocrx_word' id='word_1_366' title='bbox 952 3646 990 3689; x_wconf 92' lang='lat' dir='ltr'><strong><em>eo</em></strong></span> <span class='ocrx_word' id='word_1_367' title='bbox 1004 3622 1132 3707; x_wconf 77' lang='lat' dir='ltr'><strong><em>alieno,</em></strong></span> <span class='ocrx_word' id='word_1_368' title='bbox 1149 3623 1433 3690; x_wconf 72' lang='lat' dir='ltr'><strong><em>exterminabitur</em></strong></span> <span class='ocrx_word' id='word_1_369' title='bbox 1449 3621 1491 3689; x_wconf 88' lang='lat' dir='ltr'><strong><em>de</em></strong></span> 
     </span>
     <span class='ocr_line' id='line_1_33' title="bbox 162 3728 1487 3821; baseline -0.001 -26"><span class='ocrx_word' id='word_1_370' title='bbox 162 3728 293 3819; x_wconf 83' lang='lat' dir='ltr'><strong><em>populo</em></strong></span> <span class='ocrx_word' id='word_1_371' title='bbox 316 3752 376 3797; x_wconf 89' lang='lat' dir='ltr'><strong><em>suo</em></strong></span> <span class='ocrx_word' id='word_1_372' title='bbox 402 3758 432 3797; x_wconf 77' lang='lat' dir='ltr'><strong><em>a.</em></strong></span> <span class='ocrx_word' id='word_1_373' title='bbox 449 3733 506 3798; x_wconf 87' lang='lat' dir='ltr'><strong><em>Ps.</em></strong></span> <span class='ocrx_word' id='word_1_374' title='bbox 527 3733 602 3797; x_wconf 90' lang='lat' dir='ltr'><strong><em>Ion.</em></strong></span> <span class='ocrx_word' id='word_1_375' title='bbox 623 3730 774 3797; x_wconf 86' lang='lat' dir='ltr'><strong><em>alienum</em></strong></span> <span class='ocrx_word' id='word_1_376' title='bbox 795 3730 1046 3821; x_wconf 87' lang='lat' dir='ltr'><strong><em>interpretatur</em></strong></span> <span class='ocrx_word' id='word_1_377' title='bbox 1068 3752 1137 3796; x_wconf 90' lang='lat' dir='ltr'><strong><em>non</em></strong></span> <span class='ocrx_word' id='word_1_378' title='bbox 1161 3730 1385 3797; x_wconf 90' lang='lat' dir='ltr'><strong><em>sacerdotem.</em></strong></span> <span class='ocrx_word' id='word_1_379' title='bbox 1406 3728 1487 3812; x_wconf 90' lang='lat' dir='ltr'><strong><em>Sed,</em></strong></span> 
     </span>
     <span class='ocr_line' id='line_1_34' title="bbox 165 3828 1488 3926; baseline -0.002 -23"><span class='ocrx_word' id='word_1_380' title='bbox 165 3857 246 3903; x_wconf 92' lang='lat' dir='ltr'><strong><em>oum</em></strong></span> <span class='ocrx_word' id='word_1_381' title='bbox 275 3836 390 3905; x_wconf 88' lang='lat' dir='ltr'><strong><em>odiosa</em></strong></span> <span class='ocrx_word' id='word_1_382' title='bbox 417 3836 486 3903; x_wconf 87' lang='lat' dir='ltr'><strong><em>sint</em></strong></span> <span class='ocrx_word' id='word_1_383' title='bbox 511 3837 767 3923; x_wconf 81' lang='lat' dir='ltr'><strong><em>restringenda,</em></strong></span> <span class='ocrx_word' id='word_1_384' title='bbox 788 3836 915 3904; x_wconf 85' lang='lat' dir='ltr'><strong><em>sufficit</em></strong></span> <span class='ocrx_word' id='word_1_385' title='bbox 935 3836 1156 3926; x_wconf 86' lang='lat' dir='ltr'><strong><em>interpretari</em></strong></span> <span class='ocrx_word' id='word_1_386' title='bbox 1186 3858 1258 3903; x_wconf 91' lang='lat' dir='ltr'><strong><em>non</em></strong></span> <span class='ocrx_word' id='word_1_387' title='bbox 1287 3828 1488 3902; x_wconf 87' lang='lat' dir='ltr'><strong><em>hebraeum.</em></strong></span> 
     </span>
     <span class='ocr_line' id='line_1_35' title="bbox 164 3940 1490 4032; baseline -0.002 -24"><span class='ocrx_word' id='word_1_388' title='bbox 164 3941 336 4009; x_wconf 85' lang='lat' dir='ltr'><strong><em>Hebraeus</em></strong></span> <span class='ocrx_word' id='word_1_389' title='bbox 349 3942 476 4032; x_wconf 70' lang='lat' dir='ltr'><strong><em>quine,</em></strong></span> <span class='ocrx_word' id='word_1_390' title='bbox 492 3944 548 4009; x_wconf 89' lang='lat' dir='ltr'><strong><em>cui</em></strong></span> <span class='ocrx_word' id='word_1_391' title='bbox 562 3942 730 4010; x_wconf 89' lang='lat' dir='ltr'><strong><em>eiusmodi</em></strong></span> <span class='ocrx_word' id='word_1_392' title='bbox 739 3948 956 4030; x_wconf 82' lang='lat' dir='ltr'><strong><em>unguentum</em></strong></span> <span class='ocrx_word' id='word_1_393' title='bbox 972 3941 1111 4009; x_wconf 87' lang='lat' dir='ltr'><strong><em>daretur</em></strong></span> <span class='ocrx_word' id='word_1_394' title='bbox 1122 3942 1167 4009; x_wconf 88' lang='lat' dir='ltr'><strong><em>ab</em></strong></span> <span class='ocrx_word' id='word_1_395' title='bbox 1181 3941 1336 4009; x_wconf 88' lang='lat' dir='ltr'><strong><em>hebraeo</em></strong></span> <span class='ocrx_word' id='word_1_396' title='bbox 1349 3940 1406 4007; x_wconf 91' lang='lat' dir='ltr'><strong><em>vel</em></strong></span> <span class='ocrx_word' id='word_1_397' title='bbox 1420 3962 1490 4006; x_wconf 91' lang='lat' dir='ltr'><strong><em>non</em></strong></span> 
     </span>
     <span class='ocr_line' id='line_1_36' title="bbox 165 4048 1490 4139; baseline -0.002 -24"><span class='ocrx_word' id='word_1_398' title='bbox 165 4048 333 4130; x_wconf 88' lang='lat' dir='ltr'><strong><em>hebraeo,</em></strong></span> <span class='ocrx_word' id='word_1_399' title='bbox 354 4050 431 4135; x_wconf 90' lang='lat' dir='ltr'><strong><em>lege</em></strong></span> <span class='ocrx_word' id='word_1_400' title='bbox 447 4072 480 4117; x_wconf 87' lang='lat' dir='ltr'><strong><em>v.</em></strong></span> <span class='ocrx_word' id='word_1_401' title='bbox 506 4056 545 4115; x_wconf 88' lang='lat'><strong><em>31</em></strong></span> <span class='ocrx_word' id='word_1_402' title='bbox 567 4072 618 4139; x_wconf 89' lang='lat' dir='ltr'><strong><em>sq.</em></strong></span> <span class='ocrx_word' id='word_1_403' title='bbox 640 4049 821 4116; x_wconf 87' lang='lat' dir='ltr'><strong><em>tenebatur</em></strong></span> <span class='ocrx_word' id='word_1_404' title='bbox 838 4048 925 4115; x_wconf 91' lang='lat' dir='ltr'><strong><em>illud</em></strong></span> <span class='ocrx_word' id='word_1_405' title='bbox 945 4048 1139 4116; x_wconf 88' lang='lat' dir='ltr'><strong><em>sanctuario</em></strong></span> <span class='ocrx_word' id='word_1_406' title='bbox 1161 4048 1378 4115; x_wconf 82' lang='lat' dir='ltr'><strong><em>deterreant</em></strong></span> <span class='ocrx_word' id='word_1_407' title='bbox 1400 4052 1490 4114; x_wconf 88' lang='lat' dir='ltr'><strong><em>certe</em></strong></span> 
     </span>
     <span class='ocr_line' id='line_1_37' title="bbox 165 4153 1491 4244; baseline -0.002 -23"><span class='ocrx_word' id='word_1_408' title='bbox 165 4154 339 4223; x_wconf 89' lang='lat' dir='ltr'><strong><em>destruere</em></strong></span> <span class='ocrx_word' id='word_1_409' title='bbox 365 4178 373 4223; x_wconf 92' lang='lat'>:</span> <span class='ocrx_word' id='word_1_410' title='bbox 400 4160 473 4222; x_wconf 88' lang='lat' dir='ltr'><strong><em>erat</em></strong></span> <span class='ocrx_word' id='word_1_411' title='bbox 486 4156 594 4242; x_wconf 88' lang='lat' dir='ltr'><strong><em>igitur</em></strong></span> <span class='ocrx_word' id='word_1_412' title='bbox 612 4156 783 4242; x_wconf 83' lang='lat' dir='ltr'><strong><em>unguenti</em></strong></span> <span class='ocrx_word' id='word_1_413' title='bbox 801 4156 973 4223; x_wconf 83' lang='lat' dir='ltr'><strong><em>sanctitati</em></strong></span> <span class='ocrx_word' id='word_1_414' title='bbox 992 4177 1095 4243; x_wconf 88' lang='lat' dir='ltr'><strong><em>penes</em></strong></span> <span class='ocrx_word' id='word_1_415' title='bbox 1114 4155 1227 4244; x_wconf 90' lang='lat' dir='ltr'><strong><em>ipsum</em></strong></span> <span class='ocrx_word' id='word_1_416' title='bbox 1254 4153 1335 4222; x_wconf 90' lang='lat' dir='ltr'><strong><em>satis</em></strong></span> <span class='ocrx_word' id='word_1_417' title='bbox 1357 4153 1491 4220; x_wconf 90' lang='lat' dir='ltr'><strong><em>consul-</em></strong></span> 
     </span>
     <span class='ocr_line' id='line_1_38' title="bbox 163 4259 1488 4349; baseline 0 -22"><span class='ocrx_word' id='word_1_418' title='bbox 163 4266 251 4329; x_wconf 87' lang='lat' dir='ltr'><strong><em>tum.</em></strong></span> <span class='ocrx_word' id='word_1_419' title='bbox 273 4266 314 4327; x_wconf 79' lang='lat' dir='ltr'><strong><em>at</em></strong></span> <span class='ocrx_word' id='word_1_420' title='bbox 328 4262 356 4327; x_wconf 92' lang='lat' dir='ltr'><strong><em>si</em></strong></span> <span class='ocrx_word' id='word_1_421' title='bbox 372 4262 449 4349; x_wconf 91' lang='lat' dir='ltr'><strong><em>quis</em></strong></span> <span class='ocrx_word' id='word_1_422' title='bbox 461 4262 630 4330; x_wconf 88' lang='lat' dir='ltr'><strong><em>hebraeus</em></strong></span> <span class='ocrx_word' id='word_1_423' title='bbox 647 4262 761 4329; x_wconf 89' lang='lat' dir='ltr'><strong><em>alieno</em></strong></span> <span class='ocrx_word' id='word_1_424' title='bbox 774 4284 845 4329; x_wconf 90' lang='lat' dir='ltr'><strong><em>non</em></strong></span> <span class='ocrx_word' id='word_1_425' title='bbox 862 4260 1012 4329; x_wconf 91' lang='lat' dir='ltr'><strong><em>hebraeo</em></strong></span> <span class='ocrx_word' id='word_1_426' title='bbox 1029 4259 1120 4328; x_wconf 89' lang='lat' dir='ltr'><strong><em>istud</em></strong></span> <span class='ocrx_word' id='word_1_427' title='bbox 1135 4264 1351 4348; x_wconf 87' lang='lat' dir='ltr'><strong><em>unguentum</em></strong></span> <span class='ocrx_word' id='word_1_428' title='bbox 1369 4260 1488 4342; x_wconf 87' lang='lat' dir='ltr'><strong><em>daret,</em></strong></span> 
     </span>
     <span class='ocr_line' id='line_1_39' title="bbox 175 4368 911 4458; baseline -0.001 -23"><span class='ocrx_word' id='word_1_429' title='bbox 175 4374 249 4435; x_wconf 88' lang='lat' dir='ltr'><strong><em>erat</em></strong></span> <span class='ocrx_word' id='word_1_430' title='bbox 266 4368 319 4434; x_wconf 86' lang='lat' dir='ltr'><strong><em>vix</em></strong></span> <span class='ocrx_word' id='word_1_431' title='bbox 334 4390 403 4434; x_wconf 93' lang='lat' dir='ltr'><strong><em>non</em></strong></span> <span class='ocrx_word' id='word_1_432' title='bbox 417 4374 510 4434; x_wconf 88' lang='lat' dir='ltr'><strong><em>certa</em></strong></span> <span class='ocrx_word' id='word_1_433' title='bbox 523 4369 689 4456; x_wconf 86' lang='lat' dir='ltr'><strong><em>unguenti</em></strong></span> <span class='ocrx_word' id='word_1_434' title='bbox 704 4368 911 4458; x_wconf 82' lang='lat' dir='ltr'><strong><em>profanati0.</em></strong></span> 
     </span>
    </p>
   </div>
   <div class='ocr_carea' id='block_1_4' title="bbox 580 4594 1082 4659">
    <p class='ocr_par' dir='ltr' id='par_1_4' title="bbox 580 4594 1082 4659">
     <span class='ocr_line' id='line_1_40' title="bbox 580 4594 1082 4659; baseline -0.002 -14"><span class='ocrx_word' id='word_1_435' title='bbox 580 4594 608 4645; x_wconf 88' lang='lat' dir='ltr'><strong><em>d.</em></strong></span> <span class='ocrx_word' id='word_1_436' title='bbox 622 4595 663 4645; x_wconf 85' lang='lat' dir='ltr'><strong><em>De</em></strong></span> <span class='ocrx_word' id='word_1_437' title='bbox 679 4595 858 4659; x_wconf 86' lang='lat' dir='ltr'><strong><em>thymiamate</em></strong></span> <span class='ocrx_word' id='word_1_438' title='bbox 874 4595 925 4645; x_wconf 80' lang='lat' dir='ltr'><strong><em>Ex.</em></strong></span> <span class='ocrx_word' id='word_1_439' title='bbox 943 4594 1082 4656; x_wconf 83' lang='grc'><strong>30,34-38.</strong></span> 
     </span>
    </p>
   </div>
   <div class='ocr_carea' id='block_1_5' title="bbox 211 4775 1492 4944">
    <p class='ocr_par' dir='ltr' id='par_1_5' title="bbox 211 4775 1492 4944">
     <span class='ocr_line' id='line_1_41' title="bbox 211 4775 1492 4869; baseline -0.002 -26"><span class='ocrx_word' id='word_1_440' title='bbox 211 4780 296 4867; x_wconf 76' lang='lat' dir='ltr'><strong><em>Arq.</em></strong></span> <span class='ocrx_word' id='word_1_441' title='bbox 317 4816 361 4829; x_wconf 92' lang='lat'><em>-</em></span> <span class='ocrx_word' id='word_1_442' title='bbox 375 4779 453 4845; x_wconf 88' lang='lat' dir='ltr'><strong><em>Eius</em></strong></span> <span class='ocrx_word' id='word_1_443' title='bbox 474 4801 505 4847; x_wconf 90' lang='lat' dir='ltr'><strong><em>v.</em></strong></span> <span class='ocrx_word' id='word_1_444' title='bbox 522 4784 627 4847; x_wconf 78' lang='lat' dir='ltr'><strong><em>tit-ac</em></strong></span> <span class='ocrx_word' id='word_1_445' title='bbox 645 4778 845 4869; x_wconf 85' lang='lat' dir='ltr'><strong><em>compositio</em></strong></span> <span class='ocrx_word' id='word_1_446' title='bbox 865 4777 1025 4859; x_wconf 88' lang='lat' dir='ltr'><strong><em>traditur,</em></strong></span> <span class='ocrx_word' id='word_1_447' title='bbox 1043 4798 1122 4843; x_wconf 89' lang='lat' dir='ltr'><strong><em>usus</em></strong></span> <span class='ocrx_word' id='word_1_448' title='bbox 1144 4775 1310 4866; x_wconf 82' lang='lat' dir='ltr'><strong><em>profanus</em></strong></span> <span class='ocrx_word' id='word_1_449' title='bbox 1329 4799 1361 4843; x_wconf 92' lang='lat' dir='ltr'><strong><em>v.</em></strong></span> <span class='ocrx_word' id='word_1_450' title='bbox 1380 4780 1421 4841; x_wconf 78' lang='lat'><strong><em>37</em></strong></span> <span class='ocrx_word' id='word_1_451' title='bbox 1442 4796 1492 4863; x_wconf 89' lang='lat' dir='ltr'><strong><em>sq.</em></strong></span> 
     </span>
     <span class='ocr_line' id='line_1_42' title="bbox 563 4896 1101 4944; baseline -0.007 -1"><span class='ocrx_word' id='word_1_452' title='bbox 563 4906 734 4944; x_wconf 69' lang='lat' dir='ltr'><strong><em>truncantem.</em></strong></span> <span class='ocrx_word' id='word_1_453' title='bbox 752 4920 784 4931; x_wconf 88' lang='lat'><strong><em>··</em></strong></span> <span class='ocrx_word' id='word_1_454' title='bbox 800 4906 826 4943; x_wconf 80' lang='lat' dir='ltr'><strong><em>lit</em></strong></span> <span class='ocrx_word' id='word_1_455' title='bbox 843 4906 883 4942; x_wconf 74' lang='lat' dir='ltr'><strong><em>EX.</em></strong></span> <span class='ocrx_word' id='word_1_456' title='bbox 903 4906 933 4941; x_wconf 78' lang='grc' dir='ltr'><strong><em>ΕΤ</em></strong></span> <span class='ocrx_word' id='word_1_457' title='bbox 950 4906 1006 4941; x_wconf 78' lang='lat' dir='ltr'><strong><em>lev.</em></strong></span> <span class='ocrx_word' id='word_1_458' title='bbox 1023 4918 1054 4927; x_wconf 89' lang='lat'><strong><em>·-·</em></strong></span> <span class='ocrx_word' id='word_1_459' title='bbox 1071 4896 1101 4939; x_wconf 80' lang='lat'><strong><em>20</em></strong></span> 
     </span>
    </p>
   </div>
   <div class='ocr_carea' id='block_1_6' title="bbox 0 0 1772 5384">
    <p class='ocr_par' dir='ltr' id='par_1_6' title="bbox 0 0 1772 5384">
     <span class='ocr_line' id='line_1_43' title="bbox 0 0 1772 5384; baseline 0 1"><span class='ocrx_word' id='word_1_460' title='bbox 0 0 1772 5384; x_wconf 95' lang='lat' dir='ltr'><strong><em> </em></strong></span> 
     </span>
    </p>
   </div>
  </div>
 </body>
</html>
