3534 5384
562 342 678 398 :iis
1661 354 1838 399 maizu
1883 354 2101 399 Laeuii.

1412 611 1460 648 e.
1505 598 1585 648 De
1626 597 1858 648 decimis
1895 597 2031 648 ch.
2073 597 2362 657 27‚30-33.

650 786 814 870 :ii-53.
853 821 941 829 —
979 780 1287 847 Decimae
1335 779 1581 847 redimi
1632 787 1947 869 possunt3
1983 802 2126 847 uon
2165 786 2399 847 tamen
2437 779 2842 846 animalium
2887 778 3228 847 sacrifica-

562 890 726 954 lium
766 886 1106 970 decimae,
1151 907 1327 975 quae
1359 886 1709 954 sacrificiis
1738 892 2195 954 reservantur.

654 998 822 1058 llum
846 992 1309 1082 primogenita
1329 1016 1393 1059 V.
1431 999 1516 1059 26
1552 998 1698 1059 tota
1726 993 1817 1060 ab
1847 995 1998 1083 ipsa
2022 991 2380 1060 nativitate
2413 992 2530 1060 Dei
2567 997 2726 1058 sunt
2772 991 3063 1080 ideoque
3095 1014 3220 1058 ne-

562 1105 822 1189 que-unt
852 1098 1140 1176 redimi,
1171 1100 1479 1165 decimae
1502 1099 1804 1166 hominis
1827 1105 1982 1165 sunt
2001 1154 2015 1182 ‚
2047 1101 2314 1191 abipso
2345 1098 2580 1188 utique
2609 1101 2742 1164 Deo
2781 1096 3210 1189 pendendae,

566 1206 848 1294 ideoque
874 1204 1121 1272 redimi
1161 1213 1481 1293 possunt;
1525 1205 1642 1273 sed
1670 1228 1757 1272 ne
1778 1205 2047 1273 facilius
2074 1208 2531 1287 redimantur,
2567 1204 2804 1295 quinta
2836 1204 3037 1294 pretii
3060 1227 3219 1294 pars

562 1310 1087 1402 stupri-addenda
1114 1311 1457 1378 scribitur.
1493 1334 1557 1378 V.
1596 1318 1680 1379 30
1719 1340 1751 1373 «
1795 1315 2039 1379 Omnes
2068 1312 2372 1380 decimae
2403 1325 2623 1377 terrae
2633 1364 2654 1397 ,
2685 1311 2821 1377 siz-e
2868 1309 2953 1376 de
2990 1311 3218 1400 fraqi-

566 1422 682 1478 fms
722 1418 857 1483 sive
887 1416 968 1484 de
985 1417 1215 1506 pomis
1244 1420 1586 1499 arborum,
1613 1417 1899 1484 Domini
1928 1432 2091 1485 sunt
2133 1431 2199 1486 et
2230 1419 2342 1486 illi
2388 1418 2910 1506 sanctificantur
2948 1446 3004 1481 ».
3037 1440 3098 1482 v.
3133 1425 3213 1484 31

570 1558 594 1578 ==
646 1522 722 1590 Si
750 1523 901 1614 *puis
934 1536 1166 1590 aulem
1196 1522 1486 1591 voluerit
1531 1522 1864 1591 redimere
1902 1524 2204 1593 (technas
2233 1547 2427 1607 sua-5,
2463 1522 2674 1591 addet
2704 1523 3018 1612 quintam
3055 1546 3223 1612 par-

566 1642 694 1694 tem
734 1652 966 1696 aarum
1018 1659 1074 1698 η.
1118 1631 1428 1698 Decimae
1472 1637 1707 1697 tamen
1754 1630 2161 1699 animalium
2214 1630 2697 1699 sacrificalium
2751 1652 2893 1696 non
2946 1638 3219 1719 possunt

570 1737 842 1816 redimi,
877 1735 994 1802 sed
1034 1736 1382 1803 sacrificiis
1413 1737 1520 1803 vel
1574 1736 2007 1804 sacerdotum
2051 1739 2202 1804 usui
2235 1741 2668 1804 reservantur
2698 1759 2762 1802 v,
2797 1743 2883 1802 32
2927 1759 2942 1804 :
2982 1765 3011 1796 «
3059 1737 3219 1801 Om-

566 1842 754 1906 nium
786 1841 1207 1910 decimarum
1234 1844 1418 1909 bovis
1441 1856 1507 1910 et
1538 1843 1679 1910 ovis
1703 1857 1772 1910 et
1800 1866 2084 1933 caprae,
2115 1867 2293 1933 quae
2322 1846 2444 1909 sub
2453 1841 2755 1934 pastoris
2783 1841 2977 1931 vir-qa
3002 1853 3218 1907 trans-

566 1962 726 2014 mm
774 1978 838 2031 n,
886 1988 976 1997 —
1007 1955 1242 2038 pastor
1274 1971 1366 2016 sc.
1406 1949 1665 2017 elevata
1714 1951 1915 2036 virga
1967 1950 2381 2017 numerabat
2419 1986 2508 2000 —
2567 1978 2596 2010 «
2641 1947 2990 2038 quidquid
3036 1947 3219 2013 deci-

566 2078 750 2118 mum
799 2055 1092 2135 venerit,
1142 2055 1686 2146 sanctificabitur
1747 2057 2040 2122 Domino
2107 2084 2164 2123 ».
2237 2054 2510 2123 Decima
2572 2053 2963 2122 solvebatur
3007 2054 3216 2120 semel

562 2162 929 2250 quotannis
985 2162 1201 2250 (Deut.
1251 2164 1498 2252 1422).
1559 2163 1903 2229 Animalia
1947 2161 2230 2229 decimis
2276 2161 2786 2243 tribuebantur,
2848 2168 3052 2250 prout
3084 2161 3216 2227 sub

566 2267 854 2358 pasturis
880 2269 1081 2355 virga
1125 2262 1536 2351 transibant,
1561 2268 1751 2335 nullo
1779 2269 2047 2336 homini
2072 2270 2406 2358 permisso
2439 2268 2705 2335 delectu
2734 2291 2798 2335 v,
2833 2274 2914 2335 33
2944 2288 2958 2333 :
2995 2296 3027 2329 «
3062 2271 3215 2333 Non

562 2374 853 2462 :utiq-etur
906 2397 1030 2440 nec
1081 2373 1329 2440 bonum
1378 2398 1499 2441 nec
1563 2374 1827 2440 malum
1875 2399 1996 2441 nec
2046 2374 2263 2442 altero
2319 2374 2873 2442 commutabitur.
2926 2374 3006 2439 Si
3064 2373 3226 2464 quis

566 2479 964 2563 isannem-it,
1028 2492 1092 2546 et
1135 2479 1325 2568 quod
1366 2491 1706 2546 mutatum
1749 2494 1883 2559 esc,
1926 2493 1992 2545 et
2032 2503 2163 2570 pro
2202 2503 2336 2569 quo
2373 2491 2721 2547 mutatum
2754 2493 2888 2564 est,
2918 2480 3223 2569 sanctifi-

566 2586 831 2650 raafsssr
862 2586 1201 2672 [Domino]
1234 2599 1301 2652 et
1338 2608 1477 2651 non
1510 2585 1887 2653 redimetur
1916 2615 1946 2646 »
1984 2586 2097 2674 (cf.
2132 2610 2191 2652 v.
2229 2588 2365 2675 10).

654 2718 710 2758 τ,
758 2698 839 2759 3⁷4
898 2720 929 2751 «
981 2695 1166 2759 Haec
1214 2706 1375 2758 sunt
1407 2706 1817 2783 praecepta,
1873 2716 2047 2783 quae
2086 2691 2447 2760 mandavit
2486 2693 2825 2760 Dominus
2860 2693 3085 2781 Moysi
3127 2692 3228 2759 ad

562 2798 742 2886 filios
778 2800 985 2865 lsrael
1014 2799 1086 2866 in
1124 2811 1351 2865 monte
1384 2799 1587 2865 Sinai
1630 2828 1688 2865 ».

1637 3042 2007 3053 n—————.-..-
2038 3047 2068 3051 --
2086 3045 2153 3052 —-

1764 3264 2000 3326 NOTA.

634 3486 726 3538 Ῑῖει,
762 3498 903 3550 quae
933 3499 987 3548 p.
1023 3485 1088 3534 73
1120 3484 1442 3536 dicebamus
1470 3486 1538 3537 de
1569 3486 1891 3537 nomInibus
1920 3487 2020 3536 Iah
2041 3489 2096 3536 et
2127 3487 2308 3547 Iahve,
2342 3488 2568 3550 egregie
2603 3485 2896 3537 confirmat
2923 3488 3016 3536 Fr.
3049 3487 3221 3534 Hom-

566 3574 662 3622 mal
690 3586 702 3622 :
730 3572 829 3623 Die
840 3574 1289 3624 altisraclitisehe
1310 3573 1777 3638 Ueberlicterung
1798 3577 1854 3624 in
1877 3574 2730 3638 inschriltlicherBeleuchtung,
2753 3573 3214 3626 Miinchen1807.

562 3678 614 3726 μ,
650 3662 662 3710 1
686 3662 762 3718 lii.
786 3662 1122 3725 comparatis
1143 3664 1386 3713 virorum
1415 3662 1737 3714 nominibus
1753 3664 1999 3726 propriis
2015 3677 2140 3712 cum
2163 3663 2400 3724 biblicis‚
2431 3671 2549 3714 tum
2569 3663 2906 3726 babyloniis,
2927 3662 3215 3721 arabibus,

562 3751 915 3800 ehananaeis.
962 3751 1195 3811 Censet,
1228 3752 1510 3803 exstitisse
1552 3754 1951 3815 perantiquum
1994 3765 2198 3802 nomen
2239 3752 2489 3802 divinum
2531 3753 2669 3802 laha
2705 3751 2796 3800 vel
2841 3751 2961 3811 lah,
2994 3764 3218 3813 nequa-

562 3854 726 3902 quam
770 3854 800 3886 e
831 3839 991 3888 lahve
1031 3839 1442 3901 abbreviatum5
1473 3841 1585 3890 hoc
1622 3853 1828 3891 nomen
1874 3840 1972 3890 Ex.
2008 3839 2134 3901 3,14
2176 3842 2380 3891 mutari
2410 3842 2468 3890 in
2509 3840 2690 3898 Iahve,
2725 3852 2874 3890 nova
2901 3839 2971 3889 ab
2996 3841 3218 3889 essendo

558 3930 638 3974 illi
670 3926 861 3977 addita
885 3927 1313 3990 significatione.
1347 3955 1418 3964 —
1457 3927 1599 3979 Cum
1631 3928 2083 3979 Commentarius
2112 3935 2306 3981 noster
2331 3931 2425 3978 vix
2460 3942 2573 3979 non
2604 3932 2755 3979 totus
2784 3941 2816 3978 c
2845 3929 3041 3992 praelo
3077 3940 3216 3991 pro-

554 4018 766 4074 diisset,
798 4017 1084 4066 incidimus
1105 4019 1160 4065 in
1190 4017 1390 4066 librum
1424 4023 1505 4067 W.
1535 4019 1598 4067 ΙΙ.
1630 4020 1814 4067 Green.
1845 4017 2239 4068 Universitatis
2266 4018 2740 4069 Princetoniensis
2770 4023 2837 4068 N.
2875 4018 2919 4066 1.
2949 4018 3006 4066 in
3042 4018 3218 4067 Ame-

560 4110 670 4154 riva
702 4105 1133 4166 Septentrionali
1164 4105 1509 4169 Theologiae
1548 4105 1891 4157 Professoris
1934 4119 1946 4155 :
1982 4105 2099 4156 The
2132 4106 2370 4157 liebrew
2399 4105 2572 4156 teasts
2605 4109 2663 4155 in
2702 4107 2847 4156 their
2884 4105 3122 4156 relation
3159 4108 3218 4155 to

562 4202 746 4242 recent
786 4194 995 4244 critical
1027 4195 1364 4258 hypotheses
1394 4196 1739 4258 concerning
1776 4196 1872 4245 the
1900 4195 2279 4256 Pentateuch,
2320 4196 2462 4245 New
2491 4195 2645 4246 York
2681 4194 2835 4245 1885.
2872 4195 2935 4244 In
2963 4195 3217 4257 linguam

558 4283 931 4338 :ernfflnicam
960 4283 1212 4332 vertebat
1238 4283 1307 4333 Ο.
1337 4284 1554 4335 Becher
1588 4299 1600 4332 :
1635 4285 1739 4335 Dic
1771 4285 1936 4334 Festc
1966 4284 2065 4336 der
2101 4284 2348 4334 Hebraei·
2375 4290 2505 4345 etc„
2541 4283 2840 4334 Giitersloh
2877 4283 3033 4334 1894.
3065 4284 3217 4333 Scite

558 4382 606 4418 m
653 4370 826 4422 sulitlc
864 4370 1068 4421 refellit
1104 4373 1297 4421 auctor
1327 4373 1706 4423 recentiorum
1747 4374 2069 4423 criticorum
2110 4374 2396 4436 placitum,
2435 4373 2591 4435 leges
2628 4371 2888 4423 delestis
2925 4371 3072 4435 apud
3105 4372 3213 4421 He-

558 4462 758 4510 braeus
786 4458 966 4523 longis
994 4463 1121 4523 post
1149 4460 1376 4523 Moysen
1410 4461 1752 4524 temporibus
1783 4463 2030 4512 crevisse
2060 4460 2233 4525 atque
2255 4462 2560 4512 crescendo
2591 4463 2834 4512 mutatas
2864 4474 3009 4513 csse.
