<?xml version="1.0" encoding="UTF-8"?>
<!DOCTYPE html PUBLIC "-//W3C//DTD XHTML 1.0 Transitional//EN"
    "http://www.w3.org/TR/xhtml1/DTD/xhtml1-transitional.dtd">
<html xmlns="http://www.w3.org/1999/xhtml" xml:lang="en" lang="en">
 <head>
  <title>
</title>
<meta http-equiv="Content-Type" content="text/html;charset=utf-8" />
  <meta name='ocr-system' content='tesseract 3.04.00' />
  <meta name='ocr-capabilities' content='ocr_page ocr_carea ocr_par ocr_line ocrx_word'/>
</head>
<body>
  <div class='ocr_page' id='page_1' title='image "./commentariusine00hummgoog_0085.png"; bbox 0 0 3534 5384; ppageno 0'>
   <div class='ocr_carea' id='block_1_1' title="bbox 248 383 1116 440">
    <p class='ocr_par' dir='ltr' id='par_1_1' title="bbox 248 383 1116 440">
     <span class='ocr_line' id='line_1_1' title="bbox 248 383 1116 440; baseline -0.002 0"><span class='ocrx_word' id='word_1_1' title='bbox 248 383 288 440; x_wconf 72' lang='lat' dir='ltr'>it</span> <span class='ocrx_word' id='word_1_2' title='bbox 698 393 805 439; x_wconf 80' lang='lat' dir='ltr'>uors1s</span> <span class='ocrx_word' id='word_1_3' title='bbox 826 395 902 438; x_wconf 74' lang='lat' dir='ltr'>nors</span> <span class='ocrx_word' id='word_1_4' title='bbox 923 394 953 437; x_wconf 86' lang='lat' dir='ltr'>ru</span> <span class='ocrx_word' id='word_1_5' title='bbox 975 395 1116 439; x_wconf 73' lang='lat' dir='ltr'>susurro.</span> 
     </span>
    </p>
   </div>
   <div class='ocr_carea' id='block_1_2' title="bbox 243 527 1583 936">
    <p class='ocr_par' dir='ltr' id='par_1_2' title="bbox 243 527 1583 936">
     <span class='ocr_line' id='line_1_2' title="bbox 244 527 1583 618; baseline 0.001 -25"><span class='ocrx_word' id='word_1_6' title='bbox 244 551 334 618; x_wconf 66' lang='lat' dir='ltr'>(puae</span> <span class='ocrx_word' id='word_1_7' title='bbox 358 534 435 595; x_wconf 92' lang='lat' dir='ltr'>aute</span> <span class='ocrx_word' id='word_1_8' title='bbox 458 528 579 609; x_wconf 88' lang='lat' dir='ltr'>fuerit,</span> <span class='ocrx_word' id='word_1_9' title='bbox 602 527 751 617; x_wconf 81' lang='lat' dir='ltr'><strong>penitius</strong></span> <span class='ocrx_word' id='word_1_10' title='bbox 772 527 956 595; x_wconf 89' lang='lat' dir='ltr'>declarata.</span> <span class='ocrx_word' id='word_1_11' title='bbox 985 528 1067 594; x_wconf 84' lang='lat' dir='ltr'>Huic</span> <span class='ocrx_word' id='word_1_12' title='bbox 1092 527 1276 617; x_wconf 78' lang='lat' dir='ltr'>hypothesi</span> <span class='ocrx_word' id='word_1_13' title='bbox 1300 528 1392 594; x_wconf 78' lang='lat' dir='ltr'>favet</span> <span class='ocrx_word' id='word_1_14' title='bbox 1420 527 1583 614; x_wconf 81' lang='lat' dir='ltr'>analogia</span> 
     </span>
     <span class='ocr_line' id='line_1_3' title="bbox 244 633 1583 725; baseline -0.001 -24"><span class='ocrx_word' id='word_1_15' title='bbox 244 639 325 702; x_wconf 86' lang='lat' dir='ltr'>Gen.</span> <span class='ocrx_word' id='word_1_16' title='bbox 346 641 500 715; x_wconf 80' lang='lat'>17,5.15;</span> <span class='ocrx_word' id='word_1_17' title='bbox 520 639 698 725; x_wconf 89' lang='lat' dir='ltr'>praetcrea</span> <span class='ocrx_word' id='word_1_18' title='bbox 714 656 831 701; x_wconf 91' lang='lat' dir='ltr'>omnes</span> <span class='ocrx_word' id='word_1_19' title='bbox 846 656 886 700; x_wconf 86' lang='lat' dir='ltr'>ea</span> <span class='ocrx_word' id='word_1_20' title='bbox 902 634 1039 724; x_wconf 77' lang='lat' dir='ltr'>expedit</span> <span class='ocrx_word' id='word_1_21' title='bbox 1052 633 1287 701; x_wconf 87' lang='lat' dir='ltr'>difficultates.</span> <span class='ocrx_word' id='word_1_22' title='bbox 1306 638 1433 701; x_wconf 85' lang='lat' dir='ltr'>Tuetur</span> <span class='ocrx_word' id='word_1_23' title='bbox 1446 649 1583 701; x_wconf 91' lang='lat' dir='ltr'>sensum</span> 
     </span>
     <span class='ocr_line' id='line_1_4' title="bbox 243 739 1583 831; baseline 0 -24"><span class='ocrx_word' id='word_1_24' title='bbox 243 741 383 807; x_wconf 91' lang='lat' dir='ltr'>obvium</span> <span class='ocrx_word' id='word_1_25' title='bbox 403 746 460 807; x_wconf 83' lang='lat' dir='ltr'>Ex.</span> <span class='ocrx_word' id='word_1_26' title='bbox 479 747 553 823; x_wconf 84' lang='lat' dir='ltr'>o,3;</span> <span class='ocrx_word' id='word_1_27' title='bbox 569 741 732 831; x_wconf 81' lang='lat' dir='ltr'>explicat,</span> <span class='ocrx_word' id='word_1_28' title='bbox 748 741 926 829; x_wconf 91' lang='lat' dir='ltr'>quomodo</span> <span class='ocrx_word' id='word_1_29' title='bbox 947 740 1097 807; x_wconf 93' lang='lat' dir='ltr'>nominis</span> <span class='ocrx_word' id='word_1_30' title='bbox 1119 739 1229 806; x_wconf 89' lang='lat' dir='ltr'>divini</span> <span class='ocrx_word' id='word_1_31' title='bbox 1248 742 1361 807; x_wconf 84' lang='lat' dir='ltr'>forma</span> <span class='ocrx_word' id='word_1_32' title='bbox 1384 740 1524 807; x_wconf 89' lang='lat' dir='ltr'>brevior</span> <span class='ocrx_word' id='word_1_33' title='bbox 1547 742 1583 807; x_wconf 94' lang='lat' dir='ltr'>in</span> 
     </span>
     <span class='ocr_line' id='line_1_5' title="bbox 245 846 633 936; baseline -0.003 -22"><span class='ocrx_word' id='word_1_34' title='bbox 245 846 415 914; x_wconf 89' lang='lat' dir='ltr'>lochabed</span> <span class='ocrx_word' id='word_1_35' title='bbox 432 847 633 936; x_wconf 79' lang='lat' dir='ltr'>reperiatur.</span> 
     </span>
    </p>
   </div>
   <div class='ocr_carea' id='block_1_3' title="bbox 240 1057 1583 1893">
    <p class='ocr_par' dir='ltr' id='par_1_3' title="bbox 240 1057 1583 1893">
     <span class='ocr_line' id='line_1_6' title="bbox 288 1057 1579 1148; baseline 0.003 -24"><span class='ocrx_word' id='word_1_36' title='bbox 288 1065 391 1126; x_wconf 83' lang='lat' dir='ltr'>Porro</span> <span class='ocrx_word' id='word_1_37' title='bbox 403 1060 518 1142; x_wconf 74' lang='lat' dir='ltr'>lehre,</span> <span class='ocrx_word' id='word_1_38' title='bbox 534 1081 612 1125; x_wconf 92' lang='lat' dir='ltr'>cum</span> <span class='ocrx_word' id='word_1_39' title='bbox 623 1059 715 1126; x_wconf 90' lang='lat' dir='ltr'>idem</span> <span class='ocrx_word' id='word_1_40' title='bbox 726 1059 768 1125; x_wconf 91' lang='lat' dir='ltr'>sit</span> <span class='ocrx_word' id='word_1_41' title='bbox 784 1064 886 1148; x_wconf 88' lang='lat' dir='ltr'>atque</span> <span class='ocrx_word' id='word_1_42' title='bbox 898 1058 937 1124; x_wconf 81' lang='lat' dir='ltr'>ul</span> <span class='ocrx_word' id='word_1_43' title='bbox 947 1058 1130 1140; x_wconf 88' lang='lat' dir='ltr'>Schaddai‚</span> <span class='ocrx_word' id='word_1_44' title='bbox 1142 1057 1236 1126; x_wconf 88' lang='lat' dir='ltr'>idern</span> <span class='ocrx_word' id='word_1_45' title='bbox 1249 1067 1298 1126; x_wconf 91' lang='lat' dir='ltr'>est</span> <span class='ocrx_word' id='word_1_46' title='bbox 1306 1058 1458 1147; x_wconf 79' lang='lat' dir='ltr'>foedaris</span> <span class='ocrx_word' id='word_1_47' title='bbox 1471 1064 1557 1127; x_wconf 83' lang='lat' dir='ltr'>Deus</span> <span class='ocrx_word' id='word_1_48' title='bbox 1571 1083 1579 1128; x_wconf 91' lang='lat'>:</span> 
     </span>
     <span class='ocr_line' id='line_1_7' title="bbox 243 1163 1582 1256; baseline 0.001 -25"><span class='ocrx_word' id='word_1_49' title='bbox 243 1188 275 1231; x_wconf 83' lang='lat' dir='ltr'>v.</span> <span class='ocrx_word' id='word_1_50' title='bbox 293 1171 311 1232; x_wconf 82' lang='lat' dir='ltr'>t</span> <span class='ocrx_word' id='word_1_51' title='bbox 330 1193 346 1226; x_wconf 77' lang='lat' dir='ltr'>a</span> <span class='ocrx_word' id='word_1_52' title='bbox 363 1166 557 1256; x_wconf 76' lang='lat' dir='ltr'>Pepiqique</span> <span class='ocrx_word' id='word_1_53' title='bbox 575 1164 702 1254; x_wconf 77' lang='lat' dir='ltr'>foedus</span> <span class='ocrx_word' id='word_1_54' title='bbox 721 1188 798 1232; x_wconf 87' lang='lat' dir='ltr'>cam</span> <span class='ocrx_word' id='word_1_55' title='bbox 813 1165 878 1251; x_wconf 75' lang='lat' dir='ltr'>eis,</span> <span class='ocrx_word' id='word_1_56' title='bbox 900 1177 938 1231; x_wconf 84' lang='lat' dir='ltr'>at</span> <span class='ocrx_word' id='word_1_57' title='bbox 957 1163 1074 1231; x_wconf 83' lang='lat' dir='ltr'>doram</span> <span class='ocrx_word' id='word_1_58' title='bbox 1093 1165 1143 1231; x_wconf 85' lang='lat' dir='ltr'>cis</span> <span class='ocrx_word' id='word_1_59' title='bbox 1162 1179 1289 1232; x_wconf 77' lang='lat' dir='ltr'>tomam</span> <span class='ocrx_word' id='word_1_60' title='bbox 1312 1164 1498 1248; x_wconf 77' lang='lat' dir='ltr'>Gdanmaa,</span> <span class='ocrx_word' id='word_1_61' title='bbox 1517 1178 1582 1232; x_wconf 82' lang='lat' dir='ltr'>ter-</span> 
     </span>
     <span class='ocr_line' id='line_1_8' title="bbox 244 1271 1578 1362; baseline 0.001 -25"><span class='ocrx_word' id='word_1_62' title='bbox 244 1293 319 1338; x_wconf 85' lang='lat' dir='ltr'>ram</span> <span class='ocrx_word' id='word_1_63' title='bbox 338 1271 637 1362; x_wconf 75' lang='lat' dir='ltr'>pereqriaotioais</span> <span class='ocrx_word' id='word_1_64' title='bbox 652 1295 786 1356; x_wconf 82' lang='lat' dir='ltr'>coram,</span> <span class='ocrx_word' id='word_1_65' title='bbox 802 1271 839 1338; x_wconf 84' lang='lat' dir='ltr'>in</span> <span class='ocrx_word' id='word_1_66' title='bbox 859 1295 930 1361; x_wconf 74' lang='lat' dir='ltr'>qaia</span> <span class='ocrx_word' id='word_1_67' title='bbox 948 1273 1095 1360; x_wconf 79' lang='lat' dir='ltr'>sueram</span> <span class='ocrx_word' id='word_1_68' title='bbox 1118 1271 1273 1338; x_wconf 79' lang='lat' dir='ltr'>aclvcaae</span> <span class='ocrx_word' id='word_1_69' title='bbox 1301 1300 1331 1338; x_wconf 88' lang='lat'>».</span> <span class='ocrx_word' id='word_1_70' title='bbox 1350 1273 1399 1340; x_wconf 83' lang='lat' dir='ltr'>Cf.</span> <span class='ocrx_word' id='word_1_71' title='bbox 1418 1279 1499 1340; x_wconf 89' lang='lat' dir='ltr'>Gen.</span> <span class='ocrx_word' id='word_1_72' title='bbox 1520 1279 1578 1356; x_wconf 84' lang='lat'>11,</span> 
     </span>
     <span class='ocr_line' id='line_1_9' title="bbox 244 1378 1581 1469; baseline 0.001 -25"><span class='ocrx_word' id='word_1_73' title='bbox 244 1383 519 1460; x_wconf 73' lang='lat' dir='ltr'>31317‚8;35‚1n.</span> <span class='ocrx_word' id='word_1_74' title='bbox 539 1383 689 1468; x_wconf 89' lang='lat' dir='ltr'>Sequens</span> <span class='ocrx_word' id='word_1_75' title='bbox 703 1399 819 1445; x_wconf 89' lang='lat' dir='ltr'>versus</span> <span class='ocrx_word' id='word_1_76' title='bbox 836 1378 1003 1444; x_wconf 82' lang='lat' dir='ltr'>orditura</span> <span class='ocrx_word' id='word_1_77' title='bbox 1019 1395 1069 1441; x_wconf 77' lang='lat' dir='ltr'>nn</span> <span class='ocrx_word' id='word_1_78' title='bbox 1083 1391 1135 1445; x_wconf 72' lang='lat' dir='ltr'>nu</span> <span class='ocrx_word' id='word_1_79' title='bbox 1154 1379 1222 1445; x_wconf 79' lang='lat' dir='ltr'>:m</span> <span class='ocrx_word' id='word_1_80' title='bbox 1235 1401 1328 1445; x_wconf 73' lang='lat' dir='ltr'>tarrac</span> <span class='ocrx_word' id='word_1_81' title='bbox 1348 1379 1499 1468; x_wconf 77' lang='lat' dir='ltr'>insuper,</span> <span class='ocrx_word' id='word_1_82' title='bbox 1518 1402 1581 1469; x_wconf 75' lang='lat' dir='ltr'>eqo</span> 
     </span>
     <span class='ocr_line' id='line_1_10' title="bbox 242 1483 1583 1575; baseline 0.002 -26"><span class='ocrx_word' id='word_1_83' title='bbox 242 1483 337 1550; x_wconf 92' lang='lat' dir='ltr'>idem</span> <span class='ocrx_word' id='word_1_84' title='bbox 350 1489 435 1551; x_wconf 85' lang='lat' dir='ltr'>Deus</span> <span class='ocrx_word' id='word_1_85' title='bbox 454 1484 570 1551; x_wconf 89' lang='lat' dir='ltr'>audivi</span> <span class='ocrx_word' id='word_1_86' title='bbox 585 1489 649 1552; x_wconf 90' lang='lat' dir='ltr'>etc.</span> <span class='ocrx_word' id='word_1_87' title='bbox 666 1485 831 1574; x_wconf 82' lang='lat' dir='ltr'>Loquitur</span> <span class='ocrx_word' id='word_1_88' title='bbox 845 1490 930 1551; x_wconf 82' lang='lat' dir='ltr'>Deus</span> <span class='ocrx_word' id='word_1_89' title='bbox 944 1484 1068 1551; x_wconf 90' lang='lat' dir='ltr'>iisdem</span> <span class='ocrx_word' id='word_1_90' title='bbox 1084 1489 1188 1573; x_wconf 87' lang='lat' dir='ltr'>atque</span> <span class='ocrx_word' id='word_1_91' title='bbox 1205 1492 1283 1565; x_wconf 85' lang='lat'>1‚13</span> <span class='ocrx_word' id='word_1_92' title='bbox 1299 1491 1333 1552; x_wconf 89' lang='lat' dir='ltr'>et</span> <span class='ocrx_word' id='word_1_93' title='bbox 1351 1491 1431 1569; x_wconf 62' lang='lat' dir='ltr'>Qut</span> <span class='ocrx_word' id='word_1_94' title='bbox 1447 1508 1583 1575; x_wconf 85' lang='lat' dir='ltr'>expres·</span> 
     </span>
     <span class='ocr_line' id='line_1_11' title="bbox 243 1590 1582 1682; baseline 0.001 -25"><span class='ocrx_word' id='word_1_95' title='bbox 243 1591 406 1657; x_wconf 89' lang='lat' dir='ltr'>sionibus.</span> <span class='ocrx_word' id='word_1_96' title='bbox 429 1614 460 1657; x_wconf 93' lang='lat' dir='ltr'>v.</span> <span class='ocrx_word' id='word_1_97' title='bbox 479 1598 499 1658; x_wconf 83' lang='lat'>5</span> <span class='ocrx_word' id='word_1_98' title='bbox 519 1621 534 1652; x_wconf 90' lang='lat'>«</span> <span class='ocrx_word' id='word_1_99' title='bbox 552 1595 627 1682; x_wconf 68' lang='lat' dir='ltr'>Epo</span> <span class='ocrx_word' id='word_1_100' title='bbox 643 1591 764 1658; x_wconf 81' lang='lat' dir='ltr'>audi-oi</span> <span class='ocrx_word' id='word_1_101' title='bbox 775 1590 944 1680; x_wconf 78' lang='lat' dir='ltr'>qemitum</span> <span class='ocrx_word' id='word_1_102' title='bbox 952 1591 1107 1680; x_wconf 82' lang='lat' dir='ltr'>filiorum</span> <span class='ocrx_word' id='word_1_103' title='bbox 1119 1591 1241 1675; x_wconf 78' lang='lat' dir='ltr'>Israel,</span> <span class='ocrx_word' id='word_1_104' title='bbox 1260 1592 1503 1682; x_wconf 73' lang='lat' dir='ltr'>qzcartepyptii</span> <span class='ocrx_word' id='word_1_105' title='bbox 1520 1614 1582 1682; x_wconf 87' lang='lat' dir='ltr'>ap-</span> 
     </span>
     <span class='ocr_line' id='line_1_12' title="bbox 240 1697 1581 1786; baseline 0.001 -22"><span class='ocrx_word' id='word_1_106' title='bbox 240 1710 436 1786; x_wconf 80' lang='lat' dir='ltr'>presscrunt</span> <span class='ocrx_word' id='word_1_107' title='bbox 451 1721 523 1780; x_wconf 83' lang='lat' dir='ltr'>cos,</span> <span class='ocrx_word' id='word_1_108' title='bbox 538 1711 571 1764; x_wconf 86' lang='lat' dir='ltr'>et</span> <span class='ocrx_word' id='word_1_109' title='bbox 584 1697 781 1765; x_wconf 83' lang='lat' dir='ltr'>recordatus</span> <span class='ocrx_word' id='word_1_110' title='bbox 793 1698 978 1786; x_wconf 79' lang='lat' dir='ltr'>compacti</span> <span class='ocrx_word' id='word_1_111' title='bbox 992 1697 1061 1765; x_wconf 83' lang='lat' dir='ltr'>mei</span> <span class='ocrx_word' id='word_1_112' title='bbox 1078 1725 1108 1766; x_wconf 91' lang='lat'>».</span> <span class='ocrx_word' id='word_1_113' title='bbox 1131 1698 1272 1765; x_wconf 85' lang='lat' dir='ltr'>Iamiam</span> <span class='ocrx_word' id='word_1_114' title='bbox 1289 1703 1392 1786; x_wconf 88' lang='lat' dir='ltr'>paeto</span> <span class='ocrx_word' id='word_1_115' title='bbox 1411 1699 1581 1786; x_wconf 87' lang='lat' dir='ltr'>promissa</span> 
     </span>
     <span class='ocr_line' id='line_1_13' title="bbox 243 1803 1581 1893; baseline 0.002 -24"><span class='ocrx_word' id='word_1_116' title='bbox 243 1803 451 1870; x_wconf 85' lang='lat' dir='ltr'>exsecutioni</span> <span class='ocrx_word' id='word_1_117' title='bbox 469 1804 653 1872; x_wconf 89' lang='lat' dir='ltr'>mandabo.</span> <span class='ocrx_word' id='word_1_118' title='bbox 677 1804 739 1872; x_wconf 88' lang='lat' dir='ltr'>Ubi</span> <span class='ocrx_word' id='word_1_119' title='bbox 759 1809 833 1870; x_wconf 91' lang='lat' dir='ltr'>tota</span> <span class='ocrx_word' id='word_1_120' title='bbox 856 1803 1037 1893; x_wconf 86' lang='lat' dir='ltr'>promissio</span> <span class='ocrx_word' id='word_1_121' title='bbox 1055 1806 1102 1893; x_wconf 90' lang='lat' dir='ltr'>(v.</span> <span class='ocrx_word' id='word_1_122' title='bbox 1121 1809 1195 1891; x_wconf 83' lang='lat'>6-8)</span> <span class='ocrx_word' id='word_1_123' title='bbox 1220 1804 1362 1872; x_wconf 89' lang='lat' dir='ltr'>vocibus</span> <span class='ocrx_word' id='word_1_124' title='bbox 1382 1808 1457 1893; x_wconf 71' lang='lat' dir='ltr'>Epo</span> <span class='ocrx_word' id='word_1_125' title='bbox 1479 1804 1581 1872; x_wconf 80' lang='lat' dir='ltr'>labne</span> 
     </span>
    </p>
   </div>
   <div class='ocr_carea' id='block_1_4' title="bbox 241 1909 1581 2637">
    <p class='ocr_par' dir='ltr' id='par_1_4' title="bbox 241 1909 1581 2637">
     <span class='ocr_line' id='line_1_14' title="bbox 243 1909 1579 2001; baseline 0.001 -25"><span class='ocrx_word' id='word_1_126' title='bbox 243 1909 365 1998; x_wconf 80' lang='lat' dir='ltr'>incipit</span> <span class='ocrx_word' id='word_1_127' title='bbox 381 1915 415 1977; x_wconf 87' lang='lat' dir='ltr'>et</span> <span class='ocrx_word' id='word_1_128' title='bbox 428 1911 601 1979; x_wconf 77' lang='lat' dir='ltr'>clauditur</span> <span class='ocrx_word' id='word_1_129' title='bbox 617 1911 663 2000; x_wconf 88' lang='lat' dir='ltr'>(v.</span> <span class='ocrx_word' id='word_1_130' title='bbox 686 1911 816 2000; x_wconf 74' lang='lat' dir='ltr'>supra).</span> <span class='ocrx_word' id='word_1_131' title='bbox 833 1914 969 1977; x_wconf 87' lang='lat' dir='ltr'>Constat</span> <span class='ocrx_word' id='word_1_132' title='bbox 991 1933 1032 1977; x_wconf 89' lang='lat' dir='ltr'>ea</span> <span class='ocrx_word' id='word_1_133' title='bbox 1051 1933 1133 1977; x_wconf 91' lang='lat' dir='ltr'>vero</span> <span class='ocrx_word' id='word_1_134' title='bbox 1152 1911 1281 2001; x_wconf 88' lang='lat' dir='ltr'>triplici</span> <span class='ocrx_word' id='word_1_135' title='bbox 1298 1911 1455 1978; x_wconf 91' lang='lat' dir='ltr'>membro</span> <span class='ocrx_word' id='word_1_136' title='bbox 1479 1934 1486 1979; x_wconf 94' lang='lat'><strong>:</strong></span> <span class='ocrx_word' id='word_1_137' title='bbox 1509 1934 1541 1978; x_wconf 75' lang='lat' dir='ltr'>u.</span> <span class='ocrx_word' id='word_1_138' title='bbox 1560 1919 1579 1978; x_wconf 87' lang='grc'><strong>6</strong></span> 
     </span>
     <span class='ocr_line' id='line_1_15' title="bbox 242 2014 1581 2106; baseline 0.001 -25"><span class='ocrx_word' id='word_1_139' title='bbox 242 2015 356 2083; x_wconf 87' lang='lat' dir='ltr'>verbis</span> <span class='ocrx_word' id='word_1_140' title='bbox 368 2014 527 2100; x_wconf 82' lang='lat' dir='ltr'>educam,</span> <span class='ocrx_word' id='word_1_141' title='bbox 551 2038 688 2098; x_wconf 79' lang='lat' dir='ltr'>eruam,</span> <span class='ocrx_word' id='word_1_142' title='bbox 705 2016 873 2084; x_wconf 80' lang='lat' dir='ltr'>redimam</span> <span class='ocrx_word' id='word_1_143' title='bbox 893 2017 1013 2084; x_wconf 85' lang='lat' dir='ltr'>salutis</span> <span class='ocrx_word' id='word_1_144' title='bbox 1027 2023 1161 2106; x_wconf 92' lang='lat' dir='ltr'>partem</span> <span class='ocrx_word' id='word_1_145' title='bbox 1178 2017 1394 2102; x_wconf 80' lang='lat' dir='ltr'>negativam3</span> <span class='ocrx_word' id='word_1_146' title='bbox 1412 2041 1444 2085; x_wconf 90' lang='lat' dir='ltr'>v.</span> <span class='ocrx_word' id='word_1_147' title='bbox 1468 2024 1487 2082; x_wconf 81' lang='lat'><strong>7</strong></span> <span class='ocrx_word' id='word_1_148' title='bbox 1507 2041 1581 2085; x_wconf 90' lang='lat' dir='ltr'>ver-</span> 
     </span>
     <span class='ocr_line' id='line_1_16' title="bbox 241 2121 1577 2213; baseline 0.001 -25"><span class='ocrx_word' id='word_1_149' title='bbox 241 2121 294 2188; x_wconf 90' lang='lat' dir='ltr'>bis</span> <span class='ocrx_word' id='word_1_150' title='bbox 306 2145 491 2202; x_wconf 83' lang='lat' dir='ltr'>assumam,</span> <span class='ocrx_word' id='word_1_151' title='bbox 502 2145 570 2207; x_wconf 86' lang='lat' dir='ltr'>cra,</span> <span class='ocrx_word' id='word_1_152' title='bbox 583 2122 697 2190; x_wconf 78' lang='lat' dir='ltr'>scietis</span> <span class='ocrx_word' id='word_1_153' title='bbox 709 2128 844 2212; x_wconf 90' lang='lat' dir='ltr'>partem</span> <span class='ocrx_word' id='word_1_154' title='bbox 857 2123 1039 2213; x_wconf 89' lang='lat' dir='ltr'>positivam</span> <span class='ocrx_word' id='word_1_155' title='bbox 1049 2122 1189 2212; x_wconf 89' lang='lat' dir='ltr'>pandit;</span> <span class='ocrx_word' id='word_1_156' title='bbox 1202 2146 1234 2189; x_wconf 80' lang='lat' dir='ltr'>v,</span> <span class='ocrx_word' id='word_1_157' title='bbox 1248 2130 1267 2189; x_wconf 89' lang='lat'>8</span> <span class='ocrx_word' id='word_1_158' title='bbox 1280 2123 1401 2190; x_wconf 88' lang='lat' dir='ltr'>salutis</span> <span class='ocrx_word' id='word_1_159' title='bbox 1413 2124 1577 2198; x_wconf 79' lang='lat' dir='ltr'>fructum,</span> 
     </span>
     <span class='ocr_line' id='line_1_17' title="bbox 241 2228 1579 2319; baseline 0.002 -25"><span class='ocrx_word' id='word_1_160' title='bbox 241 2233 352 2296; x_wconf 86' lang='lat' dir='ltr'>terrae</span> <span class='ocrx_word' id='word_1_161' title='bbox 368 2230 556 2318; x_wconf 86' lang='lat' dir='ltr'>promissae</span> <span class='ocrx_word' id='word_1_162' title='bbox 577 2229 823 2319; x_wconf 89' lang='lat' dir='ltr'>possessionem</span> <span class='ocrx_word' id='word_1_163' title='bbox 837 2231 1032 2296; x_wconf 90' lang='lat' dir='ltr'>annuntiat.</span> <span class='ocrx_word' id='word_1_164' title='bbox 1050 2252 1081 2295; x_wconf 92' lang='lat' dir='ltr'>v.</span> <span class='ocrx_word' id='word_1_165' title='bbox 1101 2237 1120 2297; x_wconf 90' lang='grc'><strong>6</strong></span> <span class='ocrx_word' id='word_1_166' title='bbox 1141 2257 1157 2290; x_wconf 90' lang='lat'>«</span> <span class='ocrx_word' id='word_1_167' title='bbox 1174 2228 1255 2295; x_wconf 85' lang='lat' dir='ltr'>Ideo</span> <span class='ocrx_word' id='word_1_168' title='bbox 1273 2257 1289 2290; x_wconf 79' lang='lat' dir='ltr'>n</span> <span class='ocrx_word' id='word_1_169' title='bbox 1307 2268 1352 2279; x_wconf 85' lang='lat'>-</span> <span class='ocrx_word' id='word_1_170' title='bbox 1364 2233 1456 2297; x_wconf 78' lang='lat' dir='ltr'>LXX</span> <span class='ocrx_word' id='word_1_171' title='bbox 1467 2230 1553 2297; x_wconf 86' lang='lat' dir='ltr'>vade</span> <span class='ocrx_word' id='word_1_172' title='bbox 1566 2252 1579 2295; x_wconf 94' lang='lat'>.·</span> 
     </span>
     <span class='ocr_line' id='line_1_18' title="bbox 243 2323 1580 2426; baseline 0.003 -27"><span class='ocrx_word' id='word_1_173' title='bbox 243 2323 300 2399; x_wconf 65' lang='lat' dir='ltr'>aab</span> <span class='ocrx_word' id='word_1_174' title='bbox 328 2358 391 2424; x_wconf 91' lang='lat' dir='ltr'>pro</span> <span class='ocrx_word' id='word_1_175' title='bbox 411 2324 461 2426; x_wconf 58' lang='grc' dir='ltr'>μθ</span> <span class='ocrx_word' id='word_1_176' title='bbox 474 2376 518 2384; x_wconf 94' lang='grc'>-</span> <span class='ocrx_word' id='word_1_177' title='bbox 535 2363 551 2396; x_wconf 64' lang='lat' dir='ltr'>&gt;r</span> <span class='ocrx_word' id='word_1_178' title='bbox 573 2336 627 2402; x_wconf 86' lang='lat' dir='ltr'>dic</span> <span class='ocrx_word' id='word_1_179' title='bbox 644 2335 731 2424; x_wconf 80' lang='lat' dir='ltr'>filiis</span> <span class='ocrx_word' id='word_1_180' title='bbox 750 2335 857 2403; x_wconf 82' lang='lat' dir='ltr'>Israel</span> <span class='ocrx_word' id='word_1_181' title='bbox 876 2357 887 2402; x_wconf 92' lang='lat'>.·</span> <span class='ocrx_word' id='word_1_182' title='bbox 905 2338 981 2425; x_wconf 77' lang='lat' dir='ltr'>qu</span> <span class='ocrx_word' id='word_1_183' title='bbox 1003 2336 1169 2401; x_wconf 81' lang='lat' dir='ltr'>Dominus</span> <span class='ocrx_word' id='word_1_184' title='bbox 1186 2357 1199 2400; x_wconf 93' lang='lat'>.·</span> <span class='ocrx_word' id='word_1_185' title='bbox 1214 2336 1276 2425; x_wconf 83' lang='lat' dir='ltr'>qui</span> <span class='ocrx_word' id='word_1_186' title='bbox 1296 2335 1441 2402; x_wconf 71' lang='lat' dir='ltr'>edoceam</span> <span class='ocrx_word' id='word_1_187' title='bbox 1460 2360 1519 2403; x_wconf 82' lang='lat' dir='ltr'>cos</span> <span class='ocrx_word' id='word_1_188' title='bbox 1538 2336 1580 2403; x_wconf 84' lang='lat' dir='ltr'>de</span> 
     </span>
     <span class='ocr_line' id='line_1_19' title="bbox 241 2439 1580 2532; baseline 0.003 -26"><span class='ocrx_word' id='word_1_189' title='bbox 241 2439 415 2530; x_wconf 72' lang='lat' dir='ltr'>arquatulo</span> <span class='ocrx_word' id='word_1_190' title='bbox 426 2443 675 2531; x_wconf 74' lang='lat' dir='ltr'>Aepyptabrum</span> <span class='ocrx_word' id='word_1_191' title='bbox 688 2469 718 2524; x_wconf 79' lang='lat' dir='ltr'>u,</span> <span class='ocrx_word' id='word_1_192' title='bbox 732 2444 886 2508; x_wconf 82' lang='lat' dir='ltr'>-chr.</span> <span class='ocrx_word' id='word_1_193' title='bbox 902 2441 943 2507; x_wconf 80' lang='lat' dir='ltr'>de</span> <span class='ocrx_word' id='word_1_194' title='bbox 953 2441 1109 2531; x_wconf 76' lang='lat' dir='ltr'>cupariis</span> <span class='ocrx_word' id='word_1_195' title='bbox 1115 2462 1129 2524; x_wconf 92' lang='lat'>,·</span> <span class='ocrx_word' id='word_1_196' title='bbox 1140 2446 1237 2509; x_wconf 91' lang='lat' dir='ltr'>notat</span> <span class='ocrx_word' id='word_1_197' title='bbox 1253 2444 1372 2532; x_wconf 76' lang='lat' dir='ltr'>Boafr.</span> <span class='ocrx_word' id='word_1_198' title='bbox 1385 2444 1580 2531; x_wconf 84' lang='lat' dir='ltr'>significare</span> 
     </span>
     <span class='ocr_line' id='line_1_20' title="bbox 242 2547 1579 2637; baseline 0.002 -25"><span class='ocrx_word' id='word_1_199' title='bbox 242 2547 457 2635; x_wconf 74' lang='lat' dir='ltr'>crpastalam</span> <span class='ocrx_word' id='word_1_200' title='bbox 470 2548 573 2614; x_wconf 89' lang='lat' dir='ltr'>etiam</span> <span class='ocrx_word' id='word_1_201' title='bbox 587 2548 745 2632; x_wconf 87' lang='lat' dir='ltr'>domum,</span> <span class='ocrx_word' id='word_1_202' title='bbox 761 2547 822 2614; x_wconf 92' lang='lat' dir='ltr'>ubi</span> <span class='ocrx_word' id='word_1_203' title='bbox 834 2548 1022 2630; x_wconf 85' lang='lat' dir='ltr'>laboretur,</span> <span class='ocrx_word' id='word_1_204' title='bbox 1040 2555 1143 2637; x_wconf 87' lang='lat' dir='ltr'>atque</span> <span class='ocrx_word' id='word_1_205' title='bbox 1154 2549 1203 2615; x_wconf 90' lang='lat' dir='ltr'>ita</span> <span class='ocrx_word' id='word_1_206' title='bbox 1215 2551 1408 2616; x_wconf 88' lang='lat' dir='ltr'>versionem</span> <span class='ocrx_word' id='word_1_207' title='bbox 1423 2549 1512 2616; x_wconf 89' lang='lat' dir='ltr'>Hier.</span> <span class='ocrx_word' id='word_1_208' title='bbox 1527 2557 1579 2616; x_wconf 89' lang='lat' dir='ltr'>sat</span> 
     </span>
    </p>
   </div>
   <div class='ocr_carea' id='block_1_5' title="bbox 237 2653 1578 4874">
    <p class='ocr_par' dir='ltr' id='par_1_5' title="bbox 237 2653 1578 4658">
     <span class='ocr_line' id='line_1_21' title="bbox 240 2653 1578 2742; baseline 0.002 -25"><span class='ocrx_word' id='word_1_209' title='bbox 240 2675 349 2742; x_wconf 88' lang='lat' dir='ltr'>prope</span> <span class='ocrx_word' id='word_1_210' title='bbox 366 2653 410 2719; x_wconf 90' lang='lat' dir='ltr'>ad</span> <span class='ocrx_word' id='word_1_211' title='bbox 432 2655 532 2721; x_wconf 88' lang='lat' dir='ltr'>Hebr.</span> <span class='ocrx_word' id='word_1_212' title='bbox 550 2655 715 2722; x_wconf 89' lang='lat' dir='ltr'>accedere</span> <span class='ocrx_word' id='word_1_213' title='bbox 735 2692 779 2704; x_wconf 93' lang='lat'>-</span> <span class='ocrx_word' id='word_1_214' title='bbox 798 2681 814 2714; x_wconf 73' lang='grc' dir='ltr'>α</span> <span class='ocrx_word' id='word_1_215' title='bbox 834 2667 866 2718; x_wconf 83' lang='lat' dir='ltr'>rt</span> <span class='ocrx_word' id='word_1_216' title='bbox 887 2677 1005 2720; x_wconf 72' lang='lat' dir='ltr'>erciam</span> <span class='ocrx_word' id='word_1_217' title='bbox 1030 2653 1071 2722; x_wconf 88' lang='lat' dir='ltr'>dc</span> <span class='ocrx_word' id='word_1_218' title='bbox 1090 2656 1267 2741; x_wconf 80' lang='lat' dir='ltr'>servitute,</span> <span class='ocrx_word' id='word_1_219' title='bbox 1285 2678 1326 2722; x_wconf 87' lang='lat' dir='ltr'>ac</span> <span class='ocrx_word' id='word_1_220' title='bbox 1351 2654 1523 2722; x_wconf 80' lang='lat' dir='ltr'>redimam</span> <span class='ocrx_word' id='word_1_221' title='bbox 1541 2655 1578 2720; x_wconf 84' lang='lat' dir='ltr'>in</span> 
     </span>
     <span class='ocr_line' id='line_1_22' title="bbox 241 2758 1578 2851; baseline 0.003 -27"><span class='ocrx_word' id='word_1_222' title='bbox 241 2758 378 2825; x_wconf 75' lang='lat' dir='ltr'>brachio</span> <span class='ocrx_word' id='word_1_223' title='bbox 390 2759 519 2826; x_wconf 74' lang='lat' dir='ltr'>cacelso</span> <span class='ocrx_word' id='word_1_224' title='bbox 536 2788 567 2842; x_wconf 81' lang='lat' dir='ltr'>r,</span> <span class='ocrx_word' id='word_1_225' title='bbox 582 2763 683 2828; x_wconf 81' lang='lat' dir='ltr'>chr,</span> <span class='ocrx_word' id='word_1_226' title='bbox 702 2773 853 2844; x_wconf 74' lang='lat' dir='ltr'>artemo,</span> <span class='ocrx_word' id='word_1_227' title='bbox 874 2788 890 2821; x_wconf 78' lang='lat' dir='ltr'>n</span> <span class='ocrx_word' id='word_1_228' title='bbox 911 2774 944 2826; x_wconf 82' lang='lat' dir='ltr'>et</span> <span class='ocrx_word' id='word_1_229' title='bbox 963 2759 1106 2827; x_wconf 81' lang='lat' dir='ltr'>iudiciis</span> <span class='ocrx_word' id='word_1_230' title='bbox 1122 2761 1258 2851; x_wconf 72' lang='lat' dir='ltr'>maqnis</span> <span class='ocrx_word' id='word_1_231' title='bbox 1275 2788 1309 2846; x_wconf 79' lang='lat' dir='ltr'>n,</span> <span class='ocrx_word' id='word_1_232' title='bbox 1326 2783 1372 2828; x_wconf 87' lang='lat' dir='ltr'>sc.</span> <span class='ocrx_word' id='word_1_233' title='bbox 1390 2761 1505 2851; x_wconf 80' lang='lat' dir='ltr'>plagis</span> <span class='ocrx_word' id='word_1_234' title='bbox 1518 2767 1578 2828; x_wconf 79' lang='lat' dir='ltr'>Ae-</span> 
     </span>
     <span class='ocr_line' id='line_1_23' title="bbox 240 2865 1575 2957; baseline 0.001 -25"><span class='ocrx_word' id='word_1_235' title='bbox 240 2865 370 2956; x_wconf 82' lang='lat' dir='ltr'>gyptiis</span> <span class='ocrx_word' id='word_1_236' title='bbox 388 2866 587 2953; x_wconf 86' lang='lat' dir='ltr'>infligendis</span> <span class='ocrx_word' id='word_1_237' title='bbox 607 2868 773 2957; x_wconf 63' lang='lat' dir='ltr'>(Bausta).</span> <span class='ocrx_word' id='word_1_238' title='bbox 792 2895 808 2928; x_wconf 91' lang='lat'>«</span> <span class='ocrx_word' id='word_1_239' title='bbox 822 2873 879 2934; x_wconf 88' lang='lat' dir='ltr'>Est</span> <span class='ocrx_word' id='word_1_240' title='bbox 892 2869 1095 2957; x_wconf 79' lang='lat' dir='ltr'>metaphora</span> <span class='ocrx_word' id='word_1_241' title='bbox 1109 2868 1175 2934; x_wconf 88' lang='lat' dir='ltr'>viri</span> <span class='ocrx_word' id='word_1_242' title='bbox 1190 2869 1393 2957; x_wconf 80' lang='lat' dir='ltr'>pugnatoris</span> <span class='ocrx_word' id='word_1_243' title='bbox 1408 2896 1424 2930; x_wconf 88' lang='lat'>»</span> <span class='ocrx_word' id='word_1_244' title='bbox 1443 2867 1575 2956; x_wconf 63' lang='lat' dir='ltr'>(Tora),</span> 
     </span>
     <span class='ocr_line' id='line_1_24' title="bbox 240 2973 1575 3064; baseline 0.001 -27"><span class='ocrx_word' id='word_1_245' title='bbox 240 2973 284 3037; x_wconf 88' lang='lat' dir='ltr'>ef.</span> <span class='ocrx_word' id='word_1_246' title='bbox 304 2979 360 3054; x_wconf 58' lang='lat' dir='ltr'>&#39;bb</span> <span class='ocrx_word' id='word_1_247' title='bbox 376 2995 427 3062; x_wconf 89' lang='lat' dir='ltr'>sq.</span> <span class='ocrx_word' id='word_1_248' title='bbox 453 3001 468 3034; x_wconf 79' lang='lat' dir='ltr'>u</span> <span class='ocrx_word' id='word_1_249' title='bbox 486 2977 557 3060; x_wconf 82' lang='lat' dir='ltr'>Ego</span> <span class='ocrx_word' id='word_1_250' title='bbox 575 2973 607 3040; x_wconf 87' lang='lat' dir='ltr'>vi</span> <span class='ocrx_word' id='word_1_251' title='bbox 626 2995 755 3060; x_wconf 80' lang='lat' dir='ltr'>magna</span> <span class='ocrx_word' id='word_1_252' title='bbox 775 2980 808 3040; x_wconf 89' lang='lat' dir='ltr'>et</span> <span class='ocrx_word' id='word_1_253' title='bbox 829 2973 1000 3063; x_wconf 79' lang='lat' dir='ltr'>prodigiis</span> <span class='ocrx_word' id='word_1_254' title='bbox 1020 2975 1156 3060; x_wconf 83' lang='lat' dir='ltr'>magnis</span> <span class='ocrx_word' id='word_1_255' title='bbox 1178 2975 1324 3064; x_wconf 87' lang='lat' dir='ltr'>eripiam</span> <span class='ocrx_word' id='word_1_256' title='bbox 1343 2997 1404 3041; x_wconf 87' lang='lat' dir='ltr'>vos</span> <span class='ocrx_word' id='word_1_257' title='bbox 1418 3002 1434 3035; x_wconf 88' lang='lat'>»</span> <span class='ocrx_word' id='word_1_258' title='bbox 1452 2974 1462 3061; x_wconf 88' lang='lat'>(</span> <span class='ocrx_word' id='word_1_259' title='bbox 1473 2973 1575 3062; x_wconf 73' lang='lat' dir='ltr'>Vnt).</span> 
     </span>
     <span class='ocr_line' id='line_1_25' title="bbox 241 3077 1576 3172; baseline 0.003 -31"><span class='ocrx_word' id='word_1_260' title='bbox 241 3085 295 3144; x_wconf 86' lang='lat' dir='ltr'>v.1</span> <span class='ocrx_word' id='word_1_261' title='bbox 314 3077 587 3172; x_wconf 75' lang='lat' dir='ltr'>legebaturapm</span> <span class='ocrx_word' id='word_1_262' title='bbox 603 3095 668 3154; x_wconf 63' lang='grc' dir='ltr'>Ἦ,</span> <span class='ocrx_word' id='word_1_263' title='bbox 684 3079 767 3146; x_wconf 87' lang='lat' dir='ltr'>dum</span> <span class='ocrx_word' id='word_1_264' title='bbox 782 3083 876 3146; x_wconf 84' lang='lat' dir='ltr'>Dent.</span> <span class='ocrx_word' id='word_1_265' title='bbox 895 3086 1380 3164; x_wconf 75' lang='lat' dir='ltr'>t‚3t;5,15;7‚1o;11,n;uo‚8</span> <span class='ocrx_word' id='word_1_266' title='bbox 1399 3081 1460 3168; x_wconf 85' lang='lat' dir='ltr'>(cf.</span> <span class='ocrx_word' id='word_1_267' title='bbox 1478 3079 1576 3169; x_wconf 57' lang='lat'>939)</span> 
     </span>
     <span class='ocr_line' id='line_1_26' title="bbox 242 3185 1578 3277; baseline 0.003 -28"><span class='ocrx_word' id='word_1_268' title='bbox 242 3188 385 3274; x_wconf 90' lang='lat' dir='ltr'>utraque</span> <span class='ocrx_word' id='word_1_269' title='bbox 401 3185 562 3252; x_wconf 85' lang='lat' dir='ltr'>scribitur</span> <span class='ocrx_word' id='word_1_270' title='bbox 576 3185 757 3276; x_wconf 81' lang='lat' dir='ltr'>expressio,</span> <span class='ocrx_word' id='word_1_271' title='bbox 775 3190 826 3253; x_wconf 79' lang='lat' dir='ltr'>An</span> <span class='ocrx_word' id='word_1_272' title='bbox 842 3207 925 3272; x_wconf 84' lang='lat' dir='ltr'>crgo</span> <span class='ocrx_word' id='word_1_273' title='bbox 941 3186 1067 3253; x_wconf 86' lang='lat' dir='ltr'>diversi</span> <span class='ocrx_word' id='word_1_274' title='bbox 1084 3187 1169 3274; x_wconf 76' lang='lat' dir='ltr'>(nid</span> <span class='ocrx_word' id='word_1_275' title='bbox 1207 3188 1230 3274; x_wconf 67' lang='lat' dir='ltr'>‚i</span> <span class='ocrx_word' id='word_1_276' title='bbox 1247 3210 1279 3253; x_wconf 92' lang='lat' dir='ltr'>v.</span> <span class='ocrx_word' id='word_1_277' title='bbox 1300 3195 1315 3254; x_wconf 95' lang='lat'><strong>1</strong></span> <span class='ocrx_word' id='word_1_278' title='bbox 1338 3192 1371 3253; x_wconf 91' lang='lat' dir='ltr'>et</span> <span class='ocrx_word' id='word_1_279' title='bbox 1389 3208 1422 3253; x_wconf 87' lang='lat' dir='ltr'>v.</span> <span class='ocrx_word' id='word_1_280' title='bbox 1441 3187 1578 3277; x_wconf 86' lang='lat' dir='ltr'>6serip-</span> 
     </span>
     <span class='ocr_line' id='line_1_27' title="bbox 242 3292 1577 3382; baseline 0.004 -28"><span class='ocrx_word' id='word_1_281' title='bbox 242 3293 350 3356; x_wconf 84' lang='lat' dir='ltr'>tores?</span> <span class='ocrx_word' id='word_1_282' title='bbox 363 3295 464 3371; x_wconf 82' lang='lat' dir='ltr'>Nota,</span> <span class='ocrx_word' id='word_1_283' title='bbox 483 3314 515 3357; x_wconf 92' lang='lat' dir='ltr'>v.</span> <span class='ocrx_word' id='word_1_284' title='bbox 535 3299 551 3358; x_wconf 90' lang='lat'>1</span> <span class='ocrx_word' id='word_1_285' title='bbox 574 3292 767 3359; x_wconf 91' lang='lat' dir='ltr'>subiectum</span> <span class='ocrx_word' id='word_1_286' title='bbox 786 3315 857 3359; x_wconf 89' lang='lat' dir='ltr'>esse</span> <span class='ocrx_word' id='word_1_287' title='bbox 880 3292 1110 3372; x_wconf 75' lang='lat' dir='ltr'>Pharaonem,</span> <span class='ocrx_word' id='word_1_288' title='bbox 1128 3293 1189 3382; x_wconf 92' lang='lat' dir='ltr'>qui</span> <span class='ocrx_word' id='word_1_289' title='bbox 1207 3316 1277 3359; x_wconf 92' lang='lat' dir='ltr'>non</span> <span class='ocrx_word' id='word_1_290' title='bbox 1302 3298 1436 3360; x_wconf 82' lang='lat' dir='ltr'>extento</span> <span class='ocrx_word' id='word_1_291' title='bbox 1460 3300 1493 3360; x_wconf 91' lang='lat' dir='ltr'>et</span> <span class='ocrx_word' id='word_1_292' title='bbox 1512 3293 1577 3359; x_wconf 91' lang='lat' dir='ltr'>mi-</span> 
     </span>
     <span class='ocr_line' id='line_1_28' title="bbox 241 3395 1578 3489; baseline 0.004 -28"><span class='ocrx_word' id='word_1_293' title='bbox 241 3397 340 3462; x_wconf 84' lang='lat' dir='ltr'>nanti</span> <span class='ocrx_word' id='word_1_294' title='bbox 362 3399 419 3462; x_wconf 84' lang='lat' dir='ltr'>Dei</span> <span class='ocrx_word' id='word_1_295' title='bbox 442 3395 598 3480; x_wconf 73' lang='lat' dir='ltr'>bractio,</span> <span class='ocrx_word' id='word_1_296' title='bbox 615 3398 675 3464; x_wconf 89' lang='lat' dir='ltr'>scd</span> <span class='ocrx_word' id='word_1_297' title='bbox 698 3399 822 3465; x_wconf 77' lang='lat' dir='ltr'>inorrui</span> <span class='ocrx_word' id='word_1_298' title='bbox 849 3399 963 3489; x_wconf 81' lang='lat' dir='ltr'>plagis</span> <span class='ocrx_word' id='word_1_299' title='bbox 985 3398 1127 3466; x_wconf 89' lang='lat' dir='ltr'>inflictis</span> <span class='ocrx_word' id='word_1_300' title='bbox 1148 3399 1316 3466; x_wconf 90' lang='lat' dir='ltr'>cervicem</span> <span class='ocrx_word' id='word_1_301' title='bbox 1340 3400 1509 3489; x_wconf 87' lang='lat' dir='ltr'>prementi</span> <span class='ocrx_word' id='word_1_302' title='bbox 1534 3401 1578 3467; x_wconf 90' lang='lat' dir='ltr'>sit</span> 
     </span>
     <span class='ocr_line' id='line_1_29' title="bbox 243 3503 1577 3597; baseline 0.003 -29"><span class='ocrx_word' id='word_1_303' title='bbox 243 3503 476 3570; x_wconf 86' lang='lat' dir='ltr'>obsecuturus.</span> <span class='ocrx_word' id='word_1_304' title='bbox 494 3527 526 3570; x_wconf 93' lang='lat' dir='ltr'>v.</span> <span class='ocrx_word' id='word_1_305' title='bbox 548 3511 568 3570; x_wconf 85' lang='lat'><strong>7</strong></span> <span class='ocrx_word' id='word_1_306' title='bbox 588 3534 603 3565; x_wconf 76' lang='grc' dir='ltr'>(ι</span> <span class='ocrx_word' id='word_1_307' title='bbox 621 3505 666 3571; x_wconf 81' lang='lat' dir='ltr'>Et</span> <span class='ocrx_word' id='word_1_308' title='bbox 690 3527 862 3572; x_wconf 82' lang='lat' dir='ltr'>assumam</span> <span class='ocrx_word' id='word_1_309' title='bbox 887 3505 1050 3572; x_wconf 79' lang='lat' dir='ltr'>cosmidi</span> <span class='ocrx_word' id='word_1_310' title='bbox 1074 3506 1111 3572; x_wconf 87' lang='lat' dir='ltr'>ia</span> <span class='ocrx_word' id='word_1_311' title='bbox 1127 3506 1318 3597; x_wconf 82' lang='lat' dir='ltr'>popul-um,</span> <span class='ocrx_word' id='word_1_312' title='bbox 1338 3517 1371 3572; x_wconf 84' lang='lat' dir='ltr'>ct</span> <span class='ocrx_word' id='word_1_313' title='bbox 1391 3528 1445 3572; x_wconf 85' lang='lat' dir='ltr'>ero</span> <span class='ocrx_word' id='word_1_314' title='bbox 1471 3519 1577 3574; x_wconf 82' lang='lat' dir='ltr'>aester</span> 
     </span>
     <span class='ocr_line' id='line_1_30' title="bbox 245 3611 1578 3701; baseline 0.005 -27"><span class='ocrx_word' id='word_1_315' title='bbox 245 3611 329 3674; x_wconf 73' lang='lat' dir='ltr'>Deras</span> <span class='ocrx_word' id='word_1_316' title='bbox 347 3637 376 3676; x_wconf 89' lang='lat'>».</span> <span class='ocrx_word' id='word_1_317' title='bbox 396 3614 437 3676; x_wconf 88' lang='lat' dir='ltr'>Se</span> <span class='ocrx_word' id='word_1_318' title='bbox 451 3632 571 3677; x_wconf 91' lang='lat' dir='ltr'>eorum</span> <span class='ocrx_word' id='word_1_319' title='bbox 591 3615 696 3679; x_wconf 86' lang='lat' dir='ltr'>Deum</span> <span class='ocrx_word' id='word_1_320' title='bbox 709 3613 880 3693; x_wconf 85' lang='lat' dir='ltr'>futurum,</span> <span class='ocrx_word' id='word_1_321' title='bbox 894 3612 1100 3701; x_wconf 84' lang='lat' dir='ltr'>promiserat</span> <span class='ocrx_word' id='word_1_322' title='bbox 1114 3617 1201 3679; x_wconf 84' lang='lat' dir='ltr'>Deus</span> <span class='ocrx_word' id='word_1_323' title='bbox 1216 3618 1299 3680; x_wconf 87' lang='lat' dir='ltr'>Gen.</span> <span class='ocrx_word' id='word_1_324' title='bbox 1322 3618 1412 3692; x_wconf 80' lang='lat'><strong>17‚7;</strong></span> <span class='ocrx_word' id='word_1_325' title='bbox 1435 3635 1492 3679; x_wconf 86' lang='lat' dir='ltr'>eos</span> <span class='ocrx_word' id='word_1_326' title='bbox 1510 3614 1578 3680; x_wconf 90' lang='lat' dir='ltr'>sibi</span> 
     </span>
     <span class='ocr_line' id='line_1_31' title="bbox 242 3715 1578 3808; baseline 0.003 -26"><span class='ocrx_word' id='word_1_327' title='bbox 242 3715 375 3782; x_wconf 79' lang='lat' dir='ltr'>futuros</span> <span class='ocrx_word' id='word_1_328' title='bbox 391 3717 428 3781; x_wconf 93' lang='lat' dir='ltr'>in</span> <span class='ocrx_word' id='word_1_329' title='bbox 447 3717 635 3805; x_wconf 85' lang='lat' dir='ltr'>populum,</span> <span class='ocrx_word' id='word_1_330' title='bbox 651 3740 744 3785; x_wconf 93' lang='lat' dir='ltr'>nuuc</span> <span class='ocrx_word' id='word_1_331' title='bbox 758 3718 915 3801; x_wconf 89' lang='lat' dir='ltr'>tandem,</span> <span class='ocrx_word' id='word_1_332' title='bbox 935 3719 995 3784; x_wconf 92' lang='lat' dir='ltr'>ubi</span> <span class='ocrx_word' id='word_1_333' title='bbox 1011 3719 1159 3808; x_wconf 94' lang='lat' dir='ltr'>populus</span> <span class='ocrx_word' id='word_1_334' title='bbox 1171 3719 1253 3786; x_wconf 86' lang='lat' dir='ltr'>facti</span> <span class='ocrx_word' id='word_1_335' title='bbox 1267 3726 1362 3798; x_wconf 87' lang='lat' dir='ltr'>sunt,</span> <span class='ocrx_word' id='word_1_336' title='bbox 1377 3720 1578 3808; x_wconf 86' lang='lat' dir='ltr'>pronuntiat</span> 
     </span>
     <span class='ocr_line' id='line_1_32' title="bbox 243 3817 1577 3915; baseline 0.006 -30"><span class='ocrx_word' id='word_1_337' title='bbox 243 3819 375 3909; x_wconf 79' lang='lat' dir='ltr'>(Tost.);</span> <span class='ocrx_word' id='word_1_338' title='bbox 391 3821 587 3890; x_wconf 89' lang='lat' dir='ltr'>adsensum</span> <span class='ocrx_word' id='word_1_339' title='bbox 602 3824 824 3913; x_wconf 85' lang='lat' dir='ltr'>expressionis</span> <span class='ocrx_word' id='word_1_340' title='bbox 839 3825 883 3890; x_wconf 87' lang='lat' dir='ltr'>cf.</span> <span class='ocrx_word' id='word_1_341' title='bbox 898 3828 979 3891; x_wconf 87' lang='lat' dir='ltr'>Gen.</span> <span class='ocrx_word' id='word_1_342' title='bbox 997 3830 1100 3907; x_wconf 54' lang='lat'>2820</span> <span class='ocrx_word' id='word_1_343' title='bbox 1116 3847 1166 3915; x_wconf 92' lang='lat' dir='ltr'>sq.</span> <span class='ocrx_word' id='word_1_344' title='bbox 1183 3823 1374 3914; x_wconf 87' lang='lat' dir='ltr'>Specialem</span> <span class='ocrx_word' id='word_1_345' title='bbox 1389 3817 1430 3892; x_wconf 87' lang='lat' dir='ltr'>se&#39;</span> <span class='ocrx_word' id='word_1_346' title='bbox 1438 3826 1577 3914; x_wconf 86' lang='lat' dir='ltr'>profite-</span> 
     </span>
     <span class='ocr_line' id='line_1_33' title="bbox 239 3929 1577 4021; baseline 0.006 -30"><span class='ocrx_word' id='word_1_347' title='bbox 239 3933 296 3993; x_wconf 92' lang='lat' dir='ltr'>tur</span> <span class='ocrx_word' id='word_1_348' title='bbox 306 3950 425 3994; x_wconf 88' lang='lat' dir='ltr'>eorum</span> <span class='ocrx_word' id='word_1_349' title='bbox 438 3950 555 3995; x_wconf 89' lang='lat' dir='ltr'>curam</span> <span class='ocrx_word' id='word_1_350' title='bbox 569 3951 639 3996; x_wconf 89' lang='lat' dir='ltr'>csse</span> <span class='ocrx_word' id='word_1_351' title='bbox 651 3930 869 4014; x_wconf 83' lang='lat' dir='ltr'>habiturum,</span> <span class='ocrx_word' id='word_1_352' title='bbox 885 3931 1025 4021; x_wconf 90' lang='lat' dir='ltr'>speciali</span> <span class='ocrx_word' id='word_1_353' title='bbox 1038 3929 1083 3996; x_wconf 91' lang='lat' dir='ltr'>ab</span> <span class='ocrx_word' id='word_1_354' title='bbox 1095 3929 1178 4019; x_wconf 91' lang='lat' dir='ltr'>ipsis</span> <span class='ocrx_word' id='word_1_355' title='bbox 1191 3930 1342 3998; x_wconf 85' lang='lat' dir='ltr'>vicissim</span> <span class='ocrx_word' id='word_1_356' title='bbox 1360 3931 1456 3998; x_wconf 91' lang='lat' dir='ltr'>cultu</span> <span class='ocrx_word' id='word_1_357' title='bbox 1469 3933 1577 3999; x_wconf 77' lang='lat' dir='ltr'>hono</span> 
     </span>
     <span class='ocr_line' id='line_1_34' title="bbox 240 4034 1577 4127; baseline 0.006 -30"><span class='ocrx_word' id='word_1_358' title='bbox 240 4034 379 4101; x_wconf 87' lang='lat' dir='ltr'>raudus.</span> <span class='ocrx_word' id='word_1_359' title='bbox 406 4063 421 4094; x_wconf 90' lang='lat'>«</span> <span class='ocrx_word' id='word_1_360' title='bbox 435 4037 481 4100; x_wconf 81' lang='lat' dir='ltr'>Et</span> <span class='ocrx_word' id='word_1_361' title='bbox 499 4035 611 4102; x_wconf 81' lang='lat' dir='ltr'>sciatis</span> <span class='ocrx_word' id='word_1_362' title='bbox 628 4065 644 4098; x_wconf 86' lang='lat'>»</span> <span class='ocrx_word' id='word_1_363' title='bbox 665 4063 681 4097; x_wconf 93' lang='lat'>«</span> <span class='ocrx_word' id='word_1_364' title='bbox 703 4037 937 4126; x_wconf 85' lang='lat' dir='ltr'>experimento</span> <span class='ocrx_word' id='word_1_365' title='bbox 958 4063 974 4098; x_wconf 80' lang='lat' dir='ltr'>n</span> <span class='ocrx_word' id='word_1_366' title='bbox 991 4037 1101 4126; x_wconf 75' lang='lat' dir='ltr'>(Gai),</span> <span class='ocrx_word' id='word_1_367' title='bbox 1125 4065 1141 4097; x_wconf 91' lang='lat'>«</span> <span class='ocrx_word' id='word_1_368' title='bbox 1160 4037 1254 4126; x_wconf 84' lang='lat' dir='ltr'>quod</span> <span class='ocrx_word' id='word_1_369' title='bbox 1273 4061 1336 4127; x_wconf 71' lang='lat' dir='ltr'>eqo</span> <span class='ocrx_word' id='word_1_370' title='bbox 1359 4062 1436 4104; x_wconf 73' lang='lat' dir='ltr'>stein</span> <span class='ocrx_word' id='word_1_371' title='bbox 1459 4039 1577 4105; x_wconf 86' lang='lat' dir='ltr'>Domi-</span> 
     </span>
     <span class='ocr_line' id='line_1_35' title="bbox 237 4142 1576 4234; baseline 0.007 -31"><span class='ocrx_word' id='word_1_372' title='bbox 237 4161 304 4204; x_wconf 77' lang='lat' dir='ltr'>mas</span> <span class='ocrx_word' id='word_1_373' title='bbox 322 4144 411 4206; x_wconf 82' lang='lat' dir='ltr'>Deus</span> <span class='ocrx_word' id='word_1_374' title='bbox 430 4153 551 4224; x_wconf 76' lang='lat' dir='ltr'>vestm,</span> <span class='ocrx_word' id='word_1_375' title='bbox 572 4142 635 4234; x_wconf 81' lang='lat' dir='ltr'>qui</span> <span class='ocrx_word' id='word_1_376' title='bbox 649 4142 827 4210; x_wconf 71' lang='lat' dir='ltr'>adommim</span> <span class='ocrx_word' id='word_1_377' title='bbox 847 4166 904 4209; x_wconf 86' lang='lat' dir='ltr'>vos</span> <span class='ocrx_word' id='word_1_378' title='bbox 924 4143 963 4209; x_wconf 87' lang='lat' dir='ltr'>dc</span> <span class='ocrx_word' id='word_1_379' title='bbox 983 4142 1158 4233; x_wconf 76' lang='lat' dir='ltr'>erqastulo</span> <span class='ocrx_word' id='word_1_380' title='bbox 1181 4145 1434 4233; x_wconf 72' lang='lat' dir='ltr'>Aeqzsptioram</span> <span class='ocrx_word' id='word_1_381' title='bbox 1452 4173 1482 4209; x_wconf 90' lang='lat'>».</span> <span class='ocrx_word' id='word_1_382' title='bbox 1504 4168 1537 4213; x_wconf 86' lang='lat' dir='ltr'>v.</span> <span class='ocrx_word' id='word_1_383' title='bbox 1555 4151 1576 4213; x_wconf 90' lang='lat'><em>8</em></span> 
     </span>
     <span class='ocr_line' id='line_1_36' title="bbox 242 4247 1574 4340; baseline 0.008 -34"><span class='ocrx_word' id='word_1_384' title='bbox 242 4247 316 4311; x_wconf 83' lang='lat' dir='ltr'>«Et</span> <span class='ocrx_word' id='word_1_385' title='bbox 341 4247 572 4314; x_wconf 73' lang='lat' dir='ltr'>indicaverim»</span> <span class='ocrx_word' id='word_1_386' title='bbox 591 4289 635 4298; x_wconf 90' lang='lat'><strong>—</strong></span> <span class='ocrx_word' id='word_1_387' title='bbox 655 4250 796 4316; x_wconf 90' lang='lat' dir='ltr'>omnino</span> <span class='ocrx_word' id='word_1_388' title='bbox 822 4250 1026 4317; x_wconf 89' lang='lat' dir='ltr'>vertendum</span> <span class='ocrx_word' id='word_1_389' title='bbox 1046 4263 1079 4316; x_wconf 82' lang='lat' dir='ltr'>a!</span> <span class='ocrx_word' id='word_1_390' title='bbox 1105 4249 1270 4317; x_wconf 84' lang='lat' dir='ltr'>inducam</span> <span class='ocrx_word' id='word_1_391' title='bbox 1296 4252 1370 4340; x_wconf 88' lang='lat' dir='ltr'>(LX</span> <span class='ocrx_word' id='word_1_392' title='bbox 1434 4291 1480 4302; x_wconf 90' lang='lat'>-</span> <span class='ocrx_word' id='word_1_393' title='bbox 1500 4280 1517 4313; x_wconf 88' lang='lat'>«</span> <span class='ocrx_word' id='word_1_394' title='bbox 1539 4252 1574 4318; x_wconf 84' lang='lat' dir='ltr'>in</span> 
     </span>
     <span class='ocr_line' id='line_1_37' title="bbox 237 4354 1575 4447; baseline 0.005 -31"><span class='ocrx_word' id='word_1_395' title='bbox 237 4362 379 4435; x_wconf 80' lang='lat' dir='ltr'>temam,</span> <span class='ocrx_word' id='word_1_396' title='bbox 396 4376 499 4443; x_wconf 81' lang='lat' dir='ltr'>super</span> <span class='ocrx_word' id='word_1_397' title='bbox 523 4377 627 4444; x_wconf 83' lang='lat' dir='ltr'>quam</span> <span class='ocrx_word' id='word_1_398' title='bbox 649 4354 761 4423; x_wconf 85' lang='lat' dir='ltr'>levavi</span> <span class='ocrx_word' id='word_1_399' title='bbox 782 4379 922 4422; x_wconf 80' lang='lat' dir='ltr'>mariam</span> <span class='ocrx_word' id='word_1_400' title='bbox 943 4379 1054 4423; x_wconf 76' lang='lat' dir='ltr'>nicam</span> <span class='ocrx_word' id='word_1_401' title='bbox 1076 4384 1091 4415; x_wconf 74' lang='lat' dir='ltr'>n</span> <span class='ocrx_word' id='word_1_402' title='bbox 1115 4379 1174 4422; x_wconf 91' lang='lat' dir='ltr'>seu</span> <span class='ocrx_word' id='word_1_403' title='bbox 1192 4383 1209 4418; x_wconf 92' lang='lat'>«</span> <span class='ocrx_word' id='word_1_404' title='bbox 1229 4356 1341 4424; x_wconf 80' lang='lat' dir='ltr'>iuravi</span> <span class='ocrx_word' id='word_1_405' title='bbox 1357 4387 1372 4418; x_wconf 85' lang='lat'>»</span> <span class='ocrx_word' id='word_1_406' title='bbox 1396 4361 1467 4447; x_wconf 84' lang='lat' dir='ltr'>(Ps.</span> <span class='ocrx_word' id='word_1_407' title='bbox 1485 4361 1575 4438; x_wconf 72' lang='lat' dir='ltr'>loa,</span> 
     </span>
     <span class='ocr_line' id='line_1_38' title="bbox 242 4458 1574 4552; baseline 0.005 -28"><span class='ocrx_word' id='word_1_408' title='bbox 242 4461 275 4524; x_wconf 89' lang='lat' dir='ltr'>et</span> <span class='ocrx_word' id='word_1_409' title='bbox 287 4458 331 4524; x_wconf 85' lang='lat' dir='ltr'>cf.</span> <span class='ocrx_word' id='word_1_410' title='bbox 351 4464 432 4526; x_wconf 91' lang='lat' dir='ltr'>Gen.</span> <span class='ocrx_word' id='word_1_411' title='bbox 454 4467 553 4542; x_wconf 85' lang='lat'><strong>15,18</strong></span> <span class='ocrx_word' id='word_1_412' title='bbox 568 4461 674 4552; x_wconf 80' lang='lat' dir='ltr'>sqq.),</span> <span class='ocrx_word' id='word_1_413' title='bbox 696 4493 711 4524; x_wconf 90' lang='lat'>«</span> <span class='ocrx_word' id='word_1_414' title='bbox 728 4475 764 4528; x_wconf 84' lang='lat' dir='ltr'>at</span> <span class='ocrx_word' id='word_1_415' title='bbox 783 4463 902 4529; x_wconf 86' lang='lat' dir='ltr'>darem</span> <span class='ocrx_word' id='word_1_416' title='bbox 914 4485 990 4529; x_wconf 74' lang='lat' dir='ltr'>earn</span> <span class='ocrx_word' id='word_1_417' title='bbox 1004 4462 1196 4543; x_wconf 78' lang='lat' dir='ltr'>Abrabam,</span> <span class='ocrx_word' id='word_1_418' title='bbox 1214 4464 1312 4530; x_wconf 87' lang='lat' dir='ltr'>Isaac</span> <span class='ocrx_word' id='word_1_419' title='bbox 1332 4477 1364 4530; x_wconf 83' lang='lat' dir='ltr'>ct</span> <span class='ocrx_word' id='word_1_420' title='bbox 1376 4467 1497 4550; x_wconf 85' lang='lat' dir='ltr'>Iacob‚·</span> <span class='ocrx_word' id='word_1_421' title='bbox 1510 4463 1574 4531; x_wconf 91' lang='lat' dir='ltr'>da·</span> 
     </span>
     <span class='ocr_line' id='line_1_39' title="bbox 240 4565 1169 4658; baseline 0.005 -29"><span class='ocrx_word' id='word_1_422' title='bbox 240 4565 348 4653; x_wconf 80' lang='lat' dir='ltr'>boqur</span> <span class='ocrx_word' id='word_1_423' title='bbox 368 4565 467 4632; x_wconf 87' lang='lat' dir='ltr'>illam</span> <span class='ocrx_word' id='word_1_424' title='bbox 482 4566 576 4648; x_wconf 77' lang='lat' dir='ltr'>vobis</span> <span class='ocrx_word' id='word_1_425' title='bbox 592 4567 848 4657; x_wconf 77' lang='lat' dir='ltr'>possidendam.</span> <span class='ocrx_word' id='word_1_426' title='bbox 864 4572 940 4658; x_wconf 70' lang='lat' dir='ltr'>Epo</span> <span class='ocrx_word' id='word_1_427' title='bbox 955 4570 1122 4635; x_wconf 70' lang='lat' dir='ltr'>Donamus</span> <span class='ocrx_word' id='word_1_428' title='bbox 1140 4598 1169 4634; x_wconf 86' lang='lat'>».</span> 
     </span>
    </p>

    <p class='ocr_par' dir='ltr' id='par_1_6' title="bbox 238 4674 1575 4874">
     <span class='ocr_line' id='line_1_40' title="bbox 284 4674 1575 4768; baseline 0.005 -31"><span class='ocrx_word' id='word_1_429' title='bbox 284 4695 315 4738; x_wconf 91' lang='lat' dir='ltr'>v.</span> <span class='ocrx_word' id='word_1_430' title='bbox 339 4678 358 4738; x_wconf 83' lang='lat'><strong>9</strong></span> <span class='ocrx_word' id='word_1_431' title='bbox 374 4699 389 4733; x_wconf 78' lang='lat' dir='ltr'>a</span> <span class='ocrx_word' id='word_1_432' title='bbox 408 4674 571 4740; x_wconf 78' lang='lat' dir='ltr'>Narravit</span> <span class='ocrx_word' id='word_1_433' title='bbox 592 4698 672 4764; x_wconf 78' lang='lat' dir='ltr'>erqo</span> <span class='ocrx_word' id='word_1_434' title='bbox 689 4679 824 4765; x_wconf 76' lang='lat' dir='ltr'>Moyses</span> <span class='ocrx_word' id='word_1_435' title='bbox 844 4677 961 4741; x_wconf 83' lang='lat' dir='ltr'>omnio</span> <span class='ocrx_word' id='word_1_436' title='bbox 976 4675 1062 4763; x_wconf 70' lang='lat' dir='ltr'>filia·</span> <span class='ocrx_word' id='word_1_437' title='bbox 1079 4674 1202 4759; x_wconf 75' lang='lat' dir='ltr'>israel,</span> <span class='ocrx_word' id='word_1_438' title='bbox 1225 4676 1287 4764; x_wconf 81' lang='lat' dir='ltr'>qui</span> <span class='ocrx_word' id='word_1_439' title='bbox 1306 4699 1376 4743; x_wconf 83' lang='lat' dir='ltr'>non</span> <span class='ocrx_word' id='word_1_440' title='bbox 1394 4678 1575 4768; x_wconf 76' lang='lat' dir='ltr'>acquiesc-</span> 
     </span>
     <span class='ocr_line' id='line_1_41' title="bbox 238 4777 1573 4874; baseline 0.007 -33"><span class='ocrx_word' id='word_1_441' title='bbox 238 4791 320 4844; x_wconf 85' lang='lat' dir='ltr'>rnat</span> <span class='ocrx_word' id='word_1_442' title='bbox 330 4777 363 4846; x_wconf 84' lang='lat' dir='ltr'>ci</span> <span class='ocrx_word' id='word_1_443' title='bbox 374 4793 515 4870; x_wconf 83' lang='lat' dir='ltr'>propter</span> <span class='ocrx_word' id='word_1_444' title='bbox 525 4781 722 4870; x_wconf 77' lang='lat' dir='ltr'>anqustiam</span> <span class='ocrx_word' id='word_1_445' title='bbox 734 4782 878 4872; x_wconf 80' lang='lat' dir='ltr'>spiritus</span> <span class='ocrx_word' id='word_1_446' title='bbox 895 4811 911 4843; x_wconf 76' lang='lat' dir='ltr'>s</span> <span class='ocrx_word' id='word_1_447' title='bbox 925 4821 969 4832; x_wconf 92' lang='lat'>-</span> <span class='ocrx_word' id='word_1_448' title='bbox 982 4781 1082 4849; x_wconf 83' lang='lat' dir='ltr'>chr,</span> <span class='ocrx_word' id='word_1_449' title='bbox 1097 4781 1297 4850; x_wconf 81' lang='lat' dir='ltr'>brevitatem</span> <span class='ocrx_word' id='word_1_450' title='bbox 1311 4783 1469 4872; x_wconf 64' lang='lat' dir='ltr'>spiritus,</span> <span class='ocrx_word' id='word_1_451' title='bbox 1484 4807 1573 4874; x_wconf 90' lang='lat' dir='ltr'>quac</span> 
     </span>
    </p>
   </div>
   <div class='ocr_carea' id='block_1_6' title="bbox 0 0 1772 5382">
    <p class='ocr_par' dir='ltr' id='par_1_7' title="bbox 0 0 1772 5382">
     <span class='ocr_line' id='line_1_42' title="bbox 0 0 1772 5382; baseline 0 0"><span class='ocrx_word' id='word_1_452' title='bbox 0 0 1772 5382; x_wconf 95' lang='lat' dir='ltr'> </span> 
     </span>
    </p>
   </div>
  </div>
 </body>
</html>
