3534 5384
256 387 315 446 i50
740 400 778 443 ax
802 399 939 443 incurro
960 400 991 443 iu
1013 396 1102 443 siuti.

254 541 293 603 li.
316 541 379 602 v'titt
395 556 486 623 sqq,
502 533 640 623 Leipzig
662 534 774 618 1885).
791 556 824 601 v,
846 539 888 599 ti
911 561 926 595 «
954 534 1096 623 iamque
1115 531 1299 599 aduenerat
1327 532 1448 623 usitilia
1472 547 1585 601 titutu-

256 645 340 722 tt'nu,
353 639 656 731 etecoetuspiciens
662 641 826 706 Dominus
836 652 1056 729 supercustro
1066 638 1314 731 Aegyptiorum
1323 662 1386 731 per
1394 639 1587 708 ‘columnam

255 749 343 836 tynis
360 760 393 814 et
409 746 530 828 nubis,
546 745 718 837 interfecit
733 746 919 813 coercitum
933 769 1050 813 eorum
1074 774 1105 813 u.
1118 762 1227 841 quipp
1244 747 1385 839 proprie
1408 746 1586 834 inclimttt',

257 856 338 922 dein
360 854 559 922 inclinando
586 854 762 943 respicere.
787 882 803 915 «
822 853 907 933 Quid
923 862 987 935 est,
1005 854 1098 942 quod
1124 876 1185 944 per
1203 853 1333 921 nubem
1360 853 1486 921 dicitur
1504 859 1591 922 Deus

255 964 425 1050 respicere
446 983 549 1051 super
563 967 691 1041 castra,
709 959 775 1053 nisi
790 962 856 1027 boc
873 983 934 1041 so„
952 960 1048 1049 quod
1066 960 1191 1044 nubes,
1212 982 1301 1051 quae
1320 960 1419 1050 prius
1430 962 1591 1029 tenebras

256 1069 404 1134 faciebat
418 1066 612 1157 Aegyptiis,
629 1068 739 1134 iucem
751 1067 914 1157 praebuit
924 1068 993 1133 eis?
1009 1095 1024 1127 u
1040 1067 1184 1157 (Huqo).
1198 1072 1237 1134 Et
1250 1072 1301 1135 Ps.
1316 1075 1359 1134 76
1374 1068 1459 1157 (77),
1480 1075 1520 1135 18
1538 1090 1590 1158 sq.

260 1176 315 1262 (ci.
334 1176 397 1240 ios.
418 1181 451 1240 et
470 1174 585 1262 Toup.)
611 1179 690 1264 apte
709 1174 957 1262 interpretatur
982 1174 1130 1241 tonitrua
1147 1177 1181 1241 at
1198 1174 1351 1261 fulgura.
1375 1174 1504 1251 Quibus
1527 1175 1596 1243 uti-

258 1305 324 1370 que
334 1279 563 1371 pertetrbondi
579 1281 661 1370 (non
678 1280 861 1368 interfecit)
888 1285 987 1359 erant
999 1280 1160 1370 Aegyptii
1173 1301 1363 1371 eorumque
1377 1282 1470 1371 equi.
1483 1287 1593 1349 Monet

262 1387 392 1469 mum,
408 1386 571 1454 delectari
582 1392 605 1452 B
617 1408 699 1453 voce
714 1401 802 1453 utun
818 1386 875 1474 (ci.
894 1410 927 1455 v.
945 1389 1074 1476 itaq),
1091 1386 1174 1471 dum
1189 1394 1217 1455 Α
1230 1410 1263 1453 v.
1280 1394 1456 1456 auitas
1468 1388 1596 1455 scribat

260 1484 312 1558 but
331 1513 337 1552 1
359 1493 419 1561 sed
431 1498 528 1577 nota,
545 1493 617 1560 solo
632 1516 664 1561 v.
680 1500 699 1560 t
714 1481 767 1559 biti
784 1493 967 1579 designare
982 1499 1090 1559 totum
1106 1494 1306 1578 exercitum,
1322 1516 1418 1561 secus
1433 1495 1521 1561 solos
1533 1517 1597 1585 pe·

262 1602 364 1682 dites3
383 1609 547 1685 eratergo
557 1600 645 1667 ratio
658 1599 906 1690 praeferendae
921 1599 1013 1667 vocis
1029 1615 1129 1668 niun.
1143 1620 1176 1666 v.
1190 1606 1232 1668 25
1244 1628 1259 1662 u
1275 1602 1320 1667 Et
1329 1599 1493 1667 subuertit
1506 1615 1597 1669 rotas

264 1729 425 1773 cuntium
445 1728 483 1788 »;
499 1720 564 1771 'inu
578 1706 663 1795 [ecit
680 1705 853 1772 declinere
872 1706 908 1771 in
928 1706 989 1773 ilia
1005 1705 1280 1797 perturbatione,
1301 1707 1394 1774 unde
1416 1713 1531 1775 secuta
1549 1714 1599 1775 est

263 1812 455 1894 suisversi03
473 1815 566 1881 LXX
574 1814 729 1902 itemque
748 1814 843 1881 Sum.
864 1827 953 1877 inuti
974 1811 1148 1904 oolliqooit
1169 1813 1192 1878 i.
1212 1835 1243 1880 e.
1267 1812 1460 1903 implicavit
1476 1820 1596 1883 :rotae

264 1920 346 1987 rotis
357 1919 625 2010 implicabantur
634 1918 672 1985 in
685 1918 747 1987 illa
756 1920 1027 2010 perturbatione.
1042 1924 1110 1985 Vox
1125 1933 1233 1985 ursin
1246 1920 1340 2009 (Gen.
1353 1924 1466 2004 t1,t3;
1483 1922 1597 2010 tona)

264 2028 317 2093 vei
337 2027 374 2093 in
391 2026 502 2117 ipsam
520 2026 678 2113 linguam
693 2028 891 2115 aegyptiam
904 2031 1121 2116 transumpta
1137 2030 1204 2108 est,
1219 2024 1280 2094 ubi
1295 2024 1445 2093 meritobt
1462 2050 1601 2095 currum

266 2133 424 2219 designat
438 2131 573 2198 duabus
581 2132 666 2199 rotis
680 2131 883 2201 instructum
901 2133 1045 2223 (Ennon
1060 2156 1094 2222 p.
1113 2139 1176 2199 650
1192 2132 1273 2223 sq).
1296 2163 1311 2194 a
1327 2132 1601 2225 Feredonturque

267 2241 302 2304 in
312 2238 530 2327 profundum
545 2266 575 2304 s.

302 2417 415 2467 initiati
437 2414 485 2461 :si
508 2412 854 2476 subiectum'supponatur
878 2418 977 2470 niquis
992 2412 1022 2462 in
1046 2413 1099 2462 bac
1120 2414 1261 2464 sententia
1279 2418 1425 2478 acceptum
1445 2418 1477 2463 ut
1497 2424 1601 2464 nomen

268 2500 377 2549 numeri
390 2501 542 2563 singularis
556 2499 662 2567 (tatto.
677 2495 763 2566 Syn),
778 2499 909 2550 suffixum
920 2513 1005 2552 masc.
1017 2502 1091 2565 sing.
1102 2500 1279 2552 referendum
1294 2503 1347 2553 erit
1361 2502 1397 2552 ad
1413 2515 1518 2553 nomen
1535 2502 1601 2565 ient.

269 2590 340 2650 plur.
357 2594 506 2649 atnam,
523 2588 598 2652 quod
614 2589 658 2640 est
671 2590 755 2639 nimis
773 2589 883 2643 durium.
901 2588 976 2653 Ergo
990 2590 1144 2655 subjectum
1166 2592 1208 2641 est
1225 2592 1365 2642 Dominus.
1382 2598 1434 2648 ini
1452 2564 1601 2656 impetitu,

270 2678 371 2726 minori
385 2678 531 2740 animalia,
543 2679 572 2727 in
586 2678 642 2741 piel
652 2676 771 2729 tortasse
783 2677 1016 2741 significationem
1026 2678 1117 2730 induit
1129 2680 1231 2741 affecit,
1246 2686 1275 2730 ut
1292 2682 1444 2731 vrberetur.
1459 2678 1515 2731 Sed
1528 2682 1604 2729 Sum·

268 2768 336 2829 legii
348 2773 478 2828 intuiti,
495 2768 540 2817 oui
554 2766 641 2817 radici
656 2768 685 2815 in
702 2768 805 2830 linguis
820 2780 876 2829 syr.
894 2772 921 2817 et
938 2768 1015 2817 arab.
1028 2765 1195 2833 significatio
1210 2770 1346 2832 competit
1364 2768 1513 2830 concussit,
1526 2784 1607 2831 quos-

271 2857 351 2916 sort‘t,
366 2869 391 2905 u.
408 2870 436 2920 g.
453 2857 567 2906 situlam
585 2857 615 2905 in
634 2859 749 2918 puteum
764 2855 923 2906 demissam.
941 2856 983 2908 Gi.
995 2856 1180 2908 Vocabuiaire
1202 2856 1443 2919 arabe-francam,
1461 2858 1604 2920 Beyroutit

273 2946 350 2994 1883.
368 2944 423 2995 Sed
437 2945 505 3009 quid
524 2946 566 2995 est
579 2940 643 3003 troi
660 2941 800 3011 λεγόμενον
819 2952 935 3007 nim,
952 2946 983 2995 tn
998 2945 1176 3010 difficultate?
1201 2945 1292 3006 Quam
1316 2945 1516 2997 difficultatem
1545 2948 1606 2995 iii·

274 3034 368 3083 thtottt.
385 3035 446 3097 Syr.
463 3034 628 3085 intellexere
648 3033 815 3094 subiective,
831 3046 900 3097 ergo
916 3049 923 3085 :
939 3036 1083 3098 quassavit
1102 3047 1167 3085 eum
1189 3036 1341 3095 violenter;
1355 3037 1404 3085 aut
1429 3050 1435 3085 ε
1453 3035 1559 3095 eiiecit,
1576 3039 1607 3085 ut

273 3124 421 3171 reiteretur
436 3136 498 3171 cum
511 3105 688 3184 diiiicuitaie,
704 3134 805 3172 sensus
819 3122 848 3171 in
862 3123 915 3173 boc
930 3126 1063 3175 contextu
1079 3136 1217 3188 perquam
1233 3125 1382 3187 languens.
1404 3122 1483 3186 iniq.
1501 3124 1608 3174 inteili-

274 3212 313 3270 git
329 3211 465 3262 obiective
479 3212 646 3275 videturque
662 3212 802 3273 cogitasse
816 3210 851 3260 de
867 3211 936 3262 iocis
950 3212 978 3261 in
993 3213 1074 3263 alveo
1088 3213 1193 3271 maris,
1210 3213 1258 3263 ubi
1268 3225 1365 3262 currus
1379 3214 1474 3263 arenis
1487 3212 1608 3263 tortasse

277 3299 425 3349 arabilibus
438 3300 660 3351 absorbebantur
676 3313 682 3347 :
700 3298 819 3350 detrusit
833 3301 862 3349 in
876 3300 1014 3351 eiusmodi
1029 3300 1098 3351 ioca.
1113 3300 1156 3351 ita
1169 3313 1239 3351 sane
1249 3302 1277 3350 in
1288 3304 1368 3351 ‘tortu
1381 3302 1543 3366 ceteroquin
1556 3300 1610 3351 ob-

276 3399 359 3436 scuro
373 3392 438 3451 apia
447 3388 566 3440 habetur
574 3388 702 3450 gradatio
715 3401 722 3435 τ
734 3387 891 3451 fulguribus
902 3390 1100 3454 perturbantur
1111 3390 1252 3453 imprimis
1262 3392 1341 3453 equi,
1354 3390 1533 3454 implicantur
1545 3402 1610 3440 our-

276 3489 355 3524 ruum
371 3481 462 3536 rotae,
481 3478 567 3541 aliqui
583 3478 676 3527 arenis
693 3477 842 3527 mobilibus
857 3460 1051 3539 absorbentur,
1068 3480 1144 3528 totus
1161 3479 1300 3528 exercitus
1313 3482 1421 3529 terrore
1435 3478 1611 3529 dissolvitur.

325 3652 339 3682 «
370 3624 536 3689 itinerum
552 3646 631 3713 erqo
648 3624 815 3713 Aepyptii
830 3646 842 3688 .·
862 3624 1052 3712 Fuqiomus
1064 3624 1240 3710 israelem,
1255 3626 1421 3691 Donatistis
1436 3626 1526 3692 enim
1539 3648 1611 3716 pu-

276 3744 362 3818 qnut
373 3753 437 3821 pro
451 3730 499 3797 eis
509 3744 628 3796 conten
639 3754 700 3797 nos
712 3758 743 3797 u.
758 3731 806 3797 ci.
817 3754 849 3796 u.
864 3736 956 3797 ata.
968 3754 1000 3797 v.
1017 3737 1060 3798 26
1072 3760 1087 3791 «
1098 3734 1144 3797 Et
1156 3731 1207 3797 uit
1217 3731 1382 3799 Dominus
1391 3730 1438 3798 od
1449 3735 1611 3823 Moysen:

279 3837 435 3904 Ertentte
444 3860 587 3904 monum
600 3851 696 3905 tetum
705 3860 807 3927 supet·
821 3860 928 3921 tituto,
943 3850 980 3903 ut
999 3849 1213 3905 revertuntur
1224 3860 1336 3927 aquae
1351 3837 1399 3905 oo'
1409 3838 1609 3929 Aegyptios,

280 3966 517 4033 supersumus
538 3958 571 4012 et
591 3944 721 4035 equites
742 3967 859 4011 eorum
880 3973 911 4013 ».
929 3966 961 4012 v.
982 3951 1025 4010 at
1043 3972 1059 4005 u
1079 3944 1230 4035 Cumque
1257 3944 1462 4012 ostendisset
1481 3949 1613 4033 Moyses

282 4076 424 4119 turinum
438 4065 556 4119 contro
570 4074 680 4137 tnota,
696 4073 866 4119 reversum
886 4062 935 4118 est
950 4052 1066 4141 primo
1087 4050 1238 4117 dituculo
1256 4080 1272 4113 »
1289 4090 1332 4101 -
1347 4052 1391 4119 ci.
1408 4058 1490 4120 Gen.
1512 4057 1612 4131 aina

281 4198 325 4206 -
342 4188 357 4218 «
369 4159 578 4250 adpriorem
590 4159 717 4241 locunt,
729 4158 1011 4248 sapientibusque
1024 4157 1203 4247 Aegyptiis
1218 4170 1437 4226 occurrerunt
1452 4180 1565 4247 oquae
1580 4186 1611 4243 »,

282 4289 352 4331 iton
371 4265 559 4333 necessario
570 4289 611 4331 ex
621 4266 743 4332 eadem
756 4264 961 4345 directione,
977 4286 1046 4354 qua
1059 4264 1113 4331 iiii
1129 4264 1324 4351 fugiebant,
1340 4292 1357 4327 u
1369 4278 1401 4332 et
1415 4264 1560 4332 inooioit
1579 4293 1609 4347 u,

284 4374 520 4460 conquassavit
537 4400 553 4433 u
575 4395 631 4439 eos
644 4372 810 4438 Dominus
829 4372 866 4438 in
883 4371 1007 4438 utetiiis
1016 4370 1183 4461 stttctt'bus
1200 4400 1229 4437 ».

328 4478 488 4568 Sequitur
504 4480 589 4561 iam,
605 4477 698 4567 quod
709 4478 868 4545 hebraeis
880 4478 1023 4567 aliisque
1034 4477 1258 4567 scriptoribus
1272 4478 1432 4567 frequens
1452 4483 1514 4560 est,
1534 4477 1616 4545 bre·

277 4587 327 4653 vis
345 4609 377 4651 v.
392 4592 496 4653 itt-31
513 4591 730 4653 narratorum
744 4584 982 4674 recapitulatio
1002 4607 1189 4673 eorumque
1206 4583 1359 4668 effectus,
1382 4585 1468 4651 fides
1479 4606 1526 4653 sc.
1543 4589 1610 4651 He-

282 4694 467 4759 braeorum
485 4694 522 4758 in
542 4699 648 4759 Deum
660 4697 694 4758 et
707 4697 851 4779 Moysen.
870 4691 968 4758 Nulla
990 4690 1205 4758 diversorum
1224 4691 1514 4758 adstruendorum
1534 4714 1617 4759 aue-

281 4809 395 4866 torum
418 4798 571 4867 cernitur
593 4798 691 4865 ratio.
709 4821 741 4865 v.
758 4804 802 4865 28
825 4828 840 4860 s
862 4802 1091 4887 Reuersueque
1110 4809 1190 4864 sunt
1205 4820 1332 4888 aquae,
1357 4810 1388 4865 et
1406 4812 1614 4888 operuerunt
