3534 5384
730 390 795 434 av.
819 375 893 443 tae
914 390 976 442 suo.
1461 377 1515 435 ssi

597 624 622 673 t.
635 623 686 668 Pro
695 631 791 684 peccato
802 622 922 683 principis
936 621 993 669 Lev.
1008 624 1112 681 tui-26.

230 823 262 867 v·
285 807 326 866 22
346 828 361 860 «
379 799 420 865 Si
427 799 625 890 peccaverit
636 799 813 889 princeps,
832 813 864 866 ct
877 799 997 887 jecerit
1017 821 1124 865 terrum
1140 823 1156 864 e
1165 799 1325 888 pluribus
1337 823 1401 889 per
1421 799 1518 888 iquo-

184 907 352 986 rantiarn,
366 905 460 996 quod
473 904 616 974 Domini
631 904 705 994 leqe
713 905 912 996 prohibetur
927 934 956 988 r,
971 928 1003 972 v.
1021 912 1062 971 23
1079 933 1094 966 «
1108 918 1139 970 et
1154 905 1295 995 [postea]
1312 904 1518 972 intellexerit

182 1025 367 1104 peceatum
386 1036 504 1094 sctum,
526 1014 652 1102 offeret
671 1011 817 1079 hostiam
834 1011 982 1078 Domino
1001 1011 1136 1078 hircum
1156 1011 1197 1078 de
1217 1011 1329 1102 ceqrris
1352 1013 1518 1080 immacu-

185 1120 294 1187 latum
316 1148 345 1184 s.
372 1143 403 1186 v.
427 1125 469 1186 et
492 1147 508 1180 «
532 1121 707 1208 Ponetque
726 1140 870 1185 marstem
898 1140 997 1185 seram
1016 1139 1118 1208 super
1137 1129 1242 1207 caput
1261 1117 1354 1202 eius,·
1376 1141 1518 1208 citroque

186 1225 414 1293 immolaverit
439 1247 515 1291 eum
537 1224 574 1290 iu
596 1225 687 1307 loca,
708 1225 769 1292 uhi
788 1223 873 1291 solet
893 1224 1040 1291 emeleri
1059 1224 1296 1292 holocaustum
1315 1247 1428 1290 coram
1452 1229 1519 1290 lto-

184 1333 291 1416 uu'n0,
310 1331 417 1422 [quia]
426 1343 644 1421 propeccato
660 1343 708 1397 est
730 1359 746 1392 »
767 1332 824 1420 (cf.
843 1355 875 1397 v,
894 1331 964 1419 21),
982 1354 1014 1396 v.
1035 1337 1076 1398 25
1097 1359 1112 1391 «
1131 1330 1241 1419 tinqet
1255 1330 1411 1398 sacerdos
1427 1331 1517 1420 diqi-

185 1454 259 1506 tum
272 1439 309 1506 ia
319 1437 492 1527 sanquine
502 1438 633 1505 hostiae
640 1460 704 1527 pro
715 1449 865 1528 peccata,
883 1450 1029 1525 tanqens
1043 1459 1172 1503 cornua
1182 1437 1303 1504 altaris
1315 1437 1514 1516 holocausti,

185 1560 219 1612 et
236 1545 407 1634 reliquum
423 1543 575 1632 suadens
599 1543 647 1610 ad
670 1545 776 1610 basim
795 1544 867 1610 eius
889 1571 919 1610 s,
944 1567 973 1608 v.
998 1550 1040 1609 26
1067 1573 1082 1604 «
1104 1542 1250 1634 Adipern
1270 1567 1346 1610 vero
1369 1573 1384 1606 »
1407 1557 1516 1610 tatum

188 1681 203 1715 u
224 1651 375 1718 adolebit
388 1673 494 1741 snpra
515 1679 546 1732 »,
568 1650 592 1718 i.
616 1674 646 1716 e.
671 1651 708 1716 z'n
727 1649 833 1716 altari
853 1650 1000 1737 (Heln),
1027 1677 1042 1710 «
1063 1649 1152 1716 sicut
1174 1649 1209 1715 in
1234 1649 1379 1716 uictimis
1395 1651 1518 1740 pacifi-

186 1780 302 1825 corum
320 1759 398 1848 fieri
417 1757 522 1841 solet,·
537 1755 739 1847 roqabitque
751 1778 815 1846 pro
831 1779 869 1822 eo
890 1755 1048 1822 sacerdos
1067 1757 1122 1842 [et]
1131 1779 1198 1845 pro
1211 1771 1352 1845 peccato
1375 1757 1448 1824 eius
1458 1811 1467 1842 ,
1485 1772 1516 1823 et

185 1865 379 1930 dimittetur
397 1864 430 1929 ei
450 1893 480 1930 ».

220 2052 255 2101 m
269 2060 295 2094 v.
310 2045 352 2096 93.
368 2045 400 2095 ‘28
419 2050 495 2094 recte
513 2046 612 2108 utique
629 2048 740 2094 vertere
759 2044 822 2093 tur
845 2043 922 2106 Vutq.
934 2049 973 2102 et,
987 2045 1049 2106 Syr.
1064 2045 1106 2092 si:
1121 2046 1145 2094 ie
1164 2045 1239 2093 enim
1258 2045 1373 2093 omnino
1391 2045 1468 2092 vocis
1487 2045 1515 2091 ia

186 2137 239 2186 troo
262 2139 394 2184 contextu
413 2146 514 2184 sensus
534 2146 597 2183 esee
614 2133 704 2183 debet.
723 2132 767 2184 Gt.
784 2150 795 2180 r
815 2133 865 2182 Sin
887 2134 1007 2182 autem»
1025 2131 1182 2191 Εκ.21,36.
1199 2132 1231 2181 In
1251 2137 1366 2195 peceato
1379 2133 1515 2196 principis

186 2224 278 2272 minor
296 2224 417 2284 exigitur
439 2223 567 2281 victima,
584 2234 641 2271 non
659 2221 710 2271 bos
726 2220 783 2272 'scd
806 2221 914 2280 hircum
932 2223 1023 2270 minor
1044 2221 1182 2284 dignitate
1202 2221 1331 2271 minister
1351 2232 1441 2280 sacer,
1458 2235 1514 2270 nou

185 2311 311 2374 pontifex
329 2311 379 2360 sed
397 2311 528 2361 sacerdos
534 2323 543 2369 ;
558 2313 697 2374 sanguine
715 2311 853 2360 liniuntur
872 2310 934 2360 sola
953 2309 1051 2360 altaris
1070 2309 1299 2360 holocaustorum
1314 2323 1434 2370 cornum
1449 2321 1515 2360 caro

185 2414 243 2450 non
260 2403 407 2457 crematur,
423 2399 472 2450 sei
490 2399 682 2450 sacerdotibus
696 2398 869 2449 comedenda
886 2398 1049 2448 conceditur
1066 2397 1138 2453 626.
1155 2399 1188 2449 29
1208 2397 1261 2462 (19.
1278 2399 1333 2466 tt).
1349 2398 1426 2450 idern
1441 2400 1516 2448 valet

186 2489 221 2539 «ic
233 2485 377 2539 sacrificiis
391 2501 442 2551 pro
456 2488 629 2550 plebeiorum
643 2490 774 2551 peccatis.

578 2699 605 2744 Ἴ.
624 2698 676 2744 Pro
688 2705 783 2759 percute
796 2697 843 2742 riri
853 2697 938 2758 plebeii
955 2697 1014 2744 Lev.
1028 2698 1130 2756 ott-35.

229 2879 261 2922 r.
280 2865 321 2922 27
342 2885 358 2918 «
380 2856 509 2937 Qttodsi
517 2856 712 2945 peccauerit
722 2856 841 2922 aru'ma
859 2883 875 2915 n
893 2877 963 2920 rena
980 2881 996 2915 «
1008 2876 1073 2944 per
1088 2855 1321 2943 iquorantiaru
1333 2855 1375 2920 de
1384 2858 1513 2947 qroqnda

186 2977 314 3048 terrae,
338 2975 376 3028 ut
391 2963 501 3051 [aciat
523 2961 716 3051 quidquam
742 2960 874 3042 dehis,
901 2983 990 3051 quae
1012 2961 1154 3027 Domini
1174 2959 1248 3049 leqe
1268 2961 1511 3051 prohihentur,

186 3081 290 3158 utque
309 3067 489 3157 delinquat
511 3098 545 3149 s,
564 3067 590 3137 i.
611 3089 642 3134 e.
664 3079 799 3134 reatum
813 3066 1012 3146 contrahat,
1030 3090 1062 3132 v.
1081 3073 1123 3133 28
1140 3095 1155 3127 «
1176 3079 1209 3133 et
1226 3069 1513 3157 coquoceritpec-

186 3188 302 3242 catum
316 3197 431 3255 serrem,
448 3175 568 3263 offeret
587 3195 727 3263 capram
742 3172 1001 3240 immaculatam
1018 3200 1034 3235 »
1051 3171 1243 3260 femellam.
1260 3173 1513 3242 Diciturunimu

187 3305 273 3362 rena,
289 3281 328 3348 in
343 3282 555 3371 oppositione
573 3280 617 3346 ed
637 3280 835 3347 universum
856 3304 888 3345 v.
913 3287 953 3346 13
979 3278 1164 3370 populum
1189 3277 1314 3346 dicitur
1333 3281 1448 3348 eninm
1474 3281 1497 3346 d
1508 3309 1513 3324 ‚

183 3387 292 3478 plebe,
310 3387 348 3454 in
358 3386 572 3477 oppositione
585 3387 630 3452 ad
643 3410 675 3453 v.
688 3392 768 3454 322
783 3386 980 3476 pontificem
997 3386 1051 3452 vel
1065 3385 1258 3476 prinoipem
1276 3386 1396 3476 (Gai).
1417 3411 1449 3455 v.
1472 3396 1512 3453 29

190 3525 205 3555 «
227 3499 399 3583 Ponetque
422 3515 564 3559 manum
579 3514 681 3582 super
700 3504 803 3582 caput
816 3491 965 3575 hostiae,
984 3514 1073 3580 quae
1085 3515 1151 3582 pro
1163 3505 1303 3582 peccato
1321 3505 1384 3579 est,
1405 3508 1437 3560 et
1452 3496 1514 3560 uu-

187 3601 326 3668 malahit
340 3624 414 3667 earn
429 3600 466 3666 iu
477 3599 549 3666 loco
562 3599 754 3666 holocausti
764 3622 797 3681 »3
813 3623 845 3666 v.
862 3606 904 3665 30
920 3626 935 3659 α
950 3597 1110 3688 tolletque
1122 3597 1278 3665 sacerdos
1289 3599 1331 3665 dc
1345 3602 1515 3690 sanquine

189 3707 224 3772 in
238 3706 349 3796 diqito
368 3719 494 3792 suaet,
517 3719 663 3795 taaqens
682 3727 812 3771 cornua
831 3703 954 3771 altaris
971 3704 1179 3788 holocausti,
1201 3705 1373 3794 reliquum
1387 3706 1514 3796 fundet

187 3813 236 3878 ad
248 3814 356 3879 basim
372 3813 443 3879 eius
461 3840 491 3880 r.
507 3836 539 3879 v.
558 3819 598 3880 31
619 3843 634 3872 α
654 3813 796 3878 Oomern
812 3822 927 3877 autern
939 3809 1077 3900 adipem
1090 3811 1264 3899 auferens,
1283 3812 1371 3878 sicut
1382 3813 1516 3900 auferri

187 3918 271 3985 salet
286 3919 327 3984 de
341 3919 489 3986 victimis
498 3918 739 4008 pacificorum,
755 3915 907 3983 adolebit
920 3940 1021 4006 super
1035 3917 1146 3984 altare
1164 3918 1200 3984 in
1216 3917 1353 3984 adorem
1367 3919 1515 3986 suauita-

188 4026 232 4092 tis
251 4025 413 4109 Domiuo,·
432 4025 632 4114 roqahitque
645 4047 711 4114 pro
731 4047 781 4110 eo,
805 4036 838 4090 et
857 4023 1051 4089 dimittetur
1070 4025 1103 4090 ei
1123 4052 1153 4092 ».

232 4131 298 4198 Sed
309 4131 449 4220 privatis
469 4132 541 4198 loco
555 4152 680 4219 caprae
695 4131 799 4196 etiem
820 4150 912 4215 agne
928 4131 1150 4219 permittitur.
1170 4153 1202 4196 v.
1221 4137 1263 4198 32
1280 4158 1296 4192 u
1317 4131 1381 4197 Sin
1403 4146 1513 4198 autem

188 4236 415 4327 depecorihus
433 4265 467 4318 s,
483 4236 506 4302 i.
524 4261 553 4302 e.
570 4236 687 4326 aquis,
706 4263 722 4296 «
741 4234 902 4302 obtulerit
916 4235 1091 4302 victimam
1101 4259 1166 4326 pro
1176 4250 1335 4327 peccata,
1358 4261 1451 4305 orem
1466 4265 1511 4306 sc.

189 4341 447 4410 iunnacrdatam
464 4371 499 4423 »,
518 4345 618 4408 llchr.
632 4340 809 4430 femellam
826 4343 948 4433 offeret
965 4343 1236 4410 immaculatam.
1257 4367 1288 4412 v,
1305 4352 1346 4412 33
1360 4348 1405 4412 Et
1422 4375 1435 4406 «
1448 4368 1514 4436 po-

189 4463 396 4517 ueteranum
410 4471 510 4538 super
525 4462 628 4537 captu
638 4449 723 4533 eius,
739 4461 771 4516 et
787 4449 976 4515 inuualahit
989 4471 1064 4516 eane
1079 4449 1112 4515 in
1123 4449 1207 4536 laco,
1227 4450 1286 4516 uhi
1297 4451 1404 4517 solent
1417 4453 1515 4517 cardi

189 4557 464 4624 holocaustorum
475 4554 605 4621 hostiae
623 4583 652 4621 s.
673 4579 706 4622 v.
728 4563 769 4623 3'r
788 4582 803 4616 «
821 4556 1007 4644 Sternetque
1026 4555 1182 4622 ..sacerdos
1201 4555 1243 4622 ele
1259 4555 1427 4646 sarrquirie
1442 4557 1514 4623 eius·

188 4664 299 4751 diqito
316 4686 376 4728 suo
397 4674 430 4728 et
440 4715 450 4745 ,
473 4674 612 4752 tanqens
635 4685 764 4727 corruta
778 4662 898 4728 (citaris
913 4661 1115 4746 holocausti,
1141 4662 1311 4753 reliquum
1326 4663 1450 4751 [irridet
1469 4663 1516 4728 ad

190 4769 296 4838 hasim
311 4770 382 4838 eius
398 4797 428 4834 s.
447 4791 478 4835 v.
496 4775 538 4836 :35
566 4798 581 4828 u
604 4770 745 4834 Omnem
763 4790 898 4856 quaque
923 4767 1058 4858 adipem
1081 4773 1257 4858 auferens,
1275 4771 1362 4836 sicut
1383 4769 1514 4856 auferri
