3534 5384
718 325 898 397 13111111
922 340 984 392 soo.
1462 326 1518 384 471

190 471 416 539 manducabis
430 472 581 539 animam
591 495 669 539 eum
682 495 785 540 earne
800 501 830 538 ».
843 473 938 540 Unde
952 472 1133 563 perspicis,
1153 487 1218 540 um
1235 474 1437 540 vertendum
1452 497 1522 541 esse

190 602 261 646 non
280 579 416 662 anima,
444 579 503 645 sed
526 578 599 645 uita
623 600 721 672 :non
745 580 839 645 enim
862 601 980 646 sensus
1006 581 1034 646 is
1054 585 1119 660 est,
1137 579 1287 646 animam
1308 580 1520 669 spiritualem

191 708 309 776 reapse
323 685 416 752 idem
430 706 500 752 3333
515 689 618 775 atque
632 686 849 772 sanguinem,
862 685 1051 753 eandemve
1066 707 1164 776 posse
1180 686 1394 754 manducari.
1407 686 1522 753 Prima

192 814 276 878 ergo
295 793 381 859 ratio
402 813 443 860 33
460 792 646 881 profertur,
664 791 758 880 quod
777 792 848 859 vita
864 793 1008 859 viventis
1026 793 1070 858 sit
1089 791 1126 858 in
1145 793 1326 879 sanguine.
1350 797 1423 859 Non
1438 792 1523 860 dioi-

191 906 249 965 tur
265 898 369 964 bruta
380 899 509 965 habere
523 899 729 985 sanguinem
739 898 818 965 loco
832 900 968 966 animae
986 897 1234 988 (Theodorei),
1253 898 1313 966 sed
1328 899 1436 966 vitam
1450 899 1522 966 sine

192 1005 359 1091 sanguine
378 1026 447 1070 non
471 1011 628 1071 constare
652 1004 789 1094 (Mar.),
814 1006 999 1095 praecipue
1020 1028 1038 1072 e
1063 1003 1231 1093 sanguine
1250 1005 1422 1094 pendere,
1450 1005 1523 1072 31113

193 1134 262 1202 quo
277 1117 395 1201 pereat
407 1111 538 1178 animal
552 1111 639 1200 (Sa),
657 1111 806 1200 practice
820 1113 926 1178 vitam
944 1111 1131 1179 animalem
1147 1116 1182 1176 et
1193 1112 1399 1199 sanguinem
1415 1133 1524 1178 unum

192 1240 281 1297 esse,
301 1224 339 1284 ut
357 1218 423 1284 hoo
441 1222 622 1304 stagnante
640 1216 702 1284 illa
714 1217 866 1300 deficiat;
885 1224 923 1284 ut
936 1217 1083 1307 proinde
1096 1217 1201 1285 vitam
1218 1217 1328 1307 ipsam
1343 1217 1524 1284 absumere

191 1325 361 1406 videatur,
387 1324 448 1413 qui
465 1325 669 1410 sanguinem
684 1323 841 1391 comedat
858 1324 993 1413 (Iona).
1012 1329 1098 1390 Cave
1113 1329 1245 1405 tamen,
1264 1347 1309 1390 ne
1324 1323 1391 1389 hoe
1412 1352 1428 1386 «
1444 1346 1523 1390 cru-

193 1431 341 1498 delitatis
362 1460 378 1492 »
406 1431 524 1519 (Tost.)
541 1435 784 1516 argumentum
807 1452 1009 1518 exaggeres,
1031 1453 1073 1498 113
1096 1430 1300 1496 christianos
1319 1452 1459 1519 quoque
1480 1429 1524 1496 ab

192 1560 249 1604 esu
273 1538 450 1624 sanguinis
475 1535 636 1603 cohibere
654 1535 814 1602 videaris.
843 1536 928 1614 Quin
953 1536 1066 1627 potius
1083 1536 1169 1604 haec
1191 1537 1360 1605 sententia
1380 1558 1524 1603 31111133-

192 1645 309 1733 quenti
328 1642 471 1710 unicum
491 1641 596 1708 efficit
616 1648 861 1728 argumentum
882 1642 1000 1732 (Post.)
1019 1667 1027 1708 :
1049 1648 1135 1710 Deus
1150 1665 1213 1731 pro
1228 1641 1421 1732 expiatione
1437 1645 1525 1710 vita-

192 1772 270 1817 rum
284 1750 465 1816 hominum
486 1748 606 1834 selegit
626 1748 845 1835 sanguinem,
869 1755 903 1814 et
921 1754 1000 1838 apte
1014 1748 1172 1839 quidem,
1199 1749 1282 1837 quia
1300 1748 1337 1815 in
1356 1750 1524 1836 sanguine

193 1857 263 1922 vita
278 1862 338 1922 est.
364 1886 379 1916 α
396 1859 442 1922 Et
454 1878 516 1944 eqo
536 1854 617 1922 dccli
642 1853 742 1921 illum
759 1853 852 1921 codis
878 1882 895 1916 a
914 1877 1016 1945 super
1034 1854 1159 1937 altare,
1177 1868 1212 1919 ut
1231 1854 1347 1921 -sed
1363 1854 1523 1923 ordinem

194 1962 379 2028 verborum
400 1961 498 2050 Valq.
516 1961 679 2029 invertit:
699 1989 715 2021 «
733 1973 770 2028 ut
784 1983 886 2051 super
900 1963 1011 2028 altare
1030 1961 1127 2026 -in
1148 1983 1186 2027 eo
1210 1960 1355 2050 captetis
1368 1984 1431 2046 pro
1447 1961 1524 2028 ani-

192 2070 311 2134 mabus
326 2067 459 2151 restria,
478 2081 510 2135 ct
523 2067 664 2157 sanquis
675 2091 739 2158 pro
750 2067 890 2135 3111111113
904 2066 1049 2158 piaculo
1062 2067 1106 2134 sit
1125 2095 1155 2135 1,
1174 2071 1238 2134 Pro
1251 2080 1284 2133 ct
1299 2067 1406 2134 habet
1419 2071 1520 2135 Heba.

191 2174 509 2263 quic;1)eussuum
529 2175 705 2242 decretum
720 2175 869 2264 repetit:
888 2174 971 2263 quia
992 2173 1136 2260 sanguis
1156 2175 1275 2264 utique
1293 2174 1523 2264 expiationem

192 2281 380 2370 praestabit
401 2282 501 2348 vitae.
521 2308 538 2342 «
559 2286 661 2361 Deus,
686 2286 829 2348 naturae
846 2280 1023 2365 dominun,
1041 2287 1192 2348 reservat
1217 2280 1284 2348 sibi
1299 2280 1520 2368 sanguinem,

194 2387 291 2455 cuius
312 2388 451 2454 unicum
476 2409 574 2456 usum
595 2389 765 2478 permittit
780 2386 996 2469 hominibus,
1015 2409 1062 2454 sc.
1083 2387 1120 2453 in
1136 2387 1304 2454 sacrificia
1324 2414 1341 2450 »
1363 2386 1444 2476 (Cal
1482 2386 1519 2477 .).

194 2516 226 2560 v.
248 2500 289 2560 12
315 2524 330 2556 «
360 2493 489 2560 Idcirco
511 2493 588 2560 dici
604 2494 690 2584 filiis
704 2494 812 2560 Israel
827 2521 863 2573 »,
881 2493 1043 2561 mandavi
1058 2493 1122 2576 eis,
1141 2498 1174 2560 et
1190 2492 1347 2562 mandati
1362 2495 1522 2560 observa-

188 2600 275 2667 tioni
296 2600 486 2688 invigilabo
508 2622 515 2668 :
541 2631 557 2662 a
581 2600 700 2668 Omnis
716 2600 836 2667 eninm
857 2623 900 2665 ea
921 2601 1014 2666 uobis
1032 2622 1102 2666 noa
1126 2598 1278 2666 corncdet
1295 2600 1519 2689 sanquinem,

148 2703 152 2710 ’
190 2729 250 2772 acc
265 2729 307 2773 cn
330 2705 487 2792 advenis,
505 2707 567 2797 qui
580 2706 850 2796 percqrinuntur
872 2705 969 2795 aliani
988 2729 1046 2772 1113
1065 2733 1095 2772 1.
1114 2706 1230 2772 Omnis
1244 2707 1337 2774 intra
1353 2708 1438 2773 fines
1457 2710 1520 2772 He-

186 2813 369 2880 braeorum
387 2813 528 2900 sanguis
547 2812 690 2879 Domino
703 2817 906 2883 reservatur.
928 2813 975 2878 (lt.
994 2818 1074 2880 Gen.
1093 2816 1149 2893 9,1
1166 2833 1260 2901 sqq.;
1278 2817 1355 2879 Lev.
1373 2818 1453 2894 tna
1467 2835 1517 2901 sq.

400 3060 425 3095 o.
447 3044 570 3108 Sanguis
588 3046 700 3110 quando
718 3047 747 3094 111
767 3053 871 3096 terram
889 3041 1049 3096 fundendus
1068 3045 1135 3096 Lev.
1162 3046 1238 3106 17,13
1259 3059 1301 3108 sq.

231 3231 316 3317 Arq.
332 3267 378 3278 -
399 3229 545 3316 Sanguis
566 3250 684 3296 eorum
701 3229 802 3296 etiam
818 3229 1019 3296 animalium
1040 3228 1265 3312 mundorum,
1284 3250 1371 3317 quae
1387 3229 1517 3295 sacrifi-

191 3357 268 3401 care
283 3335 396 3417 netas,
417 3358 487 3402 non
499 3335 710 3418 comedatur,
728 3358 772 3402 ne
791 3335 836 3402 ab
851 3335 993 3403 advenis
1006 3334 1157 3426 quidem.

230 3441 315 3521 Quia
342 3441 430 3509 ratio
449 3464 518 3508 uon
533 3442 738 3509 comedendi
757 3442 936 3529 sanguinis
950 3442 1126 3530 potissima
1142 3439 1387 3508 desumebatur
1403 3464 1515 3509 33311-

186 3548 301 3633 guinis
326 3548 362 3615 in
382 3549 558 3616 sacrificiis
572 3572 652 3631 usu,
676 3548 788 3638 potuit
806 3548 882 3638 quis
906 3550 941 3613 in
964 3547 1193 3637 suspicionem
1215 3547 1356 3629 adduci,
1374 3550 1515 3636 sangui-

185 3676 262 3720 nem
278 3677 398 3721 eorum
411 3655 615 3722 animalium
635 3654 859 3733 mundorum,
877 3676 965 3742 quae
978 3652 1150 3720 sacrificiis
1165 3676 1234 3720 non
1252 3653 1511 3737 adhiberentur,

185 3766 245 3826 aut
258 3783 395 3828 carnem
405 3783 525 3828 eorum
541 3761 744 3828 animalium
761 3759 984 3840 mundorum,
1006 3781 1152 3849 quornm
1166 3760 1337 3847 sanguise
1353 3760 1514 3828 carnibus

185 3887 254 3931 non
278 3868 390 3933 fuerat
410 3874 593 3948 extractus,
614 3870 754 3957 impune
774 3865 920 3933 comedi.
939 3871 1047 3944 Quare
1059 3866 1155 3956 prior
1169 3868 1222 3933 lex
1236 3867 1281 3934 ad
1299 3868 1383 3934 haee
1396 3873 1512 3933 exten-

184 3971 288 4039 ditur.
302 3979 348 4040 De
363 3977 530 4060 sanguine
545 3973 747 4040 animalium
758 3972 1019 4039 immundorum
1030 3979 1144 4040 autem
1160 3972 1246 4039 1111111
1256 3972 1392 4054 dieitur,
1410 3995 1513 4062 quem

183 4100 225 4144 ne
240 4079 440 4166 contingere
456 4081 596 4171 quidem
616 4083 667 4147 fas
681 4084 765 4146 erat.
787 4103 820 4146 v.
839 4085 877 4145 13
895 4109 910 4140 a
928 4083 1037 4146 Homo
1053 4078 1515 4169 3313113933(13111113131331

185 4185 271 4252 etde
286 4185 443 4266 aduenio,
466 4187 528 4276 qni
544 4186 816 4277 pcrcprincntur
830 4185 927 4275 apicii
939 4209 1016 4266 vos,
1032 4185 1064 4252 31
1078 4186 1257 4253 uenatione
1275 4187 1512 4277 [3193333311-

179 4291 250 4380 pio]
267 4293 393 4382 ceperit
409 4294 522 4381 [cram
537 4293 591 4359 ael
608 4317 719 4376 accan,
739 4292 861 4383 quibus
884 4292 975 4359 uesci
988 4291 1123 4358 licitum
1142 4305 1207 4374 est,
1222 4292 1351 4380 [undat
1369 4293 1512 4383 331191ιὶ-

185 4419 262 4464 nem
277 4400 348 4464 aius
362 4400 538 4489 eruperint
557 4399 658 4466 illum
674 4412 765 4466 terra
781 4427 815 4481 u,
836 4401 939 4467 chr.
956 4398 1116 4490 petivere,
1136 4400 1196 4488 qui
1210 4399 1411 4466 brevissimo
1429 4407 1513 4466 tem-

183 4527 267 4594 pore
289 4510 399 4571 totum
421 4505 614 4572 absorbeat.
639 4506 675 4571 ld
696 4511 811 4573 31113111
834 4504 888 4588 fit,
905 4528 949 4572 ne
968 4505 1108 4592 sanguis
1129 4505 1351 4574 conculcetur
1373 4507 1510 4595 (Tusa),

183 4633 226 4679 ne
239 4635 260 4678 a
277 4611 359 4681 13113
377 4612 551 4678 lambatur
575 4613 720 4700 (Bonfr.)
741 4619 792 4692 et,
811 4633 899 4698 quae
919 4611 1096 4701 potissima
1116 4611 1259 4678 sortasse
1277 4617 1328 4678 est
1350 4611 1453 4695 ratio,
1477 4617 1514 4678 ut

185 4717 230 4784 ab
245 4719 426 4785 hominum
442 4738 505 4783 usu
520 4719 655 4807 penitus
670 4721 889 4783 removeatur
905 4716 1021 4804 (Coi).
1043 4716 1148 4782 Huius
1165 4739 1268 4806 porro
1288 4717 1412 4806 prioris
1425 4717 1514 4804 legis
