3534 5384
723 352 789 396 rav.
812 337 905 409 ibit)
927 352 992 404 sco.
1464 345 1519 406 531

195 497 254 544 tam
269 491 406 554 opimam,
418 501 491 552 quae
503 489 591 540 tribus
606 489 724 552 integris
738 492 820 539 annis
837 495 912 540 esset
928 491 1005 541 satis.
1022 489 1169 554 Supponas
1184 493 1240 544 iam
1253 493 1323 544 illud
1341 509 1367 544 v.
1386 496 1413 546 lt
1431 510 1473 562 sq.
1489 499 1524 550 de

194 593 252 630 non
274 579 393 633 mendo
413 590 505 642 neque
528 575 658 628 metendo
680 577 798 628 durante
819 577 941 628 iubilaeo
964 580 1093 641 primitus
1117 580 1146 630 ln
1167 583 1245 633 textu
1265 596 1323 633 non
1345 583 1447 646 tuisse,
1470 588 1521 637 sed

194 669 343 733 irrepsisse
360 667 397 720 td
415 667 598 718 imitationem
616 667 673 718 v.t
693 680 736 730 sq.
751 679 836 716 manu
855 665 1000 717 cuiusdam
1023 668 1132 719 scribae
1153 669 1188 720 de
1210 672 1388 723 extendenda
1408 675 1520 726 sabbati

195 760 291 823 requie
305 758 399 821 inepte
414 756 536 806 solliciti.
551 755 658 815 Quibus
671 754 767 806 verbis
780 757 927 819 expunctis
941 753 1003 806 fluit
1016 755 1073 807 iam
1090 760 1148 808 tota
1163 771 1226 809 cum
1240 773 1267 809 v.
1286 760 1346 812 1-7.
1362 762 1452 826 teet,
1464 767 1523 814 tum

192 859 220 898 v.
238 845 315 896 8-11.
335 843 424 895 tete.
444 844 476 894 23
495 856 559 907 sqq.
580 846 680 894 oratio.
704 844 800 905 Dices,
822 844 914 894 adbuc
932 857 1080 908 superesse
1100 845 1292 898 dillloultatem
1316 852 1346 898 in
1370 851 1419 902 illo
1441 865 1470 904 v.
1490 853 1522 902 tt
1602 897 1609 919 ,

194 935 296 1000 inertas
312 935 395 984 triam
409 946 560 983 annorum
574 944 708 996 quorsum
718 934 793 983 enim
801 933 947 995 promittat
956 933 1032 984 Deus
1042 935 1126 984 trium
1141 947 1278 988 annorum
1293 937 1399 1000 cibum,
1411 941 1525 1004 quando

194 1025 257 1076 sola
269 1024 389 1074 duorum
402 1035 541 1072 annorum
550 1034 664 1072 annona
676 1021 866 1072 desideraturi
880 1021 1059 1085 Respondeo,
1073 1024 1163 1074 Deum
1175 1025 1252 1090 loqui
1264 1039 1315 1089 per
1329 1027 1524 1091 hyperbolen:

193 1113 251 1162 illis
272 1111 475 1176 coamantibus
498 1109 656 1161 delaturam
677 1108 797 1160 secundi
816 1111 884 1160 anni
902 1122 1058 1172 annonam,
1078 1111 1199 1163 ailirmat
1222 1127 1274 1165 sua
1296 1127 1327 1166 se
1347 1118 1526 1180 providentia

197 1201 374 1260 effecturum,
389 1205 421 1250 ut
434 1212 508 1250 unus
522 1203 581 1248 tum
596 1200 749 1249 annustam
763 1199 887 1263 amplam
897 1197 1088 1263 suppeditaret
1102 1203 1236 1263 segetem,
1252 1215 1325 1267 quae
1340 1217 1397 1255 non
1412 1206 1522 1257 duobus

199 1292 307 1341 tantum
321 1288 371 1339 sed
385 1289 430 1338 vel
446 1288 534 1338 tribus
549 1290 632 1338 annis
649 1286 721 1338 toret
739 1289 817 1338 satis.
835 1287 930 1339 Potuit
944 1289 1058 1338 tandem
1072 1301 1106 1340 ea
1125 1301 1180 1340 vox
1198 1292 1281 1341 trium
1295 1294 1380 1343 etiam
1400 1307 1463 1346 esse
1477 1309 1526 1347 oc·

202 1379 278 1430 caelo
293 1379 388 1442 aliqua
403 1375 659 1428 transferendorum
672 1389 698 1426 v.
718 1375 797 1428 19-ἳῖ
811 1377 840 1425 in
855 1388 930 1436 eum,
942 1376 991 1427 ubi
1005 1390 1080 1427 nunc
1092 1378 1234 1441 leguntur,
1250 1381 1353 1432 locum.

374 1591 572 1652 Fragmentum
587 1589 621 1638 de
638 1600 714 1639 anno
728 1588 874 1638 sabbatino
888 1589 943 1638 buo
959 1588 1104 1652 delapsum
1118 1589 1185 1642 Lev.
1203 1592 1347 1654 ispe-w,

243 1777 329 1864 Arq.
351 1777 474 1839 —ilos
489 1794 605 1838 versus
619 1770 817 1838 immediate
832 1771 1025 1859 iungendos
1044 1793 1116 1840 esse
1132 1774 1245 1843 versui
1264 1783 1297 1858 7,
1313 1799 1416 1868 supra
1427 1780 1528 1847 dooe-

205 1882 341 1949 bamus.
359 1883 446 1947 Deus
463 1886 596 1946 tantam
611 1879 694 1946 anni
711 1877 796 1945 sexti
814 1878 1025 1946 fertilitatem
1039 1882 1225 1969 promittit,
1243 1904 1332 1972 quae
1346 1886 1482 1974 septimi
1496 1892 1529 1954 et

195 1987 306 2056 octavi
324 1986 520 2076 suppeditet
539 2006 721 2052 annonam.

243 2117 277 2162 v.
298 2100 338 2160 19
356 2121 373 2154 «
389 2095 436 2159 Et
449 2092 577 2182 qiqnat
588 2091 681 2158 cobis
693 2092 818 2160 dumus
830 2093 1068 2180 fntetnssnos,
1086 2093 1209 2184 quibus
1223 2097 1408 2165 vescamini
1419 2119 1527 2188 nsque

204 2201 252 2270 od
267 2199 498 2284 saturitatem,
525 2197 656 2264 nullius
676 2199 841 2287 impetum
858 2197 1087 2286 formidantes
1105 2227 1136 2268 n,
1160 2203 1280 2291 Heba,
1302 2203 1353 2271 uti
1375 2211 1524 2272 extremo

194 2331 227 2375 v.
258 2313 311 2391 18,
326 2328 452 2373 secure.
474 2328 508 2376 v.
526 2311 567 2371 20
589 2335 604 2366 «
630 2303 760 2387 Quodsi
779 2303 938 2372 diceritis
956 2325 971 2370 .·
992 2305 1086 2386 Quid
1108 2308 1321 2376 comedemus
1340 2333 1432 2378 anno
1451 2334 1525 2401 sep-

194 2414 295 2495 timo,
313 2413 343 2480 si
365 2435 435 2479 non
461 2411 643 2479 severimus
667 2433 777 2500 neque
801 2410 1039 2501 colleqerinzus
1061 2412 1185 2504 sntqes
1210 2419 1402 2483 nostrast»
1425 2441 1457 2486 v.
1480 2424 1520 2485 21

201 2550 216 2584 a
234 2520 322 2588 doto
340 2518 605 2586 benedictionem
626 2540 737 2584 meam
754 2517 847 2585 nobis
865 2531 1082 2605 annotante,
1101 2532 1134 2586 et
1144 2521 1252 2609 societ
1265 2525 1403 2613 [reactus
1419 2522 1524 2592 trium

196 2649 365 2696 annorum
387 2653 420 2708 n,
436 2649 468 2692 v.
487 2632 530 2692 2⁸2
546 2653 562 2688 «
579 2624 762 2714 seretisque
781 2648 873 2692 ovino
889 2638 1007 2691 octono
1024 2639 1057 2692 et
1072 2625 1253 2693 comedetis
1268 2643 1392 2697 eeteros
1403 2633 1522 2720 fruqes

193 2757 302 2822 nsque
324 2732 372 2801 ad
389 2755 519 2800 nonum
535 2753 667 2798 annum
683 2758 700 2791 »
724 2729 892 2797 exclusive
913 2750 921 2796 :
941 2757 957 2792 α
978 2729 1083 2798 donec
1095 2754 1185 2799 novo
1198 2748 1397 2820 noscuntur,
1416 2736 1522 2805 edetis

190 2853 303 2908 velera
317 2871 347 2906 n.

528 2979 673 3041 Appendices
686 2979 715 3025 de
722 2978 829 3040 fraqam
844 2977 978 3026 venditione
994 2979 1052 3029 Lev.
1069 2982 1187 3041 25,23·28.

235 3145 320 3230 Arq.
341 3179 387 3190 --
398 3163 431 3206 u.
446 3145 489 3206 23
510 3137 639 3206 stabilit
654 3137 864 3229 principium
883 3159 954 3206 non
969 3161 1093 3226 agrum
1105 3141 1224 3223 vendi,
1242 3145 1369 3234 quippe
1385 3145 1445 3236 qui
1459 3147 1518 3213 Dei

194 3248 253 3332 sit,
271 3247 330 3314 sed
349 3246 460 3315 solum
474 3245 527 3313 ius
545 3245 703 3331 frugum3
721 3244 814 3334 quod
834 3247 888 3313 ius
910 3269 943 3312 v.
966 3252 1008 3314 at
1028 3246 1152 3314 redimi
1166 3255 1280 3338 queat.
1298 3251 1332 3317 Si
1345 3253 1421 3340 quis
1436 3275 1520 3342 pau-

195 3359 327 3447 pertate
339 3374 473 3444 pressus
487 3353 540 3418 ius
553 3352 607 3418 sui
621 3351 698 3439 agri
716 3351 926 3435 divenderit,
946 3351 1139 3421 redimendi
1157 3355 1211 3422 ius
1225 3356 1330 3424 habet
1344 3361 1516 3447 proximo·

192 3485 270 3531 rum
294 3483 383 3529 unus
414 3461 459 3550 (v.
484 3459 539 3549 25)
564 3457 684 3525 ordine
707 3481 741 3525 v.
768 3465 809 3526 '⁴8
833 3480 883 3548 sq.
910 3457 1129 3540 definiend03
1155 3462 1238 3529 item
1265 3463 1338 3552 ipse
1360 3466 1519 3534 venditor

194 3571 298 3639 ditior
311 3569 421 3636 iactus
435 3567 481 3655 (v.
499 3572 542 3632 2ss
554 3565 643 3655 sq.),
662 3565 771 3632 soluto
784 3565 926 3651 frugum
946 3567 1057 3655 pretio
1075 3589 1138 3659 pro
1158 3589 1304 3636 numero
1322 3594 1441 3640 eorum
1455 3595 1515 3642 an·

191 3698 329 3756 norum,
347 3675 407 3765 qui
422 3676 603 3762 supersunt
617 3693 725 3762 usque
744 3670 789 3738 ad
806 3671 998 3738 iubilaeum
1011 3673 1164 3762 proxime
1179 3697 1333 3765 sequens.

235 3806 267 3849 v.
290 3788 331 3847 23
349 3808 365 3842 α
385 3783 487 3846 Terra
502 3800 716 3869 quoqnenon
727 3777 893 3844 vendetur
911 3778 947 3845 in
963 3791 1166 3869 perpetuum
1183 3810 1213 3866 n,
1231 3782 1399 3869 absolute,
1413 3809 1516 3876 quem

191 3909 326 3956 sensum
336 3887 411 3954 voci
425 3885 601 3973 ceteroqui
611 3884 802 3951 obscuriori
816 3889 994 3954 contextus
1013 3885 1180 3973 vindicat,
1201 3919 1216 3950 «
1232 3891 1316 3979 quio
1327 3915 1404 3961 meo
1415 3907 1465 3962 est
1484 3925 1514 3982 »‚

194 4017 265 4062 non
286 3993 440 4082 generali
463 3995 597 4058 tantum
619 3991 788 4072 dominio,
810 3992 870 4058 sed
888 3993 969 4082 quia
987 4021 1002 4054 a
1024 4014 1125 4062 omne
1149 3995 1235 4062 mihi
1253 3995 1445 4068 dominium
1462 4024 1519 4069 re-

191 4123 288 4168 servo
307 4106 341 4168 et
362 4101 415 4166 ius
434 4097 605 4166 alienandi
628 4124 644 4160 »
673 4097 837 4188 (Respa).
861 4126 878 4158 «
905 4099 1050 4190 Capietis
1067 4101 1208 4188 quidem
1230 4101 1381 4172 fructum
1400 4130 1439 4174 ex
1454 4132 1513 4194 ea,

193 4208 252 4275 sed
272 4229 366 4273 meus
390 4210 439 4273 est
456 4205 583 4272 fundus
606 4233 623 4267 n
644 4205 766 4294 (Vnt).
785 4233 802 4266 «
829 4207 874 4272 Et
890 4227 946 4272 nos
965 4206 1117 4275 advenae
1132 4222 1163 4274 et
1180 4209 1292 4276 coloni
1305 4215 1463 4283 molestis
1483 4247 1513 4285 s.

192 4313 286 4381 Unde
303 4313 458 4403 sequitur
474 4311 682 4402 principium
703 4312 882 4396 generale,
899 4335 971 4380 non
984 4313 1028 4380 ad
1042 4315 1151 4382 solum
1171 4316 1361 4387 iubilaeum
1379 4323 1514 4390 restric-

192 4427 265 4488 tum
282 4419 434 4508 (Bonsr.)
458 4440 466 4486 :
488 4442 520 4485 v.
538 4423 581 4485 at
606 4445 621 4477 «
642 4417 729 4485 mede
749 4430 870 4485 creneio
889 4420 982 4510 nepio
1001 4421 1222 4510 possessionis
1238 4439 1370 4494 vestrae
1386 4433 1446 4496 snb
1467 4455 1518 4496 re·

193 4525 397 4617 demptionis
415 4523 608 4592 conditione
621 4524 785 4591 condetur
799 4553 830 4592 n.
848 4533 938 4604 Quae
958 4527 1108 4594 conditio
1127 4528 1333 4600 beneficium
1348 4534 1518 4623 imprimis

193 4633 323 4701 confert
337 4634 387 4717 ei,
401 4631 461 4721 qui
474 4637 677 4722 paupertate
695 4654 829 4721 pressus
839 4654 939 4699 suum
952 4633 1079 4700 invitus
1093 4634 1249 4704 vendidit
1264 4661 1386 4725 agrum
1398 4665 1430 4710 v.
1446 4650 1487 4712 25
1506 4667 1513 4712 :

193 4769 210 4804 u
227 4740 268 4807 Si
282 4751 480 4808 attententes
501 4767 539 4822 n,
557 4738 601 4804 ad
613 4738 735 4806 incitas
749 4739 907 4807 redactus
925 4768 940 4800 «
957 4739 1068 4828 frater
1088 4755 1168 4810 tetus
1184 4743 1376 4814 vendiderit
1384 4773 1517 4839 posses-
