3534 5384
736 387 784 430 er.
809 371 877 440 ⁶23st
904 387 966 439 soc.
1460 376 1518 435 ⁶239

187 525 287 574 tissime
301 522 431 573 liberabis
442 537 500 572 cnm
514 538 557 582 ec,
573 524 599 574 ei
613 524 643 574 iu
657 521 793 586 erigendo
807 524 922 575 animali
937 523 1047 574 adiutor
1061 525 1126 574 eris.
1145 526 1175 574 bi
1192 525 1259 590 quid
1276 527 1304 576 in
1319 526 1372 578 hac
1387 530 1517 580 versione

186 614 285 664 durum
301 621 356 672 cst,
370 612 505 672 cstilittd‚
519 611 603 662 scribi
617 613 753 672 omiseris,
767 626 831 662 curn
846 615 940 662 tamen
955 625 1055 663 sensus
1069 614 1105 663 sit
1119 613 1237 663 colueris
1255 617 1384 665 omittere.
1407 644 1442 654 -
1457 618 1519 667 iii

183 703 266 753 vertit
285 703 325 751 uti
347 700 430 764 Vulg.
440 714 447 759 ;
470 702 608 752 consentit
632 702 684 750 ios.
701 704 838 760 Quorum,
851 702 876 750 si
896 701 1015 751 eundem
1032 706 1118 765 atque
1135 702 1220 752 Hebe.
1238 706 1344 754 textum
1365 704 1514 767 legebant,

184 790 277 841 versio
292 791 389 853 utique
404 792 464 839 erat
478 789 602 839 liberior.
618 789 744 839 Trahunt
754 803 821 840 vcro
836 791 940 850 totum,
956 802 1040 853 quem
1050 803 1136 854 supra
1150 790 1390 852 describebamus,
1408 796 1517 846 textum

184 879 220 930 ed
233 879 380 943 apodesin.
399 878 490 928 Vertit
509 878 568 927 i'at.
584 891 622 927 :a
645 882 711 927 tunc
726 877 839 928 desines
862 877 993 930 descrere
1014 879 1078 929 cum
1101 879 1289 930 :dimittendo
1312 880 1437 932 dimittas
1454 895 1516 933 cum

185 969 235 1018 illc
252 983 275 1018 r.
294 967 350 1018 Sed
365 973 419 1026 :rb
433 980 490 1017 non
506 965 646 1029 significet
661 969 789 1016 deserere.
810 967 898 1017 Multo
913 967 1013 1018 melius
1028 969 1136 1032 Bonsr„
1154 968 1238 1019 Cntm.
1261 984 1269 1019 :
1291 969 1520 1022 Abstinebisnea

186 1056 332 1107 liberando
347 1055 410 1105 iiiii
427 1055 550 1105 Omnino
563 1055 697 1107 liberabis
710 1068 774 1105 cum
787 1067 832 1105 eo.

619 1237 644 1280 γ.
664 1220 759 1268 Monita
771 1234 817 1281 pro
833 1221 913 1268 indice
929 1220 975 1268 Ex.
993 1221 1080 1282 2668,

229 1365 313 1452 dep.
326 1401 370 1412 -
380 1360 637 1452 luderpauperi
649 1363 752 1429 etiam
763 1361 888 1429 iustam
899 1363 1103 1431 sententiam
1115 1363 1219 1434 dicat.
1237 1365 1376 1432 Veritaii
1388 1366 1515 1432 adhae-

186 1475 271 1537 reat.
294 1473 511 1537 Innocentem
528 1490 598 1535 non
616 1470 753 1558 plectat.

230 1600 261 1641 ν.
280 1582 300 1642 6
316 1603 331 1635 «
348 1579 427 1642 Non
447 1573 634 1641 declinabis
651 1575 689 1641 in
706 1574 877 1641 iudicium
893 1576 1055 1666 pctcpeeis
1071 1603 1101 1640 ».
1121 1575 1222 1644 Hebe.
1240 1598 1335 1644 :reon
1355 1577 1512 1666 deflecte<

186 1681 354 1749 iudicium
362 1681 529 1771 parcperis
539 1681 574 1748 in
584 1681 645 1749 lite
656 1703 731 1748 sua.
753 1686 824 1748 Non
838 1687 889 1748 est
902 1681 1132 1750 recedendum
1143 1705 1163 1750 a
1176 1683 1294 1751 native
1302 1685 1393 1751 vocis
1405 1699 1511 1752 etur:

184 1789 451 1875 significatione,
468 1809 538 1876 qua
549 1794 664 1855 actum
675 1787 866 1870 iudicandi,
880 1788 1084 1855 sententiam
1098 1788 1221 1856 iudicis
1233 1791 1411 1879 exprimit:
1431 1814 1513 1876 ergo

185 1896 300 1982 agitur
314 1895 355 1962 de
371 1895 496 1962 iudice.
513 1894 706 1962 Deflectitur
716 1917 797 1961 vero
806 1894 976 1961 iudicium
986 1895 1147 1984 pauperis
1159 1917 1227 1962 non
1238 1896 1360 1977 solum,
1374 1898 1513 1985 quando

185 2001 312 2068 iniusta
323 2001 493 2069 sententie
504 2001 759 2092 pronuntiatur,
779 2001 959 2068 sedetiam
981 2002 1120 2089 quaudo
1139 2001 1225 2068 falsa
1240 2002 1434 2070 testimonia
1451 2005 1513 2071 ad-

187 2110 368 2175 mittuntur
389 2114 452 2174 etc.
472 2107 533 2186 Qui
549 2107 742 2175 concedunt
760 2131 792 2174 v.
821 2112 909 2197 tsq.
934 2129 954 2173 a
974 2110 1134 2174 contextu
1159 2107 1370 2191 discordare,
1388 2129 1514 2200 suppo-

185 2220 273 2282 nunt
291 2237 324 2282 v.
349 2222 368 2282 6
390 2213 551 2304 primitus
573 2213 748 2280 individue
767 2214 955 2281 cohaesisse
974 2215 1088 2281 versui
1107 2221 1126 2280 3
1150 2237 1157 2284 :
1180 2236 1246 2282 non
1270 2215 1370 2282 dabis
1389 2216 1511 2282 falsum

184 2321 418 2388 testimonium
437 2342 549 2412 neque
565 2343 629 2410 pro
646 2342 798 2410 paupere
816 2342 929 2410 neque
950 2327 1069 2387 contra
1084 2321 1195 2387 illum.
1215 2326 1268 2403 At,
1289 2343 1372 2389 num
1388 2322 1511 2390 falsum

186 2441 305 2495 contra
320 2447 510 2517 pauperem
523 2425 753 2493 testimonium
769 2449 839 2494 non
857 2427 929 2494 iam
944 2426 1197 2517 prohibebatur
1213 2451 1246 2496 v,
1272 2430 1316 2495 ii
1332 2450 1447 2494 nonne
1463 2430 1512 2518 pii

185 2534 346 2624 pauperis
360 2533 575 2600 adversarius
594 2554 730 2622 semper
756 2532 820 2600 erit
844 2533 974 2622 impius
993 2533 1069 2616 ille,
1096 2556 1245 2623 quocum
1266 2532 1366 2620 iungi
1390 2555 1511 2601 manus

184 2644 363 2708 vetantur?
388 2645 565 2707 Praeterea
587 2661 770 2730 perperam
789 2661 821 2706 v.
842 2646 861 2706 6
879 2639 921 2705 de
943 2639 1015 2707 sola
1031 2640 1164 2707 actione
1184 2652 1302 2706 conten
1322 2662 1509 2730 pauperem

182 2747 311 2814 directa
329 2747 511 2837 exponitur
527 2768 535 2812 τ
556 2745 749 2813 deflectitur
763 2745 925 2835 pauperis
939 2744 1122 2826 iudicium,
1145 2745 1215 2812 sive
1232 2745 1283 2812 illi
1299 2747 1387 2814 iusta
1401 2746 1506 2813 done-

184 2861 320 2941 geutur,
337 2854 407 2920 sive
419 2852 541 2942 iniqua
555 2852 800 2919 concedantur.
819 2855 968 2941 Utroque
984 2852 1020 2918 h.
1038 2851 1062 2918 l.
1079 2851 1181 2918 iudex
1196 2852 1425 2918 interdicitur.
1442 2877 1473 2918 r.
1491 2860 1509 2917 i

190 2987 205 3020 α
228 2959 448 3026 silentiarium
464 2959 627 3047 sapies».
655 2960 758 3025 Hebe.
782 2979 794 3025 .·
814 2980 836 3023 a
855 2959 953 3023 verbo
977 2957 1282 3048 retendacit'procul
1297 2960 1427 3040 abesto,
1443 2959 1511 3024 sive

184 3067 331 3133 scienter
346 3065 558 3132 admittendo
572 3065 659 3132 false
671 3065 866 3131 testimonia
886 3069 944 3130 aut
959 3085 1096 3132 causam
1112 3063 1342 3146 obscurando,
1362 3065 1433 3132 sive
1448 3065 1511 3131 fal-

185 3195 257 3240 sam
280 3172 536 3263 prcnuntiendo
560 3171 777 3238 sententium.
802 3197 817 3231 «
846 3172 1020 3237 insontem
1045 3183 1078 3237 ei
1099 3171 1227 3237 rustum
1246 3193 1317 3238 non
1337 3170 1469 3238 accides
1496 3201 1511 3232 n

187 3279 458 3348 «iudicialiter»
474 3277 594 3369 (Gai),
616 3307 631 3339 a
646 3277 730 3366 qnia
745 3299 881 3344 crearer·
894 3277 1042 3366 impium
1062 3305 1091 3344 r.
1110 3277 1211 3345 Hebe.
1229 3299 1242 3342 .·
1257 3277 1341 3367 qnia
1358 3301 1428 3346 reon
1444 3279 1512 3344 ins-

185 3385 320 3476 tificubo
335 3386 530 3468 scelestum,
547 3407 615 3452 non
628 3383 806 3452 absolvam
823 3383 931 3472 (Vct)
950 3405 957 3451 :
975 3383 1119 3472 pulchre
1134 3383 1301 3451 iudicium
1315 3384 1441 3452 iudicio
1455 3409 1513 3473 op-

183 3494 333 3583 ponitur,
349 3493 453 3582 idque
465 3491 646 3560 confirmat
661 3490 719 3577 agi
736 3491 778 3556 de
797 3489 923 3557 iudice.
946 3491 1037 3556 LXX
1049 3490 1209 3557 ultimum
1222 3490 1371 3557 incisum
1391 3491 1512 3558 leviter·

185 3600 415 3667 deformatum
437 3605 472 3667 et
498 3597 611 3689 prima
635 3597 809 3688 sequentis
832 3618 948 3664 versus
970 3617 1055 3662 voce
1079 3602 1217 3663 auctum
1236 3597 1284 3664 sic
1311 3597 1474 3684 legebant
1502 3621 1508 3664 :

185 3721 275 3772 bnon
290 3723 379 3776 huin
396 3721 493 3798 pitin
510 3694 573 3770 nbi.
591 3710 656 3772 v.8
673 3731 690 3766 «
707 3706 778 3771 Nec
792 3703 938 3792 accipies
951 3724 1093 3770 merrtem
1109 3729 1140 3786 s,
1157 3730 1174 3764 «
1192 3725 1281 3792 quae
1294 3702 1421 3770 dantur
1435 3726 1513 3789 gre-

183 3813 270 3880 tuitc
294 3813 339 3880 ad
358 3811 565 3902 placandum
585 3810 734 3877 iudicem
756 3810 811 3875 vel
834 3808 1041 3899 captandum
1064 3809 1138 3875 eius
1156 3809 1310 3876 favorem
1332 3837 1348 3871 n
1378 3810 1510 3899 (Tanti,

187 3949 203 3981 n
218 3944 307 4009 quae
316 3921 442 4008 letiam]
453 3930 637 3985 excaecant
648 3915 834 4006 praedantes
844 3944 859 3977 »
872 3954 917 3965 —
926 3917 1021 3983 Sum.
1034 3917 1126 3982 LXX
1135 3917 1229 4005 Syr„
1242 3915 1292 3981 uti
1305 3920 1401 3984 Dent.
1415 3923 1513 3996 ruit.)

185 4026 299 4094 oculos
324 4026 534 4115 prudentum
560 4063 605 4076 -
634 4053 649 4085 e
676 4036 707 4089 et
731 4024 927 4089 misertum
954 4024 1054 4088 cerba
1080 4022 1245 4088 iustorum
1271 4051 1302 4090 n.
1332 4026 1515 4088 Excaecant

184 4139 332 4200 mentem
358 4131 479 4199 iudicis
498 4130 671 4221 ceteroqui
691 4129 871 4220 prudentis
891 4134 923 4196 et
946 4134 1146 4219 pervertunt
1169 4127 1373 4196 sententiam
1393 4127 1515 4195 iudicis

185 4237 364 4329 ceteroqui
382 4239 474 4306 iusti.

487 4428 510 4476 ὃ.
528 4426 652 4474 Monitum
668 4440 713 4486 pro
729 4427 843 4474 omuibus
860 4427 942 4486 quoad
958 4425 1067 4472 advenas
1082 4423 1129 4470 Ex.
1148 4425 1213 4484 232⁹·

229 4571 313 4660 dep.
333 4607 376 4620 -
388 4568 551 4635 hinnitum
564 4568 684 4656 dirigit
696 4574 823 4656 Moyses
836 4568 882 4634 ad
896 4589 1013 4635 omnes
1032 4587 1039 4635 :
1060 4570 1171 4649 testes,
1189 4564 1330 4647 iudices,
1348 4565 1513 4631 Hebraeos

182 4675 387 4758 universim,
405 4681 443 4742 ut
457 4697 528 4742 non
539 4675 607 4741 sint
620 4675 723 4765 proni
738 4674 782 4742 ad
796 4673 1023 4765 implicandus
1036 4672 1184 4741 advenas
1197 4672 1232 4738 in
1247 4671 1396 4740 actiones
1410 4677 1512 4758 etque

183 4807 224 4852 ea
243 4783 376 4852 ratione
395 4780 646 4873 exspoliandos.
