3534 5384
221 271 280 330 tat
370 326 376 336 ,
700 286 737 328 nx
761 285 900 332 iecrrro
923 287 954 331 m
977 286 1067 331 emm.

162 436 165 512 j
220 425 395 510 ceptorum
412 424 445 486 et
457 421 576 507 legum
589 420 647 487 Dei
666 420 706 483 »t
720 420 854 503 Recole,
873 443 961 510 quae
977 419 1178 488 dicebamus
1190 422 1302 490 adEx.
1320 427 1432 504 1535.
1450 419 1556 510 Urget

221 526 356 608 litam,
373 525 526 593 iudicum
549 525 638 593 illud
654 525 849 597 institutum
869 549 941 594 non
958 526 1109 616 potuisse
1130 527 1252 617 perfici
1276 527 1372 594 brevi
1390 527 1451 594 illo
1467 531 1551 594 tcm-

222 655 323 722 pore,
338 655 406 722 quo
428 631 571 700 Hebraei
586 633 623 700 in
637 632 822 722 Rephidim
841 633 1036 700 substitere.
1054 639 1094 700 At
1108 634 1218 724 potuit
1232 633 1365 702 ibidem
1383 634 1549 702 inchoari.

223 740 270 807 Ci.
293 762 381 832 quae
402 738 598 808 dicebamus
616 739 653 806 in
671 738 799 806 Introd.
820 762 856 830 p.
875 746 930 808 13.

551 987 579 1023 a.
594 974 733 1024 tethronls
746 973 863 1024 festivus
877 973 1018 1024 adventus
1038 975 1088 1024 Ex.
1107 974 1226 1036 tat-12.

268 1160 350 1246 Arq.
375 1193 420 1206 -
433 1156 547 1223 letbro
569 1162 703 1246 Moysen
723 1178 892 1243 generum
914 1156 1003 1241 adit,
1019 1157 1148 1248 parlim
1167 1162 1205 1225 ut
1224 1179 1333 1248 prope
1353 1179 1431 1225 suns
1453 1157 1551 1226 sedes

224 1283 304 1331 cum
324 1284 507 1331 numeroso
528 1263 677 1351 exercitu
695 1268 930 1330 transeuntem
949 1263 1074 1330 salutet
1092 1269 1195 1356 atque
1211 1263 1377 1355 propitiet
1397 1263 1450 1351 (ci.
1469 1267 1551 1331 Gen.

227 1369 357 1459 rats),
375 1371 502 1460 partim
517 1376 556 1437 ut
574 1369 648 1437 viro
663 1374 714 1436 tot
730 1368 858 1436 divinis
877 1369 1054 1437 favoribus
1074 1371 1246 1438 honorato
1266 1391 1409 1438 uxorem
1431 1393 1554 1438 recon-

141 1494 144 1498 ·
224 1477 316 1544 ciliet
330 1475 486 1566 filiosque
498 1476 624 1544 tradat.
641 1476 786 1544 Edoctus
800 1481 941 1564 aMoyse
952 1477 1070 1544 omnia
1083 1477 1185 1545 lahve
1199 1476 1389 1564 magnalia,
1403 1477 1439 1546 in
1452 1477 1555 1544 lahve

226 1583 345 1652 laudes
369 1583 563 1674 prorumpit
586 1582 699 1650 tethro
724 1586 898 1673 Deumque
919 1583 1086 1651 sacrificio
1109 1583 1301 1670 gratiarum
1327 1584 1470 1652 actionis
1495 1583 1556 1650 ho-

226 1697 337 1759 norat.
359 1688 513 1781 Sephora
531 1711 669 1781 quoque
687 1692 724 1756 in
741 1690 880 1779 plenam
901 1691 1052 1777 gratiam
1071 1690 1249 1781 recipitur.

274 1782 357 1887 Cap.
378 1799 412 1864 X
417 1799 495 1864 Vm
510 1819 543 1864 v.
571 1803 587 1863 1
612 1823 629 1858 u
652 1799 805 1887 Cumque
824 1795 980 1864 audisset
995 1795 1125 1884 tethro,
1144 1796 1301 1864 sacerdos
1319 1797 1481 1881 Madian,
1503 1819 1557 1864 co·

225 1917 352 1994 pactas
364 1903 477 1993 Moysi
489 1931 520 1986 ii,
538 1904 662 1993 dequo
676 1902 873 1971 dicebamus
883 1902 927 1971 ad
938 1909 1022 1989 216·
1031 1909 1065 1971 et
1077 1910 1147 1986 3,1‚
1167 1931 1183 1966 a
1198 1904 1315 1971 omnia
1329 1926 1418 1995 pirae
1428 1905 1558 1994 fecerat

227 2013 317 2078 Deus
331 2011 448 2100 Moysi
459 2023 492 2077 et
505 2009 628 2076 Israeli
637 2009 767 2102 populo
782 2032 854 2094 sao,
872 2023 905 2076 et
920 2008 1015 2101 qaod
1026 2009 1197 2078 reticuisset
1212 2010 1380 2077 Dentibus
1392 2009 1501 2077 Israel
1514 2009 1556 2076 de

227 2119 381 2207 Aeqypto
399 2145 429 2199 t),
446 2138 480 2183 v.
496 2123 517 2182 2
533 2144 549 2177 u
568 2116 644 2183 tulit
657 2114 863 2207 Sephoram,
880 2139 1022 2186 iiaoreni
1032 2117 1146 2206 Mopsi
1157 2144 1174 2178 ii
1192 2116 1249 2207 (cf.
1268 2122 1364 2200 2313
1384 2117 1554 2206 t,25sq.),

231 2254 247 2286 u
262 2245 367 2314 qaam
381 2222 558 2289 remiserat
575 2251 606 2304 i,
623 2246 656 2290 v.
674 2229 693 2289 3
712 2253 727 2285 «
745 2223 875 2290 etdaes
884 2223 978 2313 filios
991 2223 1081 2308 eius,
1100 2247 1247 2313 querani
1265 2246 1355 2291 anas
1373 2225 1559 2290 uocabatur

232 2331 385 2409 Gersam,
401 2329 533 2396 dicente
545 2342 646 2419 patre
660 2351 673 2394 .·
688 2329 828 2397 Aduena
841 2329 901 2418 fiii
916 2331 954 2396 iii
970 2342 1061 2397 terra
1075 2330 1193 2397 aliena
1209 2357 1239 2413 i,
1254 2352 1286 2396 v.
1304 2335 1322 2396 t
1341 2357 1357 2391 «
1378 2329 1467 2396 alter
1480 2351 1558 2396 acro

230 2435 365 2502 Eli'ezcr
376 2456 389 2500 .·
401 2439 492 2502 Deus
504 2435 614 2517 enini,
627 2437 687 2519 ait,
696 2436 811 2526 patris
821 2435 891 2502 niei'
902 2435 1042 2504 adiutor
1053 2459 1160 2524 meas,
1175 2449 1209 2504 et
1219 2437 1309 2503 erait
1321 2458 1374 2503 nie
1388 2435 1429 2502 de
1438 2434 1557 2525 pladi'o

230 2541 458 2610 Pharaonis»
483 2542 540 2631 (ct.
561 2543 667 2632 232).
685 2565 717 2608 v.
736 2550 756 2611 5
777 2570 794 2604 «
816 2542 915 2611 Venit
940 2566 1021 2632 erpo
1041 2543 1172 2627 Icthr0,
1190 2556 1356 2632 aequatas
1375 2543 1502 2632 Mopsi,
1526 2555 1558 2609 ct

227 2648 299 2740 filii
315 2649 389 2716 cias
407 2660 439 2715 et
458 2671 545 2716 auor
561 2650 634 2716 cias
651 2648 699 2717 ad
715 2652 858 2739 Moysen
873 2649 910 2715 in
930 2647 1114 2734 desertam,
1135 2650 1194 2716 ahi
1208 2661 1282 2717 crat
1302 2660 1559 2716 castrametatas

232 2757 333 2822 iacta
349 2766 500 2823 montem
513 2756 577 2823 Dei
597 2784 627 2825 ».
646 2759 733 2823 Maec
746 2754 956 2823 introductio
978 2762 1029 2823 cst
1052 2755 1210 2824 nonnihil
1232 2755 1418 2846 impedita,
1441 2775 1560 2822 omnes

231 2885 396 2953 personae
412 2862 664 2946 describuntur,
680 2862 761 2929 dum
779 2867 856 2944 17,9
871 2884 923 2952 sq.
941 2867 1037 2930 losue
1053 2867 1087 2930 et
1101 2867 1170 2929 Hur
1180 2862 1336 2930 absolute
1351 2861 1558 2929 scribantur.

232 2969 322 3037 lllud
346 2991 451 3060 qaam
474 2969 666 3054 remiserat,
686 2969 804 3059 utique
831 2969 1013 3037 recentiori
1035 2991 1141 3038 manu
1165 2968 1302 3036 videtur
1327 2969 1558 3058 adscriptum,

234 3098 301 3166 quo
324 3080 479 3166 tempore
501 3075 678 3145 obscurior
701 3081 779 3156 535
797 3097 849 3165 sq.
867 3082 976 3143 textus
997 3097 1067 3143 non
1093 3075 1162 3143 iam
1181 3076 1264 3142 satis
1285 3075 1558 3161 intelligebatur.

232 3183 497 3271 Supponcbatur
514 3181 704 3272 aliquando
728 3187 804 3272 post
822 3182 910 3249 illud
928 3182 1056 3250 factum
1076 3183 1232 3272 Sephora
1256 3187 1400 3270 aMopse
1422 3203 1491 3248 esse
1507 3203 1562 3248 re—

234 3287 359 3374 missa,·
374 3310 493 3355 revere
511 3287 570 3355 illa
590 3311 610 3355 a
629 3293 738 3375 Moyse
760 3293 882 3378 sponte
902 3292 1095 3357 recesserat.
1114 3289 1148 3356 Si
1162 3288 1199 3354 h.
1223 3286 1245 3354 l.
1263 3292 1375 3354 textus
1389 3309 1421 3354 v.
1440 3292 1459 3354 5
1478 3308 1562 3377 sup-

231 3399 383 3484 ponatur
396 3394 631 3484 incorruptus,
648 3394 838 3470 seeundum
852 3417 941 3485 quae
955 3394 1102 3462 diximus
1121 3394 1167 3462 ad
1182 3399 1273 3477 tho,
1290 3393 1478 3461 tenendum
1497 3393 1566 3460 erit

234 3502 424 3590 Sephoram
448 3500 618 3592 peperisse
640 3501 767 3568 Mliezer
787 3507 863 3590 post
879 3522 978 3569 suum
995 3524 1017 3568 a
1035 3501 1159 3568 marito
1177 3500 1374 3568 discessum.
1392 3504 1430 3567 ln
1452 3499 1563 3589 expli-

234 3606 344 3674 cando
365 3607 590 3676 innomine
610 3607 750 3690 illicior,
769 3607 889 3698 utique
910 3607 1101 3675 adhibetur
1122 3628 1187 3674 vox
1205 3594 1318 3680 nanti,
1342 3629 1363 3673 a
1380 3628 1452 3695 qua
1471 3605 1561 3673 illud

234 3735 360 3781 nomen
375 3713 564 3796 derivatur;
579 3713 638 3781 sed
652 3736 685 3780 v.
703 3721 719 3781 1
737 3713 922 3780 adhibetur
938 3713 1042 3781 semel
1058 3702 1160 3779 ΜΒΝ
1176 3718 1209 3780 et
1222 3712 1329 3781 semel
1344 3727 1428 3778 nini.

278 3844 311 3888 v.
329 3827 349 3887 6
366 3850 381 3883 «
396 3822 440 3887 Et
454 3819 632 3888 niaadaait
647 3820 760 3910 Moysi
773 3819 888 3887 diceus
904 3848 920 3882 t)
940 3843 948 3889 :
964 3858 1009 3871 —
1023 3820 1072 3887 ita
1086 3825 1177 3888 recte
1198 3818 1297 3909 Valp.
1315 3818 1564 3909 interpretatur

235 3929 336 3994 Mehr.
350 3927 442 3995 dicit
446 3948 462 4014 ,·
470 3933 530 3995 aut
544 3948 622 3994 cum
631 3929 723 3994 LXX
734 3927 855 4018 supple
868 3925 960 3993 dixit
972 3927 1116 4017 aliqia's,
1128 3926 1324 3994 nuntiatum
1341 3931 1392 3992 est
1401 3965 1446 3974 —
1459 3953 1474 3986 a
1488 3927 1566 4013 Epo

234 4033 346 4100 tethro
362 4046 529 4124 capriatae
542 4046 621 4100 tuiis
635 4034 730 4101 venio
746 4032 794 4100 ad
807 4046 850 4120 te,
868 4047 901 4100 et
916 4056 1002 4100 nicei·
1016 4046 1091 4116 teia,
1108 4045 1140 4099 et
1155 4031 1222 4099 (liic
1233 4031 1306 4121 filii
1319 4031 1373 4098 tai
1385 4054 1460 4098 cani
1474 4053 1515 4098 ea
1532 4059 1562 4100 ».

234 4140 397 4207 Nuntium
412 4139 602 4231 praemisit,
617 4163 697 4230 quo,
713 4141 742 4206 si
759 4139 872 4206 uxoris
891 4141 1058 4208 adventus
1075 4141 1176 4227 Moysi
1192 4138 1307 4206 minus
1330 4144 1417 4205 esset
1431 4142 1561 4224 gratus,

234 4245 358 4336 pedem
379 4247 452 4336 ipse
468 4248 668 4336 tempestive
692 4245 819 4313 reterre
843 4252 968 4335 posset.
986 4246 1094 4314 Simul
1119 4245 1208 4312 tilios
1232 4243 1390 4328 adducit,
1415 4264 1564 4334 quorum

234 4351 362 4419 intuitu
376 4359 486 4420 mater
503 4353 605 4420 ctiam
620 4352 656 4418 in
670 4354 825 4420 favorem
839 4352 1060 4442 reciperetur.
1078 4374 1109 4419 v.
1127 4360 1146 4418 7
1171 4381 1186 4414 o
1209 4352 1278 4432 Qui
1291 4372 1442 4440 egressas
1459 4351 1494 4416 in
1510 4372 1565 4416 oc-

237 4481 373 4526 cursant
386 4438 527 4548 eliquati
540 4459 610 4543 sai,
629 4457 786 4526 adorauit
801 4471 833 4526 ct
847 4459 1020 4526 oscalatus
1036 4470 1084 4525 est
1104 4480 1200 4540 erim,
1216 4457 1519 4546 salutaveruntque
1531 4479 1566 4522 se

235 4580 354 4633 rnatao
367 4563 652 4657 cerhispacificis.
672 4567 821 4656 Curiique
837 4565 997 4632 intrasset
1009 4563 1267 4632 tabernaculam
1282 4591 1313 4644 ii,
1329 4587 1360 4632 v.
1374 4569 1394 4630 8
1413 4591 1429 4624 ι(
1443 4585 1568 4630 narra-

235 4672 284 4739 uit
309 4675 443 4762 Moyses
472 4685 616 4762 capitato
635 4695 695 4738 sao
724 4685 866 4754 ciincta,
883 4694 973 4762 qnae
993 4671 1126 4758 fecerat
1157 4670 1318 4738 doriiiiias
1339 4668 1516 4737 Pharaoni
1534 4681 1567 4736 ct
