3534 5384
260 367 318 427 190
739 379 778 424 ax
799 379 938 424 xnsrrro
960 379 991 422 ur
1012 381 1105 423 siun.

250 515 342 602 gerit
366 515 456 598 Gai,
483 512 570 580 mihi
592 513 687 593 licet,
709 533 812 602 quern
831 513 990 595 libuerit,
1008 511 1150 600 eligere.
1175 513 1292 579 Verius
1314 513 1449 580 lsraelis
1462 515 1497 581 in
1512 538 1585 583 me-

251 622 317 688 diis
339 620 476 712 populis
500 619 650 706 dignitas
675 618 718 684 iis
741 619 854 686 verbis
876 618 1084 686 describitur
1115 643 1123 684 :
1154 642 1224 686 non
1245 619 1336 686 solus
1363 621 1483 704 lsrael,
1508 644 1584 689 cum

248 727 392 818 reliquis
411 726 575 815 gentibus
593 725 681 791 nihil
700 725 832 793 habens
851 748 1051 810 commune,
1071 725 1114 793 ad
1137 730 1243 792 [teum
1264 726 1432 815 pertinet3
1450 727 1512 794 sed
1526 751 1585 818 po

247 835 409 925 pulorum
424 835 531 900 frater
544 832 649 898 veluti
668 831 920 920 primogenitus
941 832 1135 922 principem
1155 831 1343 900 interillos
1361 833 1481 901 locum
1498 834 1586 901 ohti-

247 947 317 1008 net.
340 940 437 1008 Ratio
458 938 628 1018 redditur,
652 939 766 1005 curin
785 938 990 1028 populorum
1013 937 1145 1006 familia
1164 943 1198 1006 et
1219 939 1333 1006 lsraeli
1349 940 1533 1029 primatus,
1550 945 1586 1007 et

248 1046 388 1138 reliquis
405 1045 574 1114 secundus
595 1045 689 1111 locus
707 1043 890 1112 tribuatur.
915 1068 946 1111 v.
965 1053 984 1111 a
1002 1071 1018 1106 ι(
1040 1047 1085 1110 Ει
1100 1067 1156 1111 cos
1174 1045 1270 1110 eritis
1286 1044 1373 1112 atilae?
1389 1045 1425 1111 iet
1439 1069 1584 1136 repham

247 1153 473 1235 sacerdotale,
496 1164 529 1218 et
546 1175 632 1242 pens
651 1163 773 1218 sancta
796 1178 828 1219 ».
855 1153 955 1219 Hebe.
981 1153 1044 1243 Aq.
1070 1173 1218 1242 repetem
1239 1151 1472 1234 secerdotum,
1489 1153 1584 1243 quod

251 1263 337 1329 benc
348 1281 427 1327 cum
435 1261 527 1326 LXX
532 1257 668 1325 vertitS
672 1312 679 1325 .
695 1261 817 1324 Petrus
830 1259 858 1343 (1
870 1262 959 1326 Petr.
972 1258 1042 1348 λθ)
1052 1257 1422 1348 repelesacerdotr'um,
1437 1267 1583 1340 taetram

250 1373 421 1456 ἱεράτευμα.
440 1368 519 1455 Syr.
540 1386 686 1454 repham
702 1376 736 1430 et
749 1363 951 1432 sacerdotes.
971 1366 1105 1454 Syrum.
1125 1363 1247 1432 Theod.
1265 1387 1409 1455 repetem
1425 1364 1583 1433 socerdo-

251 1488 300 1541 tes
320 1474 376 1563 (l).
403 1471 576 1540 infelicius
602 1469 724 1538 Chald.
749 1492 846 1559 repes
864 1481 897 1538 et
917 1470 1122 1554 sacerdotes,
1141 1471 1238 1562 quasi
1253 1470 1380 1557 singuli
1395 1471 1503 1539 futuri
1517 1472 1583 1540 sint

251 1588 284 1648 et
295 1599 395 1668 reges
413 1583 446 1645 et
462 1577 666 1645 sacerdotes.
687 1580 844 1666 Repetam
862 1567 976 1642 ushan
992 1577 1094 1644 edicit
1114 1577 1247 1667 reptem
1261 1576 1487 1666 dipnitetem,·
1502 1601 1583 1666 ergo

252 1716 268 1748 «
285 1687 320 1754 la
338 1687 480 1773 royaute
502 1712 536 1764 »‚
554 1705 625 1750 non
638 1705 721 1750 vero
741 1710 757 1744 α
773 1683 806 1750 le
823 1705 988 1770 royaume
1005 1711 1020 1742 1>
1034 1704 1042 1764 ;
1060 1711 1076 1746 «
1093 1683 1153 1752 das
1169 1683 1348 1769 Konigtum
1363 1712 1397 1765 »,
1415 1705 1487 1752 non
1503 1706 1582 1751 vero

252 1820 268 1856 «
290 1794 351 1861 das
370 1789 574 1878 Konigreich
597 1818 627 1857 ι).
648 1793 805 1878 Repetam
820 1787 1035 1858 sacerdotum
1049 1791 1201 1880 primum
1218 1789 1322 1857 edicit
1337 1790 1453 1858 adesse
1464 1813 1583 1859 verum

249 1921 410 1990 repausa,
429 1919 503 1964 rem
520 1895 698 1986 publicam
713 1894 769 1963 cui
784 1917 872 1963 unus
886 1895 1033 1986 imperet
1050 1895 1125 1962 iure
1138 1897 1299 1985 proprio,
1318 1918 1388 1964 non
1403 1896 1580 1984 delegato,

247 2008 270 2075 i.
300 2029 330 2073 e.
353 2027 422 2072 rex.
445 2002 603 2071 Secundo
629 2000 748 2082 edicit,
772 2002 836 2069 hoc
865 2023 1011 2090 regnum
1032 2024 1101 2071 esse
1115 2023 1224 2092 peaes
1243 2002 1449 2088 sacerdotes,
1473 2009 1532 2071 aut
1546 2009 1583 2084 ut

241 2136 307 2179 -rex
326 2133 462 2200 semper
476 2115 633 2176 sumatur
649 2129 689 2174 ex
704 2109 825 2176 ordine
841 2109 911 2175 iam
923 2109 1101 2177 exsistente
1115 2110 1348 2191 sacerdotum,
1368 2115 1428 2178 aut
1443 2117 1481 2178 ut
1495 2109 1581 2178 eius-

248 2217 342 2285 modi
365 2216 506 2296 ordine,
526 2214 555 2281 si
572 2213 728 2304 quiante
749 2216 947 2299 exstitisset,
964 2215 1104 2306 sublato
1118 2217 1189 2283 iam
1208 2215 1300 2284 idem
1321 2238 1460 2308 semper
1472 2221 1506 2283 et
1524 2239 1582 2284 rex

250 2325 292 2392 sit
313 2328 347 2390 et
369 2321 534 2411 pontifex.
557 2321 615 2387 Hie
640 2325 688 2387 est
713 2321 936 2410 expressionis
962 2343 1079 2390 sensus
1100 2322 1237 2404 obriuS,
1260 2345 1280 2390 a
1306 2345 1374 2412 quo
1397 2323 1582 2391 recedendi

250 2430 345 2495 nulla
357 2427 459 2494 uobis
474 2432 525 2494 est
539 2426 640 2494 ratio.
659 2426 846 2493 llemineris
858 2427 972 2517 ipsum
988 2427 1228 2496 Melchisedech
1244 2433 1278 2495 et
1293 2450 1412 2515 regem
1432 2430 1534 2498 fuisse
1549 2435 1582 2497 et

250 2533 474 2602 sacerdotem.

295 2647 384 2728 Ergo
400 2640 427 2706 si
441 2637 586 2705 Hebraei
605 2645 703 2727 pacto
720 2637 867 2706 fideliter
884 2644 990 2721 stent,
1012 2639 1114 2706 lahvc
1133 2639 1203 2708 illis
1223 2641 1372 2708 vicissim
1389 2643 1577 2732 promittit,

249 2754 283 2815 ct
301 2747 397 2815 brevi
413 2745 551 2835 quidem
566 2743 787 2812 efficiendum
799 2745 981 2835 promittit,
998 2754 1036 2814 ut
1050 2747 1305 2836 repeshabeant
1319 2748 1382 2838 qui
1394 2747 1498 2815 iidem
1511 2749 1581 2814 siut

246 2852 450 2922 secerdotes.
478 2851 570 2918 Sicut
594 2857 679 2917 [teus
710 2851 858 2940 [nmmum
887 2849 1084 2920 decreverat
1105 2854 1274 2921 llehraeos
1295 2855 1362 2921 cito
1391 2854 1579 2922 interram

248 2961 449 3051 promissam
471 2956 667 3037 traducere,
690 2957 750 3024 sed
775 2956 820 3023 oh
841 2980 961 3025 eorum
982 2966 1124 3049 peccata
1150 2960 1385 3049 quadraginta
1409 2983 1579 3028 annorum

246 3069 368 3135 itinere
388 3089 446 3134 eos
462 3087 526 3155 per
548 3063 721 3130 desertum
740 3063 995 3133 circumduxit:
1024 3065 1071 3133 ita
1090 3065 1228 3133 volebat
1252 3066 1346 3134 illico
1367 3087 1486 3134 eorum
1508 3089 1580 3134 rem

247 3173 422 3263 publicam
437 3170 482 3238 ad
499 3169 746 3260 perlectionem
758 3170 963 3258 perducere,
981 3193 1139 3239 concesso
1155 3193 1236 3260 rege
1247 3172 1307 3262 qui
1322 3173 1414 3241 idem
1427 3181 1513 3240 esset
1528 3195 1581 3239 sa-

248 3279 387 3359 cerdos3
404 3283 438 3344 at
453 3277 498 3342 oh
519 3297 655 3356 eorum,
674 3281 708 3342 et
725 3275 871 3344 maxime
891 3278 1025 3366 antiqui
1049 3278 1179 3344 ordinis
1198 3279 1417 3346 sacerdotum
1435 3287 1577 3369 peccata

248 3383 414 3454 concessit
433 3385 585 3472 primum
604 3382 713 3448 solum
736 3382 963 3450 sacerdotium
986 3383 1202 3466 serenicum,
1219 3386 1349 3452 necnisi
1369 3391 1445 3474 post
1463 3387 1580 3476 aliqua

250 3490 385 3561 saecula
411 3509 557 3574 regnum
581 3509 651 3554 non
676 3488 885 3556 sacerdotale
906 3489 1074 3558 attribuit.
1096 3493 1175 3558 Erat
1195 3492 1296 3558 etiam
1317 3491 1364 3558 sic
1378 3492 1480 3559 lsrael
1498 3515 1580 3583 pens

250 3609 379 3681 sancta,
405 3595 428 3662 i.
455 3618 484 3662 e.
508 3617 528 3660 a
548 3593 691 3683 reliquis
711 3595 872 3680 gentihus
891 3603 1083 3682 segregata.
1108 3623 1124 3658 «
1151 3599 1243 3664 llaec
1264 3609 1342 3664 ssent
1358 3596 1473 3683 rerba,
1492 3621 1580 3690 petae

252 3703 399 3793 loqueris
411 3701 459 3768 ed
468 3699 560 3791 filios
574 3698 682 3766 Israel
694 3728 725 3766 ».
744 3700 875 3779 Quibus
894 3701 1008 3769 verbis
1024 3702 1158 3769 Israelis
1178 3702 1268 3769 inter
1288 3703 1435 3794 populos
1452 3706 1579 3795 princi-

250 3817 349 3901 patus
369 3807 576 3875 describitur
600 3805 852 3896 efficaciterque
876 3807 981 3876 lsrael
999 3807 1161 3890 allicitur,
1179 3814 1217 3877 ut
1236 3831 1355 3877 vocem
1379 3813 1437 3878 Dei
1462 3812 1579 3879 audiat

249 3921 456 4006 pactumque
471 3913 651 3980 custodiat.
1291 3927 1294 3944 ¹

292 4047 324 4090 v.
347 4030 398 4089 7«
419 4020 516 4087 Venit
529 4021 662 4105 Moyses
677 4032 726 4104 et,
745 4020 938 4088 coerceatis
950 4013 1138 4090 titularibus
1158 4035 1245 4090 reatu
1261 4024 1404 4114 populi,
1422 4023 1579 4114 esposuit

247 4152 362 4196 omnes
383 4148 569 4210 sarmatica,
596 4148 679 4215 quos
697 4126 923 4194 arandae-eret
939 4128 1104 4196 Deneirues
1123 4157 1154 4197 n.
1173 4134 1236 4196 Per
1259 4151 1355 4198 senes
1369 4131 1522 4219 loquitur
1536 4128 1578 4196 ad

243 4235 412 4326 populum
435 4236 478 4320 (v.
502 4232 554 4318 8),
572 4232 622 4298 uti
643 4233 728 4298 alias
748 4235 876 4300 etiam:
899 4235 940 4301 ct.
963 4241 1077 4316 1231.
1101 4243 1144 4302 27
1164 4235 1282 4324 (cain.
1305 4243 1375 4304 v.8
1398 4263 1414 4298 κ
1432 4241 1581 4326 Respon-

247 4341 365 4432 olitque
389 4337 500 4406 enanis
524 4338 672 4427 populas
686 4339 791 4406 simul
804 4361 816 4404 :
833 4343 981 4425 (ἵππεια,
1010 4364 1100 4430 quac
1116 4342 1248 4408 loeutus
1263 4355 1313 4409 est
1329 4345 1507 4427 Dorru'nus,
1522 4343 1580 4430 fe-

249 4449 375 4516 ciemus
390 4467 424 4526 »3
442 4465 560 4511 vocem
574 4444 754 4513 audiemus
762 4451 797 4513 'et
807 4446 928 4513 foedus
943 4449 1185 4516 custodiemus.
1200 4475 1217 4510 (ι
1237 4451 1390 4538 Ceresque
1409 4449 1576 4517 retulisset

248 4561 381 4645 ,lloyses
397 4555 497 4619 cerba
516 4551 642 4640 pepedi
663 4550 711 4617 ed
732 4552 917 4619 Dorici-trum
946 4577 1038 4638 »,.v.
1061 4562 1080 4620 9
1105 4583 1121 4615 «
1146 4555 1197 4620 eit
1217 4556 1249 4620 ei
1272 4556 1437 4622 [laurinus
1459 4577 1470 4622 .·
1494 4557 1578 4641 [latu

249 4665 351 4748 crecere]
365 4659 502 4728 reniam
512 4657 560 4724 ad
566 4670 598 4724 te
609 4657 644 4724 in
658 4657 806 4747 caliphae
815 4661 914 4726 aubis
927 4689 957 4744 s,
972 4683 1087 4750 -pro
1104 4676 1144 4728 :r
1157 4662 1252 4728 Serre.
1272 4677 1342 4735 tar,
1359 4662 1576 4752 culminibus,

248 4770 308 4859 qui
322 4766 469 4860 pluralis
487 4764 690 4833 densitatem
698 4766 859 4852 caliginis
874 4768 1063 4857 exprimere
1072 4767 1226 4854 videtum
1242 4767 1384 4836 liberius
1397 4791 1477 4836 sane
1490 4770 1582 4836 LXX
