3534 5384
734 348 783 393 nx.
807 333 899 403 2939
921 348 985 401 soo.
1466 334 1524 393 297

191 487 243 539 Ex.
257 487 354 549 29,27;
368 488 452 540 Num.
473 486 677 549 15,19;18,rt;
695 486 791 548 31,28;
808 498 824 536 e
843 488 941 537 eontra
961 488 1053 549 offerre
1069 485 1137 537 Lev.
1155 485 1250 547 22‚15;
1268 486 1351 537 Num.
1371 486 1461 547 tate.
1478 487 1522 537 26.

193 577 237 640 30,
254 578 362 641 auterre
381 574 574 638 Ler.l,8.10,
594 574 691 625 tollere
709 575 777 626 Lev.
794 574 853 635 2,9;
872 573 949 635 l,19;
967 574 1030 635 als
1044 570 1097 641 [8],
1113 586 1249 624 reservare
1271 575 1355 626 Num.
1377 574 1481 643 18,3rt;
1498 580 1525 627 et

193 645 279 723 ηηηή
295 672 369 724 nrm
387 663 526 729 significat
542 676 671 730 reparare
687 676 739 729 pro
758 664 855 723 latae,
872 668 900 714 et
915 668 1016 721 amum
1033 668 1075 714 est
1090 663 1139 713 llla
1156 664 1247 729 portio
1266 662 1353 715 lehve
1374 664 1522 726 destinata,

192 768 277 818 quam
288 754 336 804 ille
350 757 446 805 temen
460 765 572 819 semper
585 751 778 805 sacerdotibus
792 754 853 817 lpse
867 750 1006 803 concedit.

297 973 323 1024 A.
344 972 418 1019 Vara
427 972 512 1019 Aaron
526 971 554 1018 in
565 970 710 1033 aaronitae
721 969 862 1032 pcmtjtcam
877 969 1063 1017 ordinationibus
1073 969 1218 1017 adhibendae
1232 970 1278 1017 Ex„
1292 971 1362 1031 2939
1378 984 1414 1029 eq.

236 1153 327 1215 lnter
349 1148 555 1216 sacrificium
580 1148 646 1214 hoc
668 1146 893 1237 pacificorum
910 1146 1120 1237 epulumque
1139 1168 1275 1215 sacrum
1296 1146 1383 1214 illud
1406 1170 1523 1215 conse-

192 1277 313 1345 quens,
328 1254 490 1322 inseritur
502 1278 534 1321 v.
548 1261 591 1321 29
606 1277 657 1343 sq.
673 1253 760 1321 illud
774 1254 817 1320 de
829 1252 981 1321 vestibus
995 1252 1110 1334 saeris,
1126 1252 1250 1345 quibus
1257 1252 1398 1321 indutus
1410 1258 1524 1321 Aaron

191 1360 233 1427 sit
251 1360 516 1429 consecrandus.
538 1360 620 1427 lllee
632 1382 703 1427 non
721 1366 823 1428 erunt
834 1382 914 1426 cum
929 1361 1003 1449 ipso
1022 1360 1256 1451 sepeliendae,
1275 1359 1336 1427 sed
1351 1381 1523 1427 asserven-

191 1468 255 1535 dae
269 1473 303 1534 et
316 1468 353 1535 in
366 1468 585 1555 singulorum
599 1466 803 1556 pontificum
818 1465 1094 1533 ordinationibus
1109 1465 1340 1535 adhibendae.
1357 1472 1443 1535 Sane
1458 1489 1522 1557 pro

191 1573 323 1665 reliquo
339 1574 434 1641 cultu
449 1595 547 1641 sacro
561 1571 728 1640 credendi
736 1577 815 1640 sunt
826 1572 958 1658 singuli
969 1571 1163 1663 pontifices,
1183 1574 1234 1639 uti
1249 1572 1352 1640 etiam
1368 1573 1523 1640 secerdo-

191 1686 255 1764 tes,
272 1702 350 1747 suas
362 1680 427 1746 sibi
440 1701 641 1770 procurasse
659 1700 772 1747 sacras
786 1684 911 1761 vestes,
928 1684 1067 1769 excepto
1079 1680 1221 1746 fortasse
1238 1679 1409 1747 rationali.

233 1809 266 1853 v.
282 1792 324 1854 29
338 1812 354 1847 «
371 1787 502 1855 Vestem
511 1798 630 1852 autem
640 1798 813 1870 sanctam,
824 1807 896 1874 qua
909 1797 1027 1851 utetur
1040 1788 1174 1867 Aaron,
1187 1784 1357 1852 trabebant
1365 1785 1437 1873 filit
1449 1787 1522 1853 eius

187 1905 265 1983 post
275 1915 367 1979 eam,
384 1906 423 1959 at
434 1903 611 1982 unqaatur
626 1892 713 1959 inea
728 1904 762 1959 et
775 1904 1014 1958 consecrentur·
1029 1914 1151 1959 manus
1167 1913 1283 1959 eoram
1302 1920 1330 1959 ».
1348 1896 1437 1980 Ergo
1452 1893 1522 1960 sin-

190 1998 265 2086 guli
279 1999 456 2089 pcntifices
475 1997 711 2066 consecrandi.
729 2020 761 2065 v.
780 2004 822 2065 30
841 2025 858 2060 «
875 1999 1012 2088 Septem
1028 1996 1147 2065 dietas
1162 2009 1277 2065 utetur
1291 1996 1354 2065 itta
1370 2027 1386 2060 »
1412 1999 1468 2088 (cf.
1486 2023 1518 2066 v.

190 2112 233 2173 36
247 2105 357 2196 sqq.),
379 2133 395 2166 a
410 2104 643 2196 qctipoatisea
654 2126 719 2194 pro
734 2126 772 2171 eo
783 2102 898 2190 suerit
913 2104 1117 2171 constitutus
1129 2102 1170 2171 de
1182 2103 1269 2194 filiis
1281 2104 1368 2189 eiua,
1386 2106 1442 2193 [et]
1460 2107 1524 2195 qai

191 2211 404 2301 ingredietur
415 2211 672 2279 tabernaculum
685 2210 891 2291 testimonii,
906 2224 945 2277 at
959 2210 1129 2278 mior'stret
1142 2212 1179 2279 in
1193 2210 1389 2279 sanctuario
1407 2240 1423 2274 a
1438 2217 1522 2279 tarn-

190 2339 293 2408 quem
306 2318 472 2408 pontifex.
490 2321 563 2385 Non
578 2318 706 2385 dicitur
717 2316 989 2407 primogenitum
1006 2339 1142 2407 semper
1156 2318 1247 2407 patri
1267 2317 1431 2385 defuncto
1449 2340 1522 2385 suc·

190 2423 309 2492 cedere
324 2424 451 2491 debere
463 2422 500 2489 in
523 2423 738 2514 pontificatu.
756 2423 878 2510 Agitur
897 2422 940 2490 de
960 2429 1091 2513 septem
1114 2424 1236 2491 diebus
1250 2422 1421 2492 continuis
1439 2447 1522 2491 con-

190 2530 399 2598 secrationis.
433 2534 549 2620 Neque
583 2528 711 2597 licebat
744 2528 834 2617 (lev,
865 2530 959 2618 8‚33)
999 2528 1237 2598 consecrandis
1268 2529 1329 2597 illo
1363 2531 1520 2621 septiduo

189 2638 381 2705 sanctuario
401 2635 573 2704 excedere.

530 2860 559 2909 Ἰ.
575 2858 679 2920 Epulum
691 2872 785 2905 accrum
798 2856 978 2905 remorationis
991 2857 1037 2905 Ex.
1057 2859 1179 2917 AtAt-³4.

233 3057 266 3101 v.
283 3042 322 3102 31
343 3064 359 3098 a
377 3036 529 3103 Arietem
543 3049 659 3103 autem
674 3034 936 3102 consecrationis
952 3063 988 3117 a,
1004 3034 1174 3126 quidquid
1191 3058 1236 3102 sc.
1258 3059 1290 3102 v.
1309 3043 1351 3105 25
1372 3037 1519 3105 nonfuit

189 3143 336 3209 tlammis
358 3141 596 3232 absumptum,
622 3168 639 3202 a
661 3141 758 3209 tolles
774 3154 806 3208 et
822 3164 944 3230 coques
965 3162 1084 3209 carues
1103 3142 1176 3208 eius
1197 3142 1234 3209 ia
1257 3142 1329 3210 loca
1351 3156 1466 3211 sancto
1486 3174 1515 3211 n.

187 3270 220 3316 v,
242 3254 285 3315 32
305 3278 322 3309 a
342 3248 523 3333 Quibus»,
541 3252 680 3337 excepto
699 3271 757 3330 eo,
774 3248 867 3337 quod
881 3271 914 3316 v,
933 3254 976 3315 ‘Ab
992 3247 1094 3336 lloysi
1111 3248 1361 3333 reservabatur,
1380 3256 1518 3340 pectus-

187 3354 281 3437 culo,
306 3381 322 3416 u
343 3367 494 3422 vescetur
512 3357 629 3422 Aaron
644 3364 678 3420 et
686 3353 758 3444 filii
776 3355 848 3421 eius
865 3382 882 3415 »
895 3354 932 3421 in
945 3354 1089 3421 introitu
1101 3354 1317 3423 tabernaculi
1328 3358 1514 3425 testimonii

188 3464 263 3527 Lev,
281 3467 373 3545 8,31.
395 3466 435 3528 ut
458 3467 550 3528 recte
574 3469 691 3527 monet
711 3464 820 3543 Post„
841 3460 889 3527 sic
911 3462 1064 3549 recipere
1086 3461 1292 3542 secerdotm,
1315 3484 1403 3551 quae
1422 3484 1516 3531 secus

186 3565 265 3634 laici
279 3566 465 3658 accipiant,
485 3590 563 3634 cum
584 3567 622 3634 in
636 3568 806 3635 sacrificio
826 3567 1090 3634 consecrationis
1104 3588 1187 3634 suae
1203 3590 1274 3634 non
1289 3574 1395 3655 agant
1409 3592 1518 3638 sacer·-

187 3672 278 3739 dotes
307 3679 344 3740 ut
366 3673 568 3741 sacerdotes.
597 3702 613 3735 «
637 3676 749 3740 Panes
769 3695 921 3763 petoque,
951 3673 1012 3762 qui
1032 3686 1111 3739 suat
1133 3673 1171 3739 in
1197 3674 1344 3741 canistro
1367 3704 1383 3737 r
1406 3677 1514 3743 relicti

188 3778 244 3867 (cf.
261 3803 293 3847 v.
311 3780 386 3870 23),
408 3809 423 3841 u
437 3780 474 3846 in
486 3779 651 3847 vestibulo
667 3781 882 3847 tabernaculi
897 3780 1086 3847 testimonii
1101 3780 1276 3848 comedent
1288 3809 1323 3864 r,
1340 3805 1371 3850 v.
1389 3790 1430 3850 33
1446 3809 1462 3844 α
1482 3796 1517 3848 ut

185 3885 230 3951 sit
253 3886 423 3976 placabile
447 3886 698 3976 [sacrificium]‚
724 3898 757 3954 et
785 3886 1041 3974 sanctificentur
1063 3887 1306 3978 [offerentiam]
1338 3910 1460 3955 mances
1484 3920 1513 3954 ».

186 3992 287 4059 Hebe.
309 3992 409 4059 initio
430 4015 546 4062 versus
565 3993 689 4083 repetit
712 4005 744 4058 et
764 3992 1022 4075 manducabant
1040 4016 1096 4075 ca,
1117 4016 1164 4061 sc.
1194 4000 1264 4061 tam
1288 4016 1393 4083 penes
1411 4018 1517 4083 quam

185 4120 321 4179 earncs;
338 4099 418 4167 dein
432 4100 563 4189 peracti
582 4098 741 4167 sacrificii
753 4099 912 4166 effectum
929 4098 1070 4165 resumit
1086 4100 1178 4167 hisce
1194 4100 1307 4167 verbis
1324 4124 1332 4167 :
1347 4122 1514 4190 perquer

184 4205 337 4295 reptatio
361 4206 462 4293 [acta
484 4218 533 4274 est
552 4205 852 4297 adimpletionem
871 4228 1040 4272 manuum
1059 4206 1228 4295 ipsoram,
1256 4206 1304 4274 ad
1321 4208 1515 4298 sonctifica-

184 4311 311 4380 tioaem
327 4313 490 4403 aprorum.
510 4341 526 4375 α
541 4313 747 4403 Alienigena
762 4336 831 4397 non
848 4326 1000 4379 vescetur
1015 4335 1057 4379 ca
1076 4314 1139 4400 cio,
1162 4313 1246 4402 qaia
1260 4314 1461 4381 sanctisunt
1479 4344 1512 4398 >›‚

184 4418 239 4484 vel
256 4433 389 4487 sancta.
415 4420 617 4508 Alienigena
641 4419 697 4487 hic
718 4419 937 4504 intelligitur,
965 4418 1109 4509 quinon
1125 4426 1174 4487 est
1196 4419 1238 4486 de
1254 4420 1387 4489 familia
1402 4428 1515 4489 Aaron

184 4526 309 4615 (bap).
329 4527 413 4594 Hinc
428 4529 531 4594 etiem
549 4526 753 4616 perspicias,
770 4525 839 4594 alia
853 4526 922 4593 elio
939 4548 1039 4593 sensu
1058 4526 1126 4593 dici
1145 4533 1263 4594 sancta
1281 4533 1386 4595 :sunt
1405 4550 1512 4617 quae-

183 4630 265 4700 dam
280 4639 399 4701 sancte
420 4638 488 4701 eto
507 4633 661 4723 prolenis
679 4631 898 4719 segreganda
914 4634 979 4710 ita,
1006 4636 1043 4700 ut
1064 4632 1181 4699 nullus
1202 4655 1243 4700 ee
1258 4634 1435 4721 contingat
1449 4635 1514 4700 nisi

183 4739 371 4822 llebraeus3
386 4739 470 4822 alia,
485 4746 523 4808 ut
537 4740 652 4808 nullus
664 4762 704 4806 ea
718 4739 894 4824 contingat
907 4740 972 4805 nisi
988 4744 1120 4806 Aarcne
1137 4746 1248 4806 natus.
