<?xml version="1.0" encoding="UTF-8"?>
<!DOCTYPE html PUBLIC "-//W3C//DTD XHTML 1.0 Transitional//EN"
    "http://www.w3.org/TR/xhtml1/DTD/xhtml1-transitional.dtd">
<html xmlns="http://www.w3.org/1999/xhtml" xml:lang="en" lang="en">
 <head>
  <title>
</title>
<meta http-equiv="Content-Type" content="text/html;charset=utf-8" />
  <meta name='ocr-system' content='tesseract 3.04.00' />
  <meta name='ocr-capabilities' content='ocr_page ocr_carea ocr_par ocr_line ocrx_word'/>
</head>
<body>
  <div class='ocr_page' id='page_1' title='image "./commentariusine00hummgoog/commentariusine00hummgoog_0096.png"; bbox 0 0 3534 5384; ppageno 0'>
   <div class='ocr_carea' id='block_1_1' title="bbox 1364 348 3056 407">
    <p class='ocr_par' dir='ltr' id='par_1_1' title="bbox 1364 348 3056 407">
     <span class='ocr_line' id='line_1_1' title="bbox 1364 348 3056 407; baseline 0.002 -3"><span class='ocrx_word' id='word_1_1' title='bbox 1364 360 1597 405; x_wconf 76' lang='lat' dir='ltr'><strong>PLAGAE</strong></span> <span class='ocrx_word' id='word_1_2' title='bbox 1639 360 2084 405; x_wconf 69' lang='lat' dir='ltr'>AEGYrriAcAE.</span> <span class='ocrx_word' id='word_1_3' title='bbox 2977 348 3056 407; x_wconf 80' lang='lat'>85</span> 
     </span>
    </p>
   </div>
   <div class='ocr_carea' id='block_1_2' title="bbox 384 492 3053 1539">
    <p class='ocr_par' dir='ltr' id='par_1_2' title="bbox 384 492 3053 1539">
     <span class='ocr_line' id='line_1_2' title="bbox 393 492 3053 587; baseline 0.001 -28"><span class='ocrx_word' id='word_1_4' title='bbox 393 492 669 577; x_wconf 67' lang='lat' dir='ltr'>culices‘,</span> <span class='ocrx_word' id='word_1_5' title='bbox 702 515 1004 577; x_wconf 83' lang='lat' dir='ltr'><strong><em>muscae,</em></strong></span> <span class='ocrx_word' id='word_1_6' title='bbox 1041 493 1358 587; x_wconf 89' lang='lat' dir='ltr'>oriuntur</span> <span class='ocrx_word' id='word_1_7' title='bbox 1382 495 1555 561; x_wconf 71' lang='grc' dir='ltr'><em>σταῖς</em></span> <span class='ocrx_word' id='word_1_8' title='bbox 1585 493 1976 583; x_wconf 76' lang='lat' dir='ltr'>eruptiones</span> <span class='ocrx_word' id='word_1_9' title='bbox 2012 500 2112 575; x_wconf 89' lang='lat' dir='ltr'>et,</span> <span class='ocrx_word' id='word_1_10' title='bbox 2149 493 2305 561; x_wconf 88' lang='lat' dir='ltr'>licet</span> <span class='ocrx_word' id='word_1_11' title='bbox 2338 516 2661 584; x_wconf 79' lang='lat' dir='ltr'>pecorum</span> <span class='ocrx_word' id='word_1_12' title='bbox 2683 495 2897 585; x_wconf 80' lang='lat' dir='ltr'>pestis</span> <span class='ocrx_word' id='word_1_13' title='bbox 2934 518 3053 584; x_wconf 89' lang='lat' dir='ltr'>po-</span> 
     </span>
     <span class='ocr_line' id='line_1_3' title="bbox 394 599 3047 691; baseline 0.001 -25"><span class='ocrx_word' id='word_1_14' title='bbox 394 599 724 667; x_wconf 86' lang='lat' dir='ltr'>tissimum</span> <span class='ocrx_word' id='word_1_15' title='bbox 754 601 1051 686; x_wconf 83' lang='lat' dir='ltr'>grassari</span> <span class='ocrx_word' id='word_1_16' title='bbox 1082 600 1365 682; x_wconf 85' lang='lat' dir='ltr'>feratur,</span> <span class='ocrx_word' id='word_1_17' title='bbox 1404 623 1541 690; x_wconf 91' lang='lat' dir='ltr'>quo</span> <span class='ocrx_word' id='word_1_18' title='bbox 1571 607 1879 691; x_wconf 88' lang='lat' dir='ltr'>tempore</span> <span class='ocrx_word' id='word_1_19' title='bbox 1913 600 2204 668; x_wconf 89' lang='lat' dir='ltr'>minima</span> <span class='ocrx_word' id='word_1_20' title='bbox 2231 607 2330 667; x_wconf 87' lang='lat' dir='ltr'>est</span> <span class='ocrx_word' id='word_1_21' title='bbox 2360 623 2700 691; x_wconf 87' lang='lat' dir='ltr'>aquarum</span> <span class='ocrx_word' id='word_1_22' title='bbox 2732 601 3047 682; x_wconf 80' lang='lat' dir='ltr'>altitude,</span> 
     </span>
     <span class='ocr_line' id='line_1_4' title="bbox 389 705 3042 797; baseline 0.002 -26"><span class='ocrx_word' id='word_1_23' title='bbox 389 706 612 796; x_wconf 88' lang='lat' dir='ltr'>potuit</span> <span class='ocrx_word' id='word_1_24' title='bbox 652 710 878 773; x_wconf 86' lang='lat' dir='ltr'>tamen</span> <span class='ocrx_word' id='word_1_25' title='bbox 908 728 990 774; x_wconf 89' lang='lat' dir='ltr'>ea</span> <span class='ocrx_word' id='word_1_26' title='bbox 1017 705 1390 796; x_wconf 87' lang='lat' dir='ltr'>aliquando</span> <span class='ocrx_word' id='word_1_27' title='bbox 1423 707 1570 797; x_wconf 87' lang='lat' dir='ltr'>ipso</span> <span class='ocrx_word' id='word_1_28' title='bbox 1599 707 1808 774; x_wconf 89' lang='lat' dir='ltr'>etiam</span> <span class='ocrx_word' id='word_1_29' title='bbox 1857 706 2331 775; x_wconf 88' lang='lat' dir='ltr'>inundationis</span> <span class='ocrx_word' id='word_1_30' title='bbox 2371 713 2679 797; x_wconf 88' lang='lat' dir='ltr'>tempore</span> <span class='ocrx_word' id='word_1_31' title='bbox 2718 709 2980 775; x_wconf 86' lang='lat' dir='ltr'>saevire</span> <span class='ocrx_word' id='word_1_32' title='bbox 3027 731 3042 776; x_wconf 75' lang='grc' dir='ltr'>ε</span> 
     </span>
     <span class='ocr_line' id='line_1_5' title="bbox 388 812 3045 902; baseline 0.001 -25"><span class='ocrx_word' id='word_1_33' title='bbox 388 834 522 877; x_wconf 93' lang='lat' dir='ltr'>non</span> <span class='ocrx_word' id='word_1_34' title='bbox 554 812 740 879; x_wconf 91' lang='lat' dir='ltr'>enim</span> <span class='ocrx_word' id='word_1_35' title='bbox 765 814 969 879; x_wconf 88' lang='lat' dir='ltr'>certis</span> <span class='ocrx_word' id='word_1_36' title='bbox 1008 814 1291 880; x_wconf 92' lang='lat' dir='ltr'>omnino</span> <span class='ocrx_word' id='word_1_37' title='bbox 1329 813 1757 902; x_wconf 80' lang='lat' dir='ltr'><strong>temporibus</strong></span> <span class='ocrx_word' id='word_1_38' title='bbox 1795 813 2129 880; x_wconf 89' lang='lat' dir='ltr'>eiusmodi</span> <span class='ocrx_word' id='word_1_39' title='bbox 2164 813 2313 881; x_wconf 91' lang='lat' dir='ltr'>lues</span> <span class='ocrx_word' id='word_1_40' title='bbox 2352 813 2897 900; x_wconf 88' lang='lat' dir='ltr'>adstringuntur.</span> <span class='ocrx_word' id='word_1_41' title='bbox 2933 819 3045 880; x_wconf 89' lang='lat' dir='ltr'>Se-</span> 
     </span>
     <span class='ocr_line' id='line_1_6' title="bbox 387 917 3047 1009; baseline 0.001 -25"><span class='ocrx_word' id='word_1_42' title='bbox 387 924 668 1008; x_wconf 86' lang='lat' dir='ltr'>quentes</span> <span class='ocrx_word' id='word_1_43' title='bbox 694 917 1059 1008; x_wconf 74' lang='lat' dir='ltr'>qrandinis</span> <span class='ocrx_word' id='word_1_44' title='bbox 1085 923 1151 985; x_wconf 87' lang='lat' dir='ltr'>et</span> <span class='ocrx_word' id='word_1_45' title='bbox 1172 918 1589 985; x_wconf 80' lang='lat' dir='ltr'><em>locustarum</em></span> <span class='ocrx_word' id='word_1_46' title='bbox 1613 920 1864 1009; x_wconf 88' lang='lat' dir='ltr'>plagae</span> <span class='ocrx_word' id='word_1_47' title='bbox 1884 919 2179 1008; x_wconf 84' lang='lat' dir='ltr'><strong>tempori</strong></span> <span class='ocrx_word' id='word_1_48' title='bbox 2198 919 2722 1006; x_wconf 78' lang='lat' dir='ltr'>germinationis</span> <span class='ocrx_word' id='word_1_49' title='bbox 2739 924 3047 1007; x_wconf 86' lang='lat' dir='ltr'>segetum</span> 
     </span>
     <span class='ocr_line' id='line_1_7' title="bbox 386 1023 3048 1115; baseline 0.002 -25"><span class='ocrx_word' id='word_1_50' title='bbox 386 1028 541 1090; x_wconf 87' lang='lat' dir='ltr'>sunt</span> <span class='ocrx_word' id='word_1_51' title='bbox 568 1023 1060 1112; x_wconf 86' lang='lat' dir='ltr'>assignandae;</span> <span class='ocrx_word' id='word_1_52' title='bbox 1090 1029 1157 1091; x_wconf 85' lang='lat' dir='ltr'>et</span> <span class='ocrx_word' id='word_1_53' title='bbox 1185 1030 1378 1109; x_wconf 87' lang='lat' dir='ltr'>nota,</span> <span class='ocrx_word' id='word_1_54' title='bbox 1414 1025 1801 1093; x_wconf 80' lang='lat' dir='ltr'>etiamnum</span> <span class='ocrx_word' id='word_1_55' title='bbox 1844 1026 1920 1092; x_wconf 93' lang='lat' dir='ltr'>in</span> <span class='ocrx_word' id='word_1_56' title='bbox 1955 1029 2267 1115; x_wconf 85' lang='lat' dir='ltr'>Aegypto</span> <span class='ocrx_word' id='word_1_57' title='bbox 2297 1026 2603 1094; x_wconf 89' lang='lat' dir='ltr'>triticum</span> <span class='ocrx_word' id='word_1_58' title='bbox 2643 1048 2777 1093; x_wconf 92' lang='lat' dir='ltr'>uno</span> <span class='ocrx_word' id='word_1_59' title='bbox 2811 1027 3048 1094; x_wconf 88' lang='lat' dir='ltr'>saltem</span> 
     </span>
     <span class='ocr_line' id='line_1_8' title="bbox 386 1131 3052 1221; baseline 0.001 -24"><span class='ocrx_word' id='word_1_60' title='bbox 386 1136 538 1221; x_wconf 86' lang='lat' dir='ltr'>post</span> <span class='ocrx_word' id='word_1_61' title='bbox 556 1131 891 1199; x_wconf 82' lang='lat' dir='ltr'><strong>hordeum</strong></span> <span class='ocrx_word' id='word_1_62' title='bbox 913 1152 1143 1199; x_wconf 89' lang='lat' dir='ltr'>mense</span> <span class='ocrx_word' id='word_1_63' title='bbox 1164 1137 1645 1200; x_wconf 74' lang='lat' dir='ltr'><strong>maturescere.</strong></span> <span class='ocrx_word' id='word_1_64' title='bbox 1674 1138 1924 1200; x_wconf 89' lang='lat' dir='ltr'>Ventus</span> <span class='ocrx_word' id='word_1_65' title='bbox 1946 1133 2265 1200; x_wconf 87' lang='lat' dir='ltr'>Chamsin</span> <span class='ocrx_word' id='word_1_66' title='bbox 2281 1184 2297 1212; x_wconf 88' lang='lat'>‚</span> <span class='ocrx_word' id='word_1_67' title='bbox 2330 1134 2439 1200; x_wconf 86' lang='lat' dir='ltr'>eui</span> <span class='ocrx_word' id='word_1_68' title='bbox 2470 1135 2779 1199; x_wconf 79' lang='lat' dir='ltr'>tenebras</span> <span class='ocrx_word' id='word_1_69' title='bbox 2797 1133 3052 1201; x_wconf 88' lang='lat' dir='ltr'>adscri-</span> 
     </span>
     <span class='ocr_line' id='line_1_9' title="bbox 386 1237 3048 1328; baseline 0 -24"><span class='ocrx_word' id='word_1_70' title='bbox 386 1238 656 1320; x_wconf 82' lang='lat' dir='ltr'>bemuS‚</span> <span class='ocrx_word' id='word_1_71' title='bbox 690 1237 1038 1305; x_wconf 89' lang='lat' dir='ltr'>mensibus</span> <span class='ocrx_word' id='word_1_72' title='bbox 1062 1239 1294 1306; x_wconf 85' lang='lat' dir='ltr'>Martio</span> <span class='ocrx_word' id='word_1_73' title='bbox 1329 1244 1397 1306; x_wconf 83' lang='lat' dir='ltr'>et</span> <span class='ocrx_word' id='word_1_74' title='bbox 1423 1238 1667 1328; x_wconf 85' lang='lat' dir='ltr'>Aprili,</span> <span class='ocrx_word' id='word_1_75' title='bbox 1703 1238 1989 1306; x_wconf 90' lang='lat' dir='ltr'>minime</span> <span class='ocrx_word' id='word_1_76' title='bbox 2025 1246 2259 1306; x_wconf 88' lang='lat' dir='ltr'>tamen</span> <span class='ocrx_word' id='word_1_77' title='bbox 2297 1238 2663 1323; x_wconf 86' lang='lat' dir='ltr'>continu0‚</span> <span class='ocrx_word' id='word_1_78' title='bbox 2693 1241 2834 1308; x_wconf 85' lang='lat' dir='ltr'>flat.</span> <span class='ocrx_word' id='word_1_79' title='bbox 2871 1243 3048 1326; x_wconf 86' lang='lat' dir='ltr'>Ergo</span> 
     </span>
     <span class='ocr_line' id='line_1_10' title="bbox 384 1344 3047 1435; baseline 0.001 -25"><span class='ocrx_word' id='word_1_80' title='bbox 384 1344 439 1410; x_wconf 87' lang='lat' dir='ltr'>si</span> <span class='ocrx_word' id='word_1_81' title='bbox 477 1345 583 1410; x_wconf 86' lang='lat' dir='ltr'>fas</span> <span class='ocrx_word' id='word_1_82' title='bbox 620 1344 736 1427; x_wconf 85' lang='lat' dir='ltr'>sit,</span> <span class='ocrx_word' id='word_1_83' title='bbox 789 1344 1033 1433; x_wconf 80' lang='lat' dir='ltr'>plagas</span> <span class='ocrx_word' id='word_1_84' title='bbox 1079 1345 1519 1434; x_wconf 80' lang='lat' dir='ltr'>aegyptiacas</span> <span class='ocrx_word' id='word_1_85' title='bbox 1568 1344 1931 1412; x_wconf 89' lang='lat' dir='ltr'>eventibus</span> <span class='ocrx_word' id='word_1_86' title='bbox 1972 1344 2407 1412; x_wconf 88' lang='lat' dir='ltr'>naturalibus</span> <span class='ocrx_word' id='word_1_87' title='bbox 2454 1367 2890 1435; x_wconf 90' lang='lat' dir='ltr'>comparare,</span> <span class='ocrx_word' id='word_1_88' title='bbox 2944 1368 3047 1413; x_wconf 90' lang='lat' dir='ltr'>se-</span> 
     </span>
     <span class='ocr_line' id='line_1_11' title="bbox 385 1450 1311 1539; baseline 0.002 -23"><span class='ocrx_word' id='word_1_89' title='bbox 385 1471 603 1539; x_wconf 89' lang='lat' dir='ltr'>quens</span> <span class='ocrx_word' id='word_1_90' title='bbox 629 1472 701 1516; x_wconf 92' lang='lat' dir='ltr'>se</span> <span class='ocrx_word' id='word_1_91' title='bbox 741 1450 942 1517; x_wconf 87' lang='lat' dir='ltr'>offert</span> <span class='ocrx_word' id='word_1_92' title='bbox 978 1450 1252 1518; x_wconf 88' lang='lat' dir='ltr'>schema</span> <span class='ocrx_word' id='word_1_93' title='bbox 1296 1472 1311 1519; x_wconf 91' lang='lat'>:</span> 
     </span>
    </p>
   </div>
   <div class='ocr_carea' id='block_1_3' title="bbox 379 1671 3040 3117">
    <p class='ocr_par' dir='ltr' id='par_1_3' title="bbox 379 1671 3040 3117">
     <span class='ocr_line' id='line_1_12' title="bbox 384 1671 2775 1754; baseline 0.001 -23"><span class='ocrx_word' id='word_1_94' title='bbox 384 1671 663 1733; x_wconf 76' lang='lat' dir='ltr'>Primum</span> <span class='ocrx_word' id='word_1_95' title='bbox 694 1673 848 1733; x_wconf 79' lang='lat' dir='ltr'>anni</span> <span class='ocrx_word' id='word_1_96' title='bbox 880 1680 1117 1754; x_wconf 79' lang='lat' dir='ltr'>tempus</span> <span class='ocrx_word' id='word_1_97' title='bbox 1151 1699 1179 1728; x_wconf 92' lang='lat'>«</span> <span class='ocrx_word' id='word_1_98' title='bbox 1215 1674 1549 1735; x_wconf 85' lang='lat' dir='ltr'>inundatio</span> <span class='ocrx_word' id='word_1_99' title='bbox 1582 1696 1612 1729; x_wconf 87' lang='lat'>»</span> <span class='ocrx_word' id='word_1_100' title='bbox 1642 1674 1886 1736; x_wconf 84' lang='lat' dir='ltr'>dictum</span> <span class='ocrx_word' id='word_1_101' title='bbox 1906 1721 1921 1747; x_wconf 91' lang='lat'>‚</span> <span class='ocrx_word' id='word_1_102' title='bbox 1954 1692 1992 1735; x_wconf 92' lang='lat' dir='ltr'>a</span> <span class='ocrx_word' id='word_1_103' title='bbox 2017 1676 2115 1735; x_wconf 74' lang='lat'>20.</span> <span class='ocrx_word' id='word_1_104' title='bbox 2146 1672 2292 1734; x_wconf 86' lang='lat' dir='ltr'>Iulii</span> <span class='ocrx_word' id='word_1_105' title='bbox 2323 1674 2400 1735; x_wconf 89' lang='lat' dir='ltr'>ad</span> <span class='ocrx_word' id='word_1_106' title='bbox 2431 1676 2530 1734; x_wconf 76' lang='lat'>20.</span> <span class='ocrx_word' id='word_1_107' title='bbox 2565 1676 2720 1735; x_wconf 86' lang='lat' dir='ltr'><strong>Nov.</strong></span> <span class='ocrx_word' id='word_1_108' title='bbox 2760 1691 2775 1734; x_wconf 73' lang='grc' dir='ltr'>ε</span> 
     </span>
     <span class='ocr_line' id='line_1_13' title="bbox 464 1770 3040 1851; baseline 0.001 -20"><span class='ocrx_word' id='word_1_109' title='bbox 464 1770 522 1848; x_wconf 86' lang='grc'>1)</span> <span class='ocrx_word' id='word_1_110' title='bbox 556 1770 739 1831; x_wconf 91' lang='lat' dir='ltr'>initio</span> <span class='ocrx_word' id='word_1_111' title='bbox 780 1771 927 1832; x_wconf 92' lang='lat' dir='ltr'>Iulii</span> <span class='ocrx_word' id='word_1_112' title='bbox 969 1776 1081 1831; x_wconf 86' lang='lat' dir='ltr'>aut</span> <span class='ocrx_word' id='word_1_113' title='bbox 1119 1772 1295 1833; x_wconf 86' lang='lat' dir='ltr'>brevi</span> <span class='ocrx_word' id='word_1_114' title='bbox 1340 1776 1515 1851; x_wconf 87' lang='lat' dir='ltr'>post,</span> <span class='ocrx_word' id='word_1_115' title='bbox 1549 1772 1787 1834; x_wconf 88' lang='lat' dir='ltr'>flumen</span> <span class='ocrx_word' id='word_1_116' title='bbox 1816 1776 2129 1834; x_wconf 84' lang='lat' dir='ltr'>mutatum</span> <span class='ocrx_word' id='word_1_117' title='bbox 2161 1771 2228 1832; x_wconf 90' lang='lat' dir='ltr'>in</span> <span class='ocrx_word' id='word_1_118' title='bbox 2263 1771 2546 1833; x_wconf 90' lang='lat' dir='ltr'>colorem</span> <span class='ocrx_word' id='word_1_119' title='bbox 2581 1772 3003 1850; x_wconf 89' lang='lat' dir='ltr'>sanguineum</span> <span class='ocrx_word' id='word_1_120' title='bbox 3025 1816 3040 1841; x_wconf 92' lang='lat'>‚</span> 
     </span>
     <span class='ocr_line' id='line_1_14' title="bbox 460 1868 781 1947; baseline 0.003 -19"><span class='ocrx_word' id='word_1_121' title='bbox 460 1868 521 1947; x_wconf 82' lang='lat'>2)</span> <span class='ocrx_word' id='word_1_122' title='bbox 551 1886 746 1929; x_wconf 89' lang='lat' dir='ltr'>ranae</span> <span class='ocrx_word' id='word_1_123' title='bbox 767 1915 781 1941; x_wconf 92' lang='lat'>,</span> 
     </span>
     <span class='ocr_line' id='line_1_15' title="bbox 458 1966 910 2046; baseline 0 -20"><span class='ocrx_word' id='word_1_124' title='bbox 458 1966 520 2046; x_wconf 89' lang='lat'>3)</span> <span class='ocrx_word' id='word_1_125' title='bbox 550 1966 879 2045; x_wconf 85' lang='lat' dir='ltr'>sciniphes</span> <span class='ocrx_word' id='word_1_126' title='bbox 896 2013 910 2040; x_wconf 92' lang='lat'>,</span> 
     </span>
     <span class='ocr_line' id='line_1_16' title="bbox 457 2066 840 2141; baseline 0.003 -18"><span class='ocrx_word' id='word_1_127' title='bbox 457 2066 521 2141; x_wconf 69' lang='lat'>4)</span> <span class='ocrx_word' id='word_1_128' title='bbox 547 2081 840 2133; x_wconf 86' lang='lat' dir='ltr'>muscae,</span> 
     </span>
     <span class='ocr_line' id='line_1_17' title="bbox 460 2160 1107 2240; baseline 0 -19"><span class='ocrx_word' id='word_1_129' title='bbox 460 2160 522 2240; x_wconf 79' lang='lat'>5)</span> <span class='ocrx_word' id='word_1_130' title='bbox 546 2162 747 2239; x_wconf 88' lang='lat' dir='ltr'>pestis</span> <span class='ocrx_word' id='word_1_131' title='bbox 774 2178 1072 2240; x_wconf 89' lang='lat' dir='ltr'>pecorum</span> <span class='ocrx_word' id='word_1_132' title='bbox 1094 2207 1107 2234; x_wconf 91' lang='lat'>,</span> 
     </span>
     <span class='ocr_line' id='line_1_18' title="bbox 457 2259 1152 2338; baseline 0.001 -20"><span class='ocrx_word' id='word_1_133' title='bbox 457 2259 521 2338; x_wconf 88' lang='lat'>6)</span> <span class='ocrx_word' id='word_1_134' title='bbox 554 2259 721 2320; x_wconf 88' lang='lat' dir='ltr'>cutis</span> <span class='ocrx_word' id='word_1_135' title='bbox 758 2259 1152 2337; x_wconf 74' lang='lat' dir='ltr'>eruptiones·</span> 
     </span>
     <span class='ocr_line' id='line_1_19' title="bbox 379 2353 3040 2438; baseline 0 -23"><span class='ocrx_word' id='word_1_136' title='bbox 379 2353 730 2416; x_wconf 81' lang='lat' dir='ltr'>Secundum</span> <span class='ocrx_word' id='word_1_137' title='bbox 772 2356 924 2415; x_wconf 83' lang='lat' dir='ltr'>anni</span> <span class='ocrx_word' id='word_1_138' title='bbox 970 2363 1206 2438; x_wconf 78' lang='lat' dir='ltr'>tempus</span> <span class='ocrx_word' id='word_1_139' title='bbox 1243 2381 1273 2412; x_wconf 92' lang='lat'>«</span> <span class='ocrx_word' id='word_1_140' title='bbox 1312 2355 1698 2435; x_wconf 85' lang='lat' dir='ltr'>germinatio</span> <span class='ocrx_word' id='word_1_141' title='bbox 1735 2356 1968 2436; x_wconf 87' lang='lat' dir='ltr'>segetis</span> <span class='ocrx_word' id='word_1_142' title='bbox 2001 2380 2030 2413; x_wconf 87' lang='lat'>»</span> <span class='ocrx_word' id='word_1_143' title='bbox 2064 2357 2340 2428; x_wconf 89' lang='lat' dir='ltr'>dictum,</span> <span class='ocrx_word' id='word_1_144' title='bbox 2392 2374 2428 2417; x_wconf 90' lang='lat' dir='ltr'>a</span> <span class='ocrx_word' id='word_1_145' title='bbox 2469 2358 2567 2417; x_wconf 76' lang='lat'>20.</span> <span class='ocrx_word' id='word_1_146' title='bbox 2614 2358 2769 2416; x_wconf 86' lang='lat' dir='ltr'><strong>Nov.</strong></span> <span class='ocrx_word' id='word_1_147' title='bbox 2817 2355 2898 2416; x_wconf 90' lang='lat' dir='ltr'>ad</span> <span class='ocrx_word' id='word_1_148' title='bbox 2939 2358 3040 2416; x_wconf 70' lang='lat'>20.</span> 
     </span>
     <span class='ocr_line' id='line_1_20' title="bbox 459 2448 885 2514; baseline -0.002 0"><span class='ocrx_word' id='word_1_149' title='bbox 459 2454 662 2514; x_wconf 78' lang='lat' dir='ltr'>Martii</span> <span class='ocrx_word' id='word_1_150' title='bbox 694 2472 709 2514; x_wconf 75' lang='grc' dir='ltr'>ε</span> <span class='ocrx_word' id='word_1_151' title='bbox 880 2448 885 2455; x_wconf 80' lang='grc'><strong>’</strong></span> 
     </span>
     <span class='ocr_line' id='line_1_21' title="bbox 458 2551 826 2631; baseline 0 -20"><span class='ocrx_word' id='word_1_152' title='bbox 458 2552 518 2631; x_wconf 88' lang='lat'>7)</span> <span class='ocrx_word' id='word_1_153' title='bbox 548 2551 793 2630; x_wconf 84' lang='lat' dir='ltr'>grando</span> <span class='ocrx_word' id='word_1_154' title='bbox 812 2596 826 2622; x_wconf 92' lang='lat'>,</span> 
     </span>
     <span class='ocr_line' id='line_1_22' title="bbox 457 2648 865 2728; baseline 0.002 -20"><span class='ocrx_word' id='word_1_155' title='bbox 457 2648 514 2728; x_wconf 90' lang='lat'>8)</span> <span class='ocrx_word' id='word_1_156' title='bbox 545 2649 865 2722; x_wconf 85' lang='lat' dir='ltr'>locustae,</span> 
     </span>
     <span class='ocr_line' id='line_1_23' title="bbox 456 2746 2280 2826; baseline 0 -19"><span class='ocrx_word' id='word_1_157' title='bbox 456 2746 518 2826; x_wconf 88' lang='grc'>9)</span> <span class='ocrx_word' id='word_1_158' title='bbox 548 2763 770 2807; x_wconf 88' lang='lat' dir='ltr'>mense</span> <span class='ocrx_word' id='word_1_159' title='bbox 797 2746 1051 2823; x_wconf 86' lang='lat' dir='ltr'>Martio,</span> <span class='ocrx_word' id='word_1_160' title='bbox 1077 2751 1308 2807; x_wconf 87' lang='lat' dir='ltr'>ventus</span> <span class='ocrx_word' id='word_1_161' title='bbox 1340 2746 1641 2806; x_wconf 88' lang='lat' dir='ltr'>Chamsin</span> <span class='ocrx_word' id='word_1_162' title='bbox 1673 2747 1938 2826; x_wconf 87' lang='lat' dir='ltr'>gignens</span> <span class='ocrx_word' id='word_1_163' title='bbox 1967 2746 2280 2808; x_wconf 76' lang='lat' dir='ltr'>tenebras,</span> 
     </span>
     <span class='ocr_line' id='line_1_24' title="bbox 380 2842 3032 2925; baseline 0 -22"><span class='ocrx_word' id='word_1_164' title='bbox 380 2842 652 2903; x_wconf 80' lang='lat' dir='ltr'>Tertium</span> <span class='ocrx_word' id='word_1_165' title='bbox 682 2843 836 2903; x_wconf 82' lang='lat' dir='ltr'>anni</span> <span class='ocrx_word' id='word_1_166' title='bbox 868 2851 1107 2925; x_wconf 78' lang='lat' dir='ltr'>tempus</span> <span class='ocrx_word' id='word_1_167' title='bbox 1133 2866 1163 2897; x_wconf 91' lang='lat'>«</span> <span class='ocrx_word' id='word_1_168' title='bbox 1195 2844 1422 2904; x_wconf 90' lang='lat' dir='ltr'>messis</span> <span class='ocrx_word' id='word_1_169' title='bbox 1456 2867 1486 2898; x_wconf 90' lang='lat'>»</span> <span class='ocrx_word' id='word_1_170' title='bbox 1517 2844 1796 2917; x_wconf 88' lang='lat' dir='ltr'>dictum,</span> <span class='ocrx_word' id='word_1_171' title='bbox 1829 2862 1865 2904; x_wconf 90' lang='lat' dir='ltr'>a</span> <span class='ocrx_word' id='word_1_172' title='bbox 1891 2846 1991 2905; x_wconf 68' lang='lat'>20.</span> <span class='ocrx_word' id='word_1_173' title='bbox 2021 2843 2223 2904; x_wconf 87' lang='lat' dir='ltr'>Martii</span> <span class='ocrx_word' id='word_1_174' title='bbox 2256 2844 2335 2904; x_wconf 89' lang='lat' dir='ltr'>ad</span> <span class='ocrx_word' id='word_1_175' title='bbox 2366 2844 2466 2904; x_wconf 81' lang='lat'>20.</span> <span class='ocrx_word' id='word_1_176' title='bbox 2490 2842 2632 2905; x_wconf 91' lang='lat' dir='ltr'>Iulii</span> <span class='ocrx_word' id='word_1_177' title='bbox 2659 2844 2984 2920; x_wconf 86' lang='lat' dir='ltr'>sequentis</span> <span class='ocrx_word' id='word_1_178' title='bbox 3017 2860 3032 2903; x_wconf 91' lang='lat'>:</span> 
     </span>
     <span class='ocr_line' id='line_1_25' title="bbox 455 2938 3035 3021; baseline -0.001 -20"><span class='ocrx_word' id='word_1_179' title='bbox 455 2940 555 3021; x_wconf 87' lang='grc'>10)</span> <span class='ocrx_word' id='word_1_180' title='bbox 591 2943 694 3001; x_wconf 68' lang='grc'>14“</span> <span class='ocrx_word' id='word_1_181' title='bbox 731 2941 834 3001; x_wconf 89' lang='lat' dir='ltr'>die</span> <span class='ocrx_word' id='word_1_182' title='bbox 865 2941 1107 3002; x_wconf 90' lang='lat' dir='ltr'>mensis</span> <span class='ocrx_word' id='word_1_183' title='bbox 1139 2941 1331 3001; x_wconf 89' lang='lat' dir='ltr'>Nisan</span> <span class='ocrx_word' id='word_1_184' title='bbox 1363 2958 1475 3002; x_wconf 90' lang='lat' dir='ltr'>seu</span> <span class='ocrx_word' id='word_1_185' title='bbox 1515 2946 1801 3002; x_wconf 83' lang='lat' dir='ltr'>extremo</span> <span class='ocrx_word' id='word_1_186' title='bbox 1829 2957 2050 3002; x_wconf 89' lang='lat' dir='ltr'>mense</span> <span class='ocrx_word' id='word_1_187' title='bbox 2096 2940 2316 3001; x_wconf 83' lang='lat' dir='ltr'>Martio</span> <span class='ocrx_word' id='word_1_188' title='bbox 2347 2938 2580 3017; x_wconf 77' lang='lat' dir='ltr'>Phase,</span> <span class='ocrx_word' id='word_1_189' title='bbox 2613 2940 2855 3001; x_wconf 85' lang='lat' dir='ltr'>habens</span> <span class='ocrx_word' id='word_1_190' title='bbox 2886 2956 3035 3001; x_wconf 89' lang='lat' dir='ltr'>cum</span> 
     </span>
     <span class='ocr_line' id='line_1_26' title="bbox 534 3037 2697 3117; baseline -0.001 -18"><span class='ocrx_word' id='word_1_191' title='bbox 534 3038 789 3099; x_wconf 89' lang='lat' dir='ltr'>caedem</span> <span class='ocrx_word' id='word_1_192' title='bbox 822 3038 1396 3117; x_wconf 89' lang='lat' dir='ltr'>primogenitorum</span> <span class='ocrx_word' id='word_1_193' title='bbox 1424 3039 1723 3117; x_wconf 81' lang='lat' dir='ltr'>Aegypti,</span> <span class='ocrx_word' id='word_1_194' title='bbox 1757 3044 1899 3099; x_wconf 93' lang='lat' dir='ltr'>tum</span> <span class='ocrx_word' id='word_1_195' title='bbox 1931 3038 2364 3099; x_wconf 83' lang='lat' dir='ltr'>Hebraeorum</span> <span class='ocrx_word' id='word_1_196' title='bbox 2396 3037 2697 3099; x_wconf 80' lang='lat' dir='ltr'>exodum.</span> 
     </span>
    </p>
   </div>
   <div class='ocr_carea' id='block_1_4' title="bbox 367 3240 3037 4820">
    <p class='ocr_par' dir='ltr' id='par_1_4' title="bbox 367 3240 3034 4181">
     <span class='ocr_line' id='line_1_27' title="bbox 458 3240 3034 3331; baseline -0.001 -22"><span class='ocrx_word' id='word_1_197' title='bbox 458 3242 848 3309; x_wconf 86' lang='lat' dir='ltr'>Secundum</span> <span class='ocrx_word' id='word_1_198' title='bbox 874 3242 1045 3308; x_wconf 88' lang='lat' dir='ltr'>haec</span> <span class='ocrx_word' id='word_1_199' title='bbox 1074 3240 1333 3328; x_wconf 82' lang='lat' dir='ltr'>integri</span> <span class='ocrx_word' id='word_1_200' title='bbox 1361 3263 1613 3309; x_wconf 90' lang='lat' dir='ltr'>novem</span> <span class='ocrx_word' id='word_1_201' title='bbox 1643 3262 1945 3321; x_wconf 76' lang='lat' dir='ltr'>menses,</span> <span class='ocrx_word' id='word_1_202' title='bbox 1976 3241 2268 3308; x_wconf 84' lang='lat' dir='ltr'>totidem</span> <span class='ocrx_word' id='word_1_203' title='bbox 2300 3241 2419 3309; x_wconf 89' lang='lat' dir='ltr'>sed</span> <span class='ocrx_word' id='word_1_204' title='bbox 2451 3264 2597 3316; x_wconf 87' lang='lat' dir='ltr'>non</span> <span class='ocrx_word' id='word_1_205' title='bbox 2627 3240 3034 3331; x_wconf 80' lang='lat' dir='ltr'>aequalibus</span> 
     </span>
     <span class='ocr_line' id='line_1_28' title="bbox 369 3345 3031 3438; baseline -0.001 -24"><span class='ocrx_word' id='word_1_206' title='bbox 369 3352 756 3437; x_wconf 86' lang='lat' dir='ltr'>temporum</span> <span class='ocrx_word' id='word_1_207' title='bbox 786 3347 1162 3415; x_wconf 82' lang='lat' dir='ltr'>intervallis</span> <span class='ocrx_word' id='word_1_208' title='bbox 1191 3348 1540 3415; x_wconf 85' lang='lat' dir='ltr'>distinctas</span> <span class='ocrx_word' id='word_1_209' title='bbox 1564 3348 1810 3438; x_wconf 86' lang='lat' dir='ltr'>plagas</span> <span class='ocrx_word' id='word_1_210' title='bbox 1835 3347 2199 3430; x_wconf 81' lang='lat' dir='ltr'>habenteS,</span> <span class='ocrx_word' id='word_1_211' title='bbox 2248 3346 2559 3415; x_wconf 90' lang='lat' dir='ltr'>ultimam</span> <span class='ocrx_word' id='word_1_212' title='bbox 2589 3354 2657 3414; x_wconf 89' lang='lat' dir='ltr'>et</span> <span class='ocrx_word' id='word_1_213' title='bbox 2693 3345 3031 3414; x_wconf 82' lang='lat' dir='ltr'>exitialem</span> 
     </span>
     <span class='ocr_line' id='line_1_29' title="bbox 369 3453 3024 3544; baseline -0.001 -23"><span class='ocrx_word' id='word_1_214' title='bbox 369 3454 652 3543; x_wconf 85' lang='lat' dir='ltr'>plagam</span> <span class='ocrx_word' id='word_1_215' title='bbox 695 3476 1148 3544; x_wconf 83' lang='lat' dir='ltr'>praecessere.</span> <span class='ocrx_word' id='word_1_216' title='bbox 1195 3458 1309 3520; x_wconf 86' lang='lat' dir='ltr'>Ex.</span> <span class='ocrx_word' id='word_1_217' title='bbox 1346 3460 1503 3536; x_wconf 82' lang='lat'><strong>7‚25</strong></span> <span class='ocrx_word' id='word_1_218' title='bbox 1548 3453 1771 3543; x_wconf 88' lang='lat' dir='ltr'>aliqui</span> <span class='ocrx_word' id='word_1_219' title='bbox 1813 3454 2046 3544; x_wconf 79' lang='lat' dir='ltr'>(Kurtz</span> <span class='ocrx_word' id='word_1_220' title='bbox 2083 3477 2106 3521; x_wconf 94' lang='grc'>.·</span> <span class='ocrx_word' id='word_1_221' title='bbox 2145 3453 2540 3521; x_wconf 83' lang='lat' dir='ltr'>Geschichte</span> <span class='ocrx_word' id='word_1_222' title='bbox 2563 3454 2682 3520; x_wconf 89' lang='lat' dir='ltr'>des</span> <span class='ocrx_word' id='word_1_223' title='bbox 2705 3460 2782 3520; x_wconf 91' lang='lat' dir='ltr'>A.</span> <span class='ocrx_word' id='word_1_224' title='bbox 2808 3458 2910 3536; x_wconf 90' lang='grc' dir='ltr'>Β.,</span> <span class='ocrx_word' id='word_1_225' title='bbox 2944 3458 3024 3520; x_wconf 91' lang='grc' dir='ltr'>ΙΙ.</span> 
     </span>
     <span class='ocr_line' id='line_1_30' title="bbox 373 3558 3030 3650; baseline -0.001 -23"><span class='ocrx_word' id='word_1_226' title='bbox 373 3567 535 3642; x_wconf 86' lang='grc'>100;</span> <span class='ocrx_word' id='word_1_227' title='bbox 588 3560 741 3649; x_wconf 73' lang='lat' dir='ltr'><em>Viq.</em></span> <span class='ocrx_word' id='word_1_228' title='bbox 798 3560 988 3626; x_wconf 88' lang='lat' dir='ltr'>Bible</span> <span class='ocrx_word' id='word_1_229' title='bbox 1042 3565 1122 3627; x_wconf 92' lang='lat' dir='ltr'>II.</span> <span class='ocrx_word' id='word_1_230' title='bbox 1165 3566 1294 3626; x_wconf 79' lang='lat'>270</span> <span class='ocrx_word' id='word_1_231' title='bbox 1323 3560 1456 3649; x_wconf 89' lang='lat' dir='ltr'>sq.)</span> <span class='ocrx_word' id='word_1_232' title='bbox 1508 3559 1804 3628; x_wconf 88' lang='lat' dir='ltr'>intulere</span> <span class='ocrx_word' id='word_1_233' title='bbox 1839 3559 2152 3648; x_wconf 88' lang='lat' dir='ltr'>singulas</span> <span class='ocrx_word' id='word_1_234' title='bbox 2187 3560 2428 3650; x_wconf 84' lang='lat' dir='ltr'>plagas</span> <span class='ocrx_word' id='word_1_235' title='bbox 2469 3558 2860 3649; x_wconf 82' lang='lat' dir='ltr'>septiduum</span> <span class='ocrx_word' id='word_1_236' title='bbox 2904 3558 3030 3625; x_wconf 88' lang='lat' dir='ltr'>du-</span> 
     </span>
     <span class='ocr_line' id='line_1_31' title="bbox 372 3666 3028 3756; baseline -0.001 -23"><span class='ocrx_word' id='word_1_237' title='bbox 372 3687 573 3733; x_wconf 87' lang='lat' dir='ltr'>rasse.</span> <span class='ocrx_word' id='word_1_238' title='bbox 622 3672 721 3732; x_wconf 87' lang='lat' dir='ltr'>lta</span> <span class='ocrx_word' id='word_1_239' title='bbox 765 3666 1038 3732; x_wconf 83' lang='lat' dir='ltr'>initium</span> <span class='ocrx_word' id='word_1_240' title='bbox 1083 3666 1452 3756; x_wconf 89' lang='lat' dir='ltr'>plagarum</span> <span class='ocrx_word' id='word_1_241' title='bbox 1498 3666 1588 3733; x_wconf 89' lang='lat' dir='ltr'>ab</span> <span class='ocrx_word' id='word_1_242' title='bbox 1626 3666 1913 3735; x_wconf 85' lang='lat' dir='ltr'>ineunte</span> <span class='ocrx_word' id='word_1_243' title='bbox 1955 3667 2128 3735; x_wconf 89' lang='lat' dir='ltr'>lulio</span> <span class='ocrx_word' id='word_1_244' title='bbox 2163 3671 2552 3733; x_wconf 84' lang='lat' dir='ltr'>removetur</span> <span class='ocrx_word' id='word_1_245' title='bbox 2598 3667 2689 3733; x_wconf 88' lang='lat' dir='ltr'>ad</span> <span class='ocrx_word' id='word_1_246' title='bbox 2725 3666 3028 3733; x_wconf 90' lang='lat' dir='ltr'>medium</span> 
     </span>
     <span class='ocr_line' id='line_1_32' title="bbox 367 3770 3023 3865; baseline -0 -27"><span class='ocrx_word' id='word_1_247' title='bbox 367 3773 508 3839; x_wconf 81' lang='lat' dir='ltr'>fere</span> <span class='ocrx_word' id='word_1_248' title='bbox 540 3771 982 3840; x_wconf 85' lang='lat' dir='ltr'>Februarium</span> <span class='ocrx_word' id='word_1_249' title='bbox 1017 3779 1412 3865; x_wconf 77' lang='lat' dir='ltr'>sequentem</span> <span class='ocrx_word' id='word_1_250' title='bbox 1441 3773 1758 3863; x_wconf 90' lang='lat' dir='ltr'>nihilque</span> <span class='ocrx_word' id='word_1_251' title='bbox 1788 3774 1998 3840; x_wconf 90' lang='lat' dir='ltr'>habet</span> <span class='ocrx_word' id='word_1_252' title='bbox 2040 3794 2400 3840; x_wconf 89' lang='lat' dir='ltr'>commune</span> <span class='ocrx_word' id='word_1_253' title='bbox 2446 3793 2603 3840; x_wconf 90' lang='lat' dir='ltr'>cum</span> <span class='ocrx_word' id='word_1_254' title='bbox 2638 3793 2868 3841; x_wconf 88' lang='lat' dir='ltr'>annua</span> <span class='ocrx_word' id='word_1_255' title='bbox 2889 3770 3023 3840; x_wconf 93' lang='lat' dir='ltr'>Nili</span> 
     </span>
     <span class='ocr_line' id='line_1_33' title="bbox 367 3878 3022 3969; baseline 0 -25"><span class='ocrx_word' id='word_1_256' title='bbox 367 3878 837 3946; x_wconf 86' lang='lat' dir='ltr'>inundatione.</span> <span class='ocrx_word' id='word_1_257' title='bbox 877 3882 1121 3945; x_wconf 90' lang='lat' dir='ltr'>Verum</span> <span class='ocrx_word' id='word_1_258' title='bbox 1167 3878 1605 3946; x_wconf 83' lang='lat' dir='ltr'>ostendemus</span> <span class='ocrx_word' id='word_1_259' title='bbox 1652 3902 1731 3947; x_wconf 83' lang='lat' dir='ltr'>ex</span> <span class='ocrx_word' id='word_1_260' title='bbox 1773 3885 1932 3961; x_wconf 80' lang='lat'>7‚25</span> <span class='ocrx_word' id='word_1_261' title='bbox 1986 3899 2123 3947; x_wconf 93' lang='lat' dir='ltr'>non</span> <span class='ocrx_word' id='word_1_262' title='bbox 2165 3878 2346 3946; x_wconf 89' lang='lat' dir='ltr'>effici</span> <span class='ocrx_word' id='word_1_263' title='bbox 2397 3880 2694 3967; x_wconf 88' lang='lat' dir='ltr'>primam</span> <span class='ocrx_word' id='word_1_264' title='bbox 2741 3880 3022 3969; x_wconf 82' lang='lat' dir='ltr'>plagam</span> 
     </span>
     <span class='ocr_line' id='line_1_34' title="bbox 368 3984 3026 4076; baseline 0 -25"><span class='ocrx_word' id='word_1_265' title='bbox 368 3984 799 4052; x_wconf 90' lang='lat' dir='ltr'>solummodo</span> <span class='ocrx_word' id='word_1_266' title='bbox 839 3985 1231 4076; x_wconf 87' lang='lat' dir='ltr'>septiduum</span> <span class='ocrx_word' id='word_1_267' title='bbox 1267 3985 1574 4065; x_wconf 84' lang='lat' dir='ltr'>durasse;</span> <span class='ocrx_word' id='word_1_268' title='bbox 1610 3985 1940 4052; x_wconf 88' lang='lat' dir='ltr'>audacius</span> <span class='ocrx_word' id='word_1_269' title='bbox 1985 3985 2359 4052; x_wconf 89' lang='lat' dir='ltr'>adstruitur</span> <span class='ocrx_word' id='word_1_270' title='bbox 2402 3984 2676 4071; x_wconf 84' lang='lat' dir='ltr'>grando</span> <span class='ocrx_word' id='word_1_271' title='bbox 2722 3984 3026 4075; x_wconf 86' lang='lat' dir='ltr'>praecise</span> 
     </span>
     <span class='ocr_line' id='line_1_35' title="bbox 367 4089 2803 4181; baseline 0.001 -25"><span class='ocrx_word' id='word_1_272' title='bbox 367 4089 645 4158; x_wconf 89' lang='lat' dir='ltr'>ineunte</span> <span class='ocrx_word' id='word_1_273' title='bbox 674 4093 907 4158; x_wconf 86' lang='lat' dir='ltr'>Martio</span> <span class='ocrx_word' id='word_1_274' title='bbox 929 4092 1155 4158; x_wconf 89' lang='lat' dir='ltr'>locum</span> <span class='ocrx_word' id='word_1_275' title='bbox 1188 4090 1538 4170; x_wconf 81' lang='lat' dir='ltr'>habuisse3</span> <span class='ocrx_word' id='word_1_276' title='bbox 1570 4091 1773 4181; x_wconf 89' lang='lat' dir='ltr'>plura</span> <span class='ocrx_word' id='word_1_277' title='bbox 1800 4090 1938 4158; x_wconf 89' lang='lat' dir='ltr'>alia</span> <span class='ocrx_word' id='word_1_278' title='bbox 1962 4091 2260 4176; x_wconf 84' lang='lat' dir='ltr'>gratuito</span> <span class='ocrx_word' id='word_1_279' title='bbox 2294 4096 2803 4181; x_wconf 88' lang='lat' dir='ltr'>supponuntur.</span> 
     </span>
    </p>

    <p class='ocr_par' dir='ltr' id='par_1_5' title="bbox 368 4197 3037 4820">
     <span class='ocr_line' id='line_1_36' title="bbox 458 4197 3026 4287; baseline 0.001 -23"><span class='ocrx_word' id='word_1_280' title='bbox 458 4201 710 4264; x_wconf 86' lang='lat' dir='ltr'>Tamen</span> <span class='ocrx_word' id='word_1_281' title='bbox 739 4198 848 4264; x_wconf 89' lang='lat' dir='ltr'>vel</span> <span class='ocrx_word' id='word_1_282' title='bbox 893 4197 1115 4265; x_wconf 84' lang='lat' dir='ltr'>obiter</span> <span class='ocrx_word' id='word_1_283' title='bbox 1140 4219 1285 4265; x_wconf 89' lang='lat' dir='ltr'>rem</span> <span class='ocrx_word' id='word_1_284' title='bbox 1329 4197 1798 4265; x_wconf 85' lang='lat' dir='ltr'>consideranti</span> <span class='ocrx_word' id='word_1_285' title='bbox 1824 4201 2040 4287; x_wconf 85' lang='lat' dir='ltr'>patet,</span> <span class='ocrx_word' id='word_1_286' title='bbox 2073 4218 2215 4264; x_wconf 93' lang='lat' dir='ltr'>non</span> <span class='ocrx_word' id='word_1_287' title='bbox 2244 4203 2322 4263; x_wconf 89' lang='lat' dir='ltr'>ut</span> <span class='ocrx_word' id='word_1_288' title='bbox 2352 4205 2634 4266; x_wconf 81' lang='lat' dir='ltr'>eventus</span> <span class='ocrx_word' id='word_1_289' title='bbox 2675 4220 2863 4266; x_wconf 90' lang='lat' dir='ltr'>mere</span> <span class='ocrx_word' id='word_1_290' title='bbox 2900 4222 3026 4267; x_wconf 88' lang='lat' dir='ltr'>na-</span> 
     </span>
     <span class='ocr_line' id='line_1_37' title="bbox 369 4303 3026 4395; baseline 0.002 -26"><span class='ocrx_word' id='word_1_291' title='bbox 369 4303 622 4371; x_wconf 87' lang='lat' dir='ltr'>turales</span> <span class='ocrx_word' id='word_1_292' title='bbox 646 4303 916 4394; x_wconf 89' lang='lat' dir='ltr'>concipi</span> <span class='ocrx_word' id='word_1_293' title='bbox 956 4326 1151 4393; x_wconf 89' lang='lat' dir='ltr'>posse</span> <span class='ocrx_word' id='word_1_294' title='bbox 1189 4304 1437 4395; x_wconf 83' lang='lat' dir='ltr'>plagas</span> <span class='ocrx_word' id='word_1_295' title='bbox 1472 4303 1646 4373; x_wconf 76' lang='lat' dir='ltr'>illas,</span> <span class='ocrx_word' id='word_1_296' title='bbox 1677 4304 1979 4371; x_wconf 91' lang='lat' dir='ltr'>Primam</span> <span class='ocrx_word' id='word_1_297' title='bbox 2010 4311 2188 4370; x_wconf 91' lang='lat' dir='ltr'>certe</span> <span class='ocrx_word' id='word_1_298' title='bbox 2222 4303 2506 4392; x_wconf 89' lang='lat' dir='ltr'>plagam</span> <span class='ocrx_word' id='word_1_299' title='bbox 2532 4327 2674 4372; x_wconf 94' lang='lat' dir='ltr'>non</span> <span class='ocrx_word' id='word_1_300' title='bbox 2701 4328 2896 4395; x_wconf 90' lang='lat' dir='ltr'>posse</span> <span class='ocrx_word' id='word_1_301' title='bbox 2925 4305 3026 4373; x_wconf 91' lang='lat' dir='ltr'>in-</span> 
     </span>
     <span class='ocr_line' id='line_1_38' title="bbox 369 4409 3026 4501; baseline 0.001 -25"><span class='ocrx_word' id='word_1_302' title='bbox 369 4409 591 4497; x_wconf 88' lang='lat' dir='ltr'>telligi</span> <span class='ocrx_word' id='word_1_303' title='bbox 610 4409 696 4476; x_wconf 90' lang='lat' dir='ltr'>de</span> <span class='ocrx_word' id='word_1_304' title='bbox 720 4410 864 4477; x_wconf 94' lang='lat' dir='ltr'>solo</span> <span class='ocrx_word' id='word_1_305' title='bbox 890 4409 1012 4476; x_wconf 89' lang='lat' dir='ltr'>illo</span> <span class='ocrx_word' id='word_1_306' title='bbox 1036 4416 1358 4477; x_wconf 92' lang='lat' dir='ltr'>consueto</span> <span class='ocrx_word' id='word_1_307' title='bbox 1385 4411 1896 4478; x_wconf 90' lang='lat' dir='ltr'>rubescentium</span> <span class='ocrx_word' id='word_1_308' title='bbox 1919 4431 2258 4501; x_wconf 89' lang='lat' dir='ltr'>aquarum</span> <span class='ocrx_word' id='word_1_309' title='bbox 2286 4411 2765 4500; x_wconf 89' lang='lat' dir='ltr'>phaenomeno</span> <span class='ocrx_word' id='word_1_310' title='bbox 2782 4464 2797 4492; x_wconf 90' lang='lat'>,</span> <span class='ocrx_word' id='word_1_311' title='bbox 2825 4412 3026 4480; x_wconf 90' lang='lat' dir='ltr'>indu-</span> 
     </span>
     <span class='ocr_line' id='line_1_39' title="bbox 368 4513 3030 4609; baseline 0.002 -29"><span class='ocrx_word' id='word_1_312' title='bbox 368 4513 483 4583; x_wconf 89' lang='lat' dir='ltr'>bie</span> <span class='ocrx_word' id='word_1_313' title='bbox 501 4516 795 4583; x_wconf 90' lang='lat' dir='ltr'>efficitur</span> <span class='ocrx_word' id='word_1_314' title='bbox 817 4515 978 4583; x_wconf 91' lang='lat' dir='ltr'>inde</span> <span class='ocrx_word' id='word_1_315' title='bbox 996 4569 1011 4597; x_wconf 84' lang='lat'>,</span> <span class='ocrx_word' id='word_1_316' title='bbox 1036 4517 1225 4606; x_wconf 88' lang='lat' dir='ltr'>quod</span> <span class='ocrx_word' id='word_1_317' title='bbox 1248 4515 1424 4583; x_wconf 91' lang='lat' dir='ltr'>illud</span> <span class='ocrx_word' id='word_1_318' title='bbox 1443 4516 1971 4606; x_wconf 85' lang='lat' dir='ltr'>phaenomenon</span> <span class='ocrx_word' id='word_1_319' title='bbox 1995 4527 2390 4583; x_wconf 75' lang='lat' dir='ltr'>consuetum</span> <span class='ocrx_word' id='word_1_320' title='bbox 2412 4518 2641 4602; x_wconf 85' lang='lat' dir='ltr'>fuerit,</span> <span class='ocrx_word' id='word_1_321' title='bbox 2665 4520 3030 4609; x_wconf 89' lang='lat' dir='ltr'>quotannis</span> 
     </span>
     <span class='ocr_line' id='line_1_40' title="bbox 370 4622 3023 4714; baseline 0.001 -27"><span class='ocrx_word' id='word_1_322' title='bbox 370 4626 557 4689; x_wconf 85' lang='lat' dir='ltr'>certo</span> <span class='ocrx_word' id='word_1_323' title='bbox 582 4628 890 4712; x_wconf 88' lang='lat' dir='ltr'>tempore</span> <span class='ocrx_word' id='word_1_324' title='bbox 921 4644 1140 4711; x_wconf 88' lang='lat' dir='ltr'>eoque</span> <span class='ocrx_word' id='word_1_325' title='bbox 1167 4622 1369 4690; x_wconf 83' lang='lat' dir='ltr'>facile</span> <span class='ocrx_word' id='word_1_326' title='bbox 1399 4622 1862 4712; x_wconf 89' lang='lat' dir='ltr'>computando</span> <span class='ocrx_word' id='word_1_327' title='bbox 1892 4645 2252 4690; x_wconf 86' lang='lat' dir='ltr'>recurrens</span> <span class='ocrx_word' id='word_1_328' title='bbox 2288 4623 2702 4712; x_wconf 76' lang='lat' dir='ltr'>(Friedreiclz</span> <span class='ocrx_word' id='word_1_329' title='bbox 2734 4647 2803 4714; x_wconf 90' lang='lat' dir='ltr'>p.</span> <span class='ocrx_word' id='word_1_330' title='bbox 2844 4625 3023 4711; x_wconf 83' lang='lat'>100),</span> 
     </span>
     <span class='ocr_line' id='line_1_41' title="bbox 370 4727 3037 4820; baseline 0 -25"><span class='ocrx_word' id='word_1_331' title='bbox 370 4750 535 4815; x_wconf 90' lang='lat' dir='ltr'>ergo</span> <span class='ocrx_word' id='word_1_332' title='bbox 584 4728 770 4818; x_wconf 74' lang='lat' dir='ltr'>siqui</span> <span class='ocrx_word' id='word_1_333' title='bbox 804 4727 1145 4796; x_wconf 83' lang='lat' dir='ltr'>rationem</span> <span class='ocrx_word' id='word_1_334' title='bbox 1184 4728 1465 4796; x_wconf 90' lang='lat' dir='ltr'>minime</span> <span class='ocrx_word' id='word_1_335' title='bbox 1504 4728 1850 4797; x_wconf 85' lang='lat' dir='ltr'>habuerit.</span> <span class='ocrx_word' id='word_1_336' title='bbox 1896 4729 2143 4806; x_wconf 87' lang='lat' dir='ltr'>Quodsi</span> <span class='ocrx_word' id='word_1_337' title='bbox 2177 4729 2392 4815; x_wconf 85' lang='lat' dir='ltr'>igitur</span> <span class='ocrx_word' id='word_1_338' title='bbox 2436 4730 2711 4820; x_wconf 87' lang='lat' dir='ltr'>plagam</span> <span class='ocrx_word' id='word_1_339' title='bbox 2753 4752 2907 4797; x_wconf 90' lang='lat' dir='ltr'>cum</span> <span class='ocrx_word' id='word_1_340' title='bbox 2957 4752 3037 4796; x_wconf 91' lang='lat' dir='ltr'>eo</span> 
     </span>
    </p>
   </div>
   <div class='ocr_carea' id='block_1_5' title="bbox 3518 2711 3524 3630">
    <p class='ocr_par' dir='ltr' id='par_1_6' title="bbox 3518 2711 3524 3630">
     <span class='ocr_line' id='line_1_42' title="bbox 3518 2711 3524 3630; baseline 0 0"><span class='ocrx_word' id='word_1_341' title='bbox 3518 2711 3524 3630; x_wconf 95' lang='lat' dir='ltr'> </span> 
     </span>
    </p>
   </div>
   <div class='ocr_carea' id='block_1_6' title="bbox 3519 4212 3523 4836">
    <p class='ocr_par' dir='ltr' id='par_1_7' title="bbox 3519 4212 3523 4836">
     <span class='ocr_line' id='line_1_43' title="bbox 3519 4212 3523 4836; baseline 0 0"><span class='ocrx_word' id='word_1_342' title='bbox 3519 4212 3523 4836; x_wconf 95' lang='lat' dir='ltr'> </span> 
     </span>
    </p>
   </div>
  </div>
 </body>
</html>
