3534 5384
737 447 802 491 1111.
828 431 899 500 lib
921 447 984 498 soc.
1313 493 1315 500 ,
1470 431 1527 489 lili

200 611 215 643 «
232 582 297 650 Sin
320 593 435 648 cutem
458 580 627 670 seminum
648 580 834 671 pepererit,
859 579 1041 646 immunda
1068 579 1134 644 erit
1155 578 1289 646 ditatus
1304 579 1528 646 bebdomadi-

198 692 257 754 bus
272 716 288 750 »
303 726 349 738 -
362 689 455 754 LXX
466 709 530 778 pro
543 685 641 754 duali
656 702 765 755 nituit
779 691 940 776 corrupte
968 686 1132 773 legebant
1148 700 1223 750 nint
1240 701 1346 754 1111111.
1368 686 1528 754 Credide-

196 796 282 877 rim,
300 802 378 885 post
396 793 473 860 illos
496 793 755 882 quatuordecim
769 792 842 859 dies
862 793 998 884 puellae
1017 791 1148 882 imponi
1167 794 1381 861 consuevisse
1403 815 1529 861 nomen

197 943 242 952 -
262 929 278 965 11
296 901 397 967 iustu
411 900 540 990 [ritum]
555 899 674 989 [luem
688 899 856 966 menstrui
870 928 907 982 o,
924 939 968 948 -
987 921 1058 966 non
1074 899 1202 966 dicitur
1215 900 1252 966 h.
1276 899 1301 966 l.
1324 899 1422 966 iustu
1438 898 1526 970 dies,

199 1009 280 1098 quia
294 1006 367 1074 dies
384 1028 503 1073 revera
519 1009 598 1075 sunt
612 1007 728 1096 plnres
742 1044 788 1056 -
811 1033 828 1068 «
851 1018 884 1072 et
902 1005 1085 1095 sesuqiutu
1104 1027 1163 1072 seu
1181 1005 1298 1072 diebus
1325 1006 1477 1072 mauebit
1494 1007 1530 1072 iu.

198 1114 370 1204 sanquine
376 1113 630 1204 purificationis
641 1133 723 1179 suae
744 1141 775 1180 ».
793 1136 825 1178 v.
846 1119 866 1178 6
889 1139 904 1173 a
927 1114 1079 1202 Cumque
1094 1111 1223 1202 expleti
1232 1111 1369 1199 fuerint
1388 1111 1527 1202 diespit-

198 1219 401 1311 rificutiouis
414 1243 497 1286 suae
511 1242 578 1310 pro
597 1219 673 1309 filio
687 1219 757 1286 sive
773 1210 928 1310 profilia
950 1246 984 1302 11,
1000 1239 1084 1304 ergo
1109 1218 1181 1285 dies
1204 1217 1274 1284 sive
1299 1219 1530 1308 quadraginta

198 1327 268 1394 sive
282 1327 473 1415 octoginta,
492 1353 509 1389 a
524 1327 653 1415 deseret
666 1347 799 1415 equum
806 1324 1012 1391 cuniculum
1027 1324 1065 1390 in
1080 1323 1328 1408 holocaustum,
1348 1339 1382 1392 et
1393 1325 1529 1414 peritum

200 1432 374 1500 eclrrmtue
400 1432 470 1498 siue
497 1445 665 1499 turturem
675 1455 742 1522 pro
758 1443 920 1522 peccato,
939 1430 1129 1498 edentium
1151 1431 1367 1498 tubernaculi
1382 1432 1530 1498 testimo-

199 1540 251 1606 nii
267 1568 303 1624 o,
318 1539 473 1626 ingressa
487 1540 614 1606 atrium
638 1539 777 1627 (Aue),
802 1565 818 1600 a
834 1551 866 1605 et
886 1537 999 1604 trudet
1017 1536 1187 1604 sacerdoti
1204 1565 1238 1618 6,
1255 1560 1288 1602 v.
1308 1545 1327 1603 7
1354 1567 1369 1598 «
1394 1538 1455 1629 qui
1474 1539 1530 1626 os-

193 1649 286 1736 seret
309 1646 372 1713 illa
395 1668 511 1712 corum
526 1644 690 1730 Domine,
710 1655 743 1710 et
757 1644 868 1710 orabit
883 1666 951 1734 pro
970 1666 1026 1726 eu,
1050 1655 1082 1708 et
1104 1643 1153 1709 sic
1175 1643 1400 1710 mundabitur
1416 1668 1438 1712 a
1447 1667 1530 1734 pro·
1607 1691 1608 1694 ,

195 1753 304 1843 (triuio
330 1751 512 1841 seuquinis
535 1751 591 1818 sui
615 1778 646 1817 11.
671 1757 861 1840 Puerperas
883 1751 1020 1816 nonnisi
1047 1755 1124 1840 post
1142 1750 1294 1840 expletos
1314 1751 1531 1840 purgationis

198 1859 270 1926 dies
290 1858 408 1924 itineri
429 1857 474 1924 ad
492 1856 728 1924 sanctuarium
742 1879 777 1924 se
793 1856 944 1940 dedisse,
956 1856 1120 1923 docemur
1135 1861 1214 1923 Luc.
1230 1861 1322 1938 132.
1346 1861 1392 1922 Ex
1413 1864 1428 1922 1
1446 1861 1527 1944 Reg.

201 1971 278 2045 131
297 1963 436 2031 videtur
454 1964 562 2047 effici,
587 1985 774 2053 puerperas
794 1962 1002 2052 quandoque
1024 1961 1180 2030 victimas
1207 1985 1269 2052 per
1293 1961 1434 2028 meritos
1452 1962 1530 2029 sub-

200 2071 344 2153 misisse,
363 2092 432 2136 non
457 2069 579 2136 adiisse
599 2069 834 2136 sanctuarium
857 2068 963 2158 ipsas,
986 2069 1032 2136 ob
1057 2069 1161 2135 iustas
1181 2070 1330 2135 rationes
1346 2067 1411 2134 iter
1423 2068 1530 2134 distu-

199 2177 288 2244 lisse.
316 2205 331 2237 a
353 2178 425 2242 Istc
444 2187 493 2240 est
512 2176 567 2242 lea
579 2174 754 2264 parientis
776 2175 971 2241 musculum
989 2187 1052 2240 citt
1066 2175 1240 2264 feminum
1256 2202 1287 2241 ».
1306 2178 1393 2241 llaec
1407 2179 1457 2241 est
1472 2197 1531 2264 pc-

200 2283 337 2372 rioopae
365 2282 570 2371 subscriptio
596 2283 723 2370 (lost).
755 2286 907 2371 Sequens
932 2302 1048 2349 versus
1076 2280 1212 2348 videtur
1237 2288 1312 2370 post
1340 2279 1530 2348 absolutam

199 2388 385 2478 pericopen
401 2388 551 2454 adiectus
564 2410 635 2456 esse
647 2389 788 2454 tortasse
802 2387 848 2453 ab
863 2388 998 2470 eodem,
1016 2387 1076 2476 qui
1090 2393 1210 2468 5‚r·13
1224 2387 1358 2476 scripsit
1374 2408 1382 2456 :
1402 2387 1530 2478 potuit·

200 2517 267 2584 que
283 2495 311 2562 is
326 2516 397 2561 esse
412 2501 471 2561 aut
484 2495 557 2583 ipse
572 2500 697 2582 Moyses
719 2499 779 2560 aut
798 2494 886 2560 alius
910 2494 1046 2584 aliquis.
1062 2515 1096 2561 v.
1121 2498 1141 2560 8
1165 2522 1180 2552 «
1202 2493 1333 2574 Quodsi
1348 2516 1418 2561 aon
1437 2493 1530 2560 inoe-

198 2600 289 2668 nerit
309 2625 434 2668 mamis
458 2601 545 2684 eius,
570 2623 632 2667 trec
648 2600 800 2692 potuerit
819 2602 946 2690 offerre
971 2622 1117 2687 aunum,
1144 2613 1254 2665 sumet
1278 2598 1362 2667 diros
1383 2613 1530 2667 turtures

198 2709 253 2775 cel
270 2707 355 2774 duos
375 2706 493 2796 pullos
516 2707 766 2793 columborum,
796 2729 906 2772 uorem
929 2706 965 2771 iri
985 2704 1239 2789 holocaustum,
1259 2717 1292 2772 et
1305 2707 1452 2773 alterum
1466 2729 1529 2797 pro

196 2828 356 2904 peccutm·
381 2814 560 2902 orabitque
578 2836 645 2902 pre
669 2837 710 2879 eu
730 2812 903 2894 sacerdos,
926 2823 958 2876 et
984 2811 1032 2877 sie
1061 2811 1286 2878 nzuudubitur
1312 2840 1342 2878 ».
1373 2814 1419 2878 cf.
1451 2801 1533 2880 Luc(

199 2927 290 3003 ret.

234 3083 403 3147 Sacrificium
414 3096 466 3147 pro
483 3088 590 3146 peccato
604 3083 633 3130 vi
647 3081 811 3140 verborum,
827 3085 856 3131 ct
871 3081 962 3144 magis
979 3082 1064 3131 etiam
1078 3081 1125 3131 ubi
1140 3081 1301 3132 immediate
1320 3083 1467 3145 copulatur
1481 3084 1529 3134 bo-

201 3170 326 3230 iccomto,
342 3171 439 3234 utique
453 3169 582 3234 designat
596 3168 761 3219 sacrificium
774 3172 832 3219 ritu
848 3167 1049 3220 sacrificiorum
1063 3183 1115 3233 pro
1132 3172 1247 3233 peccato
1261 3170 1387 3220 oblatum
1403 3168 1528 3238 (1166111.

200 3259 375 3311 offerebatur
395 3259 469 3310 istud
490 3257 656 3309 sacrificium
670 3270 722 3320 pro
739 3266 857 3323 peccato
872 3271 930 3308 non
947 3259 1080 3322 originali
1094 3259 1210 3308 intentis
1230 3255 1318 3325 11116.)
1335 3273 1340 3307 ;
1358 3259 1386 3308 id
1408 3261 1482 3311 enim
1501 3263 1529 3309 in

198 3349 293 3412 pueris
311 3347 366 3398 iam
390 3347 600 3398 circumcisione
614 3347 773 3409 tollebatur,
789 3347 969 3411 raptabatque
993 3343 1029 3413 (v.
1052 3344 1076 3413 7)
1099 3347 1232 3398 sacerdos
1250 3361 1307 3398 non
1327 3347 1462 3400 intantum
1480 3349 1528 3399 sed

199 3442 331 3497 matrem,
345 3439 462 3500 eratque
476 3435 604 3486 sacrificii
625 3435 741 3486 allectus
759 3435 900 3485 mundatio
919 3449 977 3487 non
992 3435 1108 3486 infantis
1128 3435 1179 3486 sed
1192 3437 1298 3487 matris.
1312 3437 1377 3487 Non
1391 3435 1529 3504 oilereba-

133 3513 141 3530 ⁸
200 3532 244 3577 tur
255 3538 306 3591 pro
320 3529 436 3589 peccato
448 3526 546 3575 matris
558 3527 587 3574 in
601 3525 750 3575 concubitu
764 3525 913 3574 commisso
930 3523 1022 3590 (tyr),
1036 3525 1127 3586 potuit
1140 3525 1244 3588 quippe
1258 3525 1420 3576 concubitus
1434 3537 1529 3578 carere

199 3617 313 3678 peccato
328 3615 441 3675 morali,
458 3613 558 3664 nullibi
571 3613 703 3664 docemur
720 3627 784 3663 oum
806 3613 932 3662 habitum
949 3625 1012 3663 esse
1030 3618 1177 3676 peccatum
1196 3613 1301 3676 legale,
1317 3617 1432 3677 propter
1450 3617 1529 3665 illum

200 3701 375 3753 mundandus
389 3707 449 3753 erat
464 3704 582 3752 maritus
596 3715 686 3766 aeque
705 3707 790 3764 atque
809 3714 879 3751 uxor
900 3699 1008 3769 (Solu).
1025 3700 1202 3752 offerebatur
1220 3713 1272 3764 pro
1291 3703 1413 3766 peccatis
1434 3707 1529 3754 matris

198 3792 351 3842 universim
367 3792 512 3855 spectatis,
528 3792 618 3854 lisque
634 3791 776 3854 1166111111.
794 3790 858 3841 Uno
875 3798 971 3841 autem
989 3791 1104 3854 peccato
1125 3791 1210 3854 legali
1229 3803 1369 3855 puerpera
1388 3792 1528 3855 quaelibet

200 3878 299 3930 attacta
317 3883 387 3930 erat.
404 3878 614 3930 Immunditlam
632 3894 671 3931 sc.
687 3881 766 3937 illam
778 3880 937 3930 naturalem
957 3879 1148 3930 declaraverat
1166 3879 1242 3930 Deus
1260 3885 1406 3943 peccatum
1425 3881 1526 3942 legale,

198 3968 326 4019 similiter
342 3972 425 4032 atquc
438 3969 554 4033 lepram.
570 3969 621 4020 Ille
635 3968 736 4032 legalia
751 3973 848 4019 reatus
866 3967 1017 4019 tollebatur
1030 3970 1172 4032 praestitis
1192 3969 1324 4032 operibus
1341 3969 1528 4032 611666166-

199 4057 318 4120 scriptis,
335 4069 407 4119 quae
421 4059 500 4107 erant
513 4058 710 4108 holocaustum
729 4061 757 4107 ct
776 4057 945 4108 sacrificium
960 4069 1011 4120 pro
1026 4063 1151 4121 peccate.
1169 4056 1250 4118 Quod
1265 4055 1431 4108 sacrificium
1446 4071 1528 4124 prac-

199 4149 275 4196 terea
289 4144 400 4195 valebat
411 4158 462 4208 pro
476 4147 552 4207 aliis,
568 4159 641 4210 quae
655 4145 727 4196 16116
739 4145 884 4207 adessent,
902 4148 999 4196 matris
1013 4149 1135 4212 peccatis
1149 4146 1297 4210 legalibus

604 4338 653 4385 111.
670 4337 738 4385 LEX
755 4337 800 4384 DE
815 4338 927 4386 LEPRA
942 4338 1015 4386 Luv.
1034 4340 1063 4386 13
1077 4339 1124 4396 SQ.

241 4505 446 4594 Proponitur
463 4506 563 4573 nobis
585 4507 670 4574 haec
687 4507 741 4574 1611
763 4507 799 4574 in
821 4509 971 4575 Levitico
992 4514 1173 4598 tamquam
1196 4531 1265 4576 1616
1285 4531 1298 4574 .·
1317 4511 1422 4577 habet
1437 4511 1527 4576 enim

198 4633 305 4679 unam
324 4633 442 4678 omnes
455 4612 651 4701 eiuspartes
665 4614 951 4703 complectentem
966 4615 1154 4682 clausulam
1177 4621 1352 4698 lact-57,
1365 4615 1528 4683 adinstar

201 4725 301 4800 10,10
314 4725 349 4785 et
366 4718 536 4785 clausulae
557 4725 657 4799 ituit
671 4743 722 4808 sq.
740 4721 967 4786 efformatam.
986 4720 1050 4786 Sed
1075 4741 1185 4786 came
1209 4721 1350 4788 diversis
1364 4703 1526 4788 coaluisse

198 4823 344 4892 indubia
361 4824 514 4916 produnt
536 4823 676 4891 indicia.
704 4824 815 4891 Habes
835 4830 974 4909 13,1-13
1002 4823 1117 4912 leprae
1135 4827 1309 4893 humanae
1328 4826 1524 4914 diagnosin,
