3534 5384
251 408 309 467 us
704 419 812 463 norsrs
835 418 913 463 ocra
935 417 965 462 m
987 416 1132 462 nnorrro.

251 556 305 622 dis
321 554 460 621 sumetis
480 552 569 621 illud
584 568 651 626 nrm
668 574 736 641 quo
752 552 837 619 haec
855 574 920 618 vox
941 552 992 619 uti
1007 564 1066 643 per
1081 555 1265 640 utramque
1286 550 1488 619 animalium
1505 574 1585 643 spe-

249 666 336 730 ciem
361 662 541 748 designare
569 658 748 749 probetur.
770 664 858 746 Ergo
881 680 952 724 non
981 664 1056 725 tum
1085 656 1193 725 solum
1224 656 1356 725 hoedus
1384 658 1585 726 conceditur

249 768 328 859 (Syl
352 769 389 859 .),
406 767 545 857 quando
558 787 670 852 agnus
684 764 812 833 deficit.
831 763 921 831 lllnd
933 777 966 830 et
980 769 1095 831 autem
1110 786 1179 830 non
1195 785 1265 831 esse
1280 764 1513 855 copulativum
1525 765 1586 833 sed

249 874 492 942 disiunctivum
503 871 743 962 (Theodorou),
757 875 826 939 tota
837 870 1042 937 ludaeorum
1051 875 1084 937 et
1093 869 1200 959 ipsius
1208 868 1332 937 Christi
1345 869 1445 938 docet
1456 875 1582 960 praxis

249 982 389 1071 quinon
404 978 473 1047 duo
487 978 590 1046 simul
604 978 771 1045 animalia
785 977 1066 1044 immolaverunt.

294 1086 476 1174 Designata
493 1091 651 1153 accurate
672 1107 705 1150 v.
728 1082 914 1167 trictima,
932 1082 1013 1150 inde
1028 1105 1049 1150 a
1066 1105 1099 1150 v.
1119 1090 1140 1150 6
1157 1082 1363 1151 describitur
1380 1084 1463 1150 ritus
1483 1085 1518 1151 in
1543 1107 1584 1152 ea

250 1192 495 1261 observandos.
509 1215 541 1259 v.
554 1199 574 1257 6
591 1220 606 1252 c
619 1194 665 1257 Et
674 1189 855 1257 servabitis
868 1212 947 1256 enm
960 1210 1066 1279 usque
1079 1188 1129 1255 ud
1142 1202 1303 1280 quartam
1314 1189 1483 1257 decimam
1496 1190 1588 1257 diem

250 1300 374 1367 mensis
383 1299 484 1365 liuius
490 1318 504 1381 ,·
514 1296 772 1386 immolabitque
787 1318 864 1363 cum
877 1297 1040 1363 uniuerso
1056 1295 1241 1364 multitudo
1253 1295 1409 1385 filiorum
1424 1297 1533 1364 lsrael
1542 1296 1590 1364 orl

250 1428 423 1495 uesperam
440 1432 471 1472 o.
492 1406 594 1473 Hebr.
614 1418 733 1471 utatur
751 1419 800 1494 pa
816 1403 905 1469 inter
920 1401 1006 1469 duos
1022 1422 1199 1492 vesperos·
1213 1402 1256 1469 cf.
1274 1405 1352 1471 Lev.
1371 1410 1468 1485 23,5;
1486 1407 1584 1471 Num.

250 1520 318 1595 9,3.
336 1519 369 1579 5.
388 1517 426 1577 11
446 1530 453 1577 ε
468 1532 615 1600 proquo
630 1516 727 1577 Dent.
746 1516 824 1592 tao
838 1516 871 1576 et
888 1514 951 1576 los,
969 1516 1047 1591 5,10
1061 1509 1189 1595 legitur
1200 1524 1292 1577 ntur.
1308 1514 1352 1576 De
1365 1530 1467 1576 sensu
1480 1510 1589 1597 igitur

250 1616 474 1708 expressionis
495 1616 637 1683 omnino
662 1620 809 1699 constat,
836 1616 950 1683 solum
976 1614 1020 1683 de
1043 1616 1156 1682 forma
1182 1614 1279 1682 duali
1298 1613 1506 1704 disputatur.
1537 1616 1585 1685 Cl.

249 1724 396 1791 similem
419 1724 671 1813 expressionem
688 1738 797 1797 uranu,
819 1722 982 1790 meridies
1007 1723 1100 1811 (Gen.
1124 1726 1433 1805 t3,16.25;tteut.
1451 1728 1493 1790 28
1504 1725 1586 1811 39).

249 1830 516 1919 Explicationes,
531 1852 680 1921 quarum
700 1831 795 1897 nulla
817 1834 866 1897 est
885 1829 967 1897 satis
983 1828 1141 1910 evidens,
1159 1827 1238 1895 vide
1257 1828 1352 1919 apud
1366 1829 1484 1897 Dillm.
1501 1852 1535 1895 v.
1554 1836 1586 1896 7.

253 1966 269 1999 c
284 1940 329 2003 Et
343 1948 476 2005 sument
493 1936 535 2004 dc
546 1936 718 2025 sanquine
730 1936 816 2021 eius,
835 1958 876 2003 uc
886 1948 1019 2026 ponem
1031 1958 1133 2026 super
1153 1947 1339 2024 utrumque
1353 1948 1490 2025 postem
1507 1946 1539 2002 et
1552 1936 1589 2001 in

250 2043 568 2134 superliminaribus
577 2042 772 2128 doricorum,
790 2042 827 2109 iu
840 2042 964 2133 quibus
977 2040 1153 2109 comedent
1166 2040 1266 2108 illum
1285 2070 1301 2103 »
1313 2081 1357 2090 —
1369 2068 1384 2103 o
1402 2049 1435 2109 et
1443 2064 1588 2131 pernoc-

250 2150 373 2219 tabunt
397 2179 412 2211 o
439 2149 576 2240 supplet
593 2153 649 2216 Ps.
677 2151 750 2217 lon.
776 2149 1015 2217 demonstrans
1032 2149 1085 2231 iis,
1108 2149 1169 2238 qui
1189 2148 1227 2215 in
1249 2147 1364 2216 aliena
1389 2146 1493 2216 domo
1512 2170 1545 2215 v.
1569 2154 1588 2213 t

250 2278 380 2342 agnum
397 2256 675 2343 manducassent,
692 2276 761 2322 non
777 2261 888 2323 tutum
903 2256 1058 2322 futurum
1074 2255 1179 2322 fuisse
1191 2254 1227 2321 in
1247 2254 1426 2344 propriam
1447 2254 1589 2322 domum

250 2362 363 2428 somni
378 2359 536 2450 capiendi
551 2383 653 2428 causo
671 2360 833 2427 reditum.
851 2367 939 2447 Ergo
954 2360 991 2427 in
1005 2365 1161 2450 Aegypto
1175 2365 1249 2427 tum
1267 2360 1413 2427 Hebraei
1428 2382 1499 2427 non
1514 2366 1590 2427 ten-

251 2467 339 2534 toria
362 2467 577 2549 incolebant,
601 2466 661 2533 sed
678 2467 810 2534 domos.
835 2490 867 2532 v.
891 2472 911 2534 8
940 2494 955 2527 «
978 2468 1024 2533 Et
1042 2464 1143 2532 celent
1161 2489 1279 2533 carues
1299 2480 1396 2533 nocte
1419 2466 1482 2533 illa
1496 2488 1591 2533 ossas

254 2573 343 2663 iqui,
366 2586 398 2639 et
412 2594 552 2663 azymos
562 2595 673 2663 porros
688 2595 766 2640 cum
782 2573 924 2640 lactucis
947 2570 1139 2662 aprestibus
1160 2600 1189 2641 o.
1207 2578 1314 2639 Panes
1334 2574 1448 2661 azymi
1466 2572 1522 2640 hie
1540 2576 1590 2640 uti

251 2702 284 2747 v.
306 2684 361 2748 3b.
382 2686 424 2746 39
439 2680 636 2768 symbolum
654 2686 732 2747 sunt
746 2678 991 2761 festinationis,
1013 2701 1082 2770 qua
1100 2678 1226 2746 exodus
1245 2684 1385 2769 peracta
1403 2688 1466 2750 est.
1484 2684 1590 2758 Quam

252 2786 507 2854 festinationem
521 2787 661 2875 eiusque
675 2788 830 2853 futurum
846 2786 1022 2865 effectum,
1043 2789 1080 2852 ut
1095 2786 1159 2854 soli
1173 2807 1281 2875 panes
1295 2788 1407 2873 azymi
1423 2786 1460 2853 in
1477 2787 1592 2876 primo

252 2895 415 2984 paschate
435 2898 570 2983 praesto
588 2899 700 2959 essent
718 2893 837 2975 futuri,
861 2898 948 2960 Deus
966 2892 1154 2982 praevidit;
1177 2914 1315 2980 azymos
1335 2915 1441 2982 panos
1461 2893 1498 2959 in
1519 2893 1592 2959 eius

251 2998 481 3067 festinationis
504 2999 709 3066 memoriam
739 2998 892 3066 decrevit
916 2998 1020 3087 epulo
1049 2998 1203 3088 paschali
1234 3000 1270 3064 in
1294 3004 1499 3089 perpetuum
1523 3021 1592 3065 esse

253 3104 490 3174 adhibendos:
509 3105 590 3171 hinc
604 3105 764 3195 pluribus
787 3111 866 3173 ante
883 3103 1035 3194 primum
1054 3104 1184 3193 pascha
1202 3103 1324 3173 dicbus
1346 3110 1436 3191 12,8.
1458 3112 1497 3174 15
1514 3128 1589 3196 sqq.

253 3213 368 3299 tegern
384 3212 463 3278 tulit
481 3210 524 3278 de
542 3210 584 3278 iis
598 3211 747 3300 panibus
764 3210 796 3277 ei
810 3211 913 3301 epulo
933 3209 1153 3279 adhibendis.
1171 3211 1272 3278 Nulla
1286 3212 1323 3278 in
1339 3213 1393 3279 his
1408 3219 1458 3279 est
1472 3221 1592 3280 contra

254 3341 285 3384 v.
303 3325 358 3386 st.
376 3324 417 3384 39
440 3316 677 3385 contradictio.
702 3321 779 3385 Erat
796 3318 866 3385 imo
888 3316 1046 3407 specialis
1061 3317 1167 3400 ratio,
1185 3340 1247 3385 cur
1269 3324 1371 3400 Deus,
1388 3319 1593 3407 praevidens

254 3445 359 3514 panes
381 3446 445 3513 pro
466 3423 579 3514 primo
599 3424 706 3491 Phase
721 3431 857 3514 praesto
878 3424 1012 3491 futuros
1028 3422 1166 3490 nonnisi
1184 3445 1337 3511 azymos,
1356 3446 1477 3491 eorum
1496 3446 1593 3492 esum

253 3531 331 3617 lege
354 3530 620 3618 praescriberet,
644 3553 687 3598 ne
703 3552 748 3598 sc.
772 3529 918 3597 Hebraei
945 3552 1003 3597 eos
1022 3551 1129 3620 panes
1156 3530 1222 3597 rati
1247 3530 1489 3620 imperfectum
1509 3530 1593 3621 quid

253 3658 416 3725 sacroque
439 3636 541 3725 epulo
561 3636 764 3724 indignum,
782 3656 915 3723 agnum
934 3634 1152 3703 comedentes
1175 3659 1265 3726 pane
1285 3636 1427 3704 omnino
1443 3637 1594 3703 abstine-

255 3746 343 3809 rent.
360 3780 405 3794 -
420 3758 520 3807 ntum
537 3744 655 3832 utique
672 3749 753 3809 sunt
767 3741 899 3809 herbae
914 3742 1086 3832 quaedam
1104 3762 1244 3809 amarae
1260 3742 1318 3833 (ci.
1335 3742 1460 3809 Thren.
1483 3744 1589 3832 3‚15).

254 3854 316 3915 Eas
330 3870 447 3915 omnes
461 3850 563 3916 unius
582 3849 719 3938 generis
737 3850 856 3931 fuisso,
878 3870 949 3914 non
970 3855 1020 3915 est
1038 3871 1100 3915 cur
1125 3849 1350 3916 affirmemus.
1371 3852 1464 3917 LXX
1481 3856 1593 3917 trans·

254 3955 364 4021 tulere
382 3963 532 4043 πικρίδες,
549 3977 637 4045 quae
655 3961 734 4023 sunt
749 3956 901 4022 lactucae
921 3955 1090 4021 silvestres
1109 3955 1164 4020 vel
1184 3956 1339 4022 cichorio
1359 3954 1416 4045 (cf.
1442 3955 1590 4045 Dium).

255 4067 361 4128 Porro
373 4084 438 4128 vox
449 4082 543 4127 assus
558 4060 747 4151 explicatur
759 4085 791 4128 v.
808 4068 828 4127 o
845 4082 853 4129 :
873 4090 890 4122 «
904 4064 984 4130 Noa
996 4058 1181 4128 comedetis
1193 4084 1236 4127 cu
1249 4084 1286 4127 eo
1302 4060 1450 4129 crudum
1462 4062 1550 4149 quid
1560 4090 1591 4144 a,

254 4169 324 4234 iam
341 4172 422 4234 Gen.
444 4172 501 4249 Μ
516 4190 568 4257 sq.
592 4167 819 4257 prohibitum,
845 4195 862 4228 «
882 4190 944 4233 noc
966 4178 1099 4234 coctum
1114 4190 1225 4257 oqrtu,
1243 4166 1305 4233 seo
1324 4180 1463 4235 tantiam
1479 4192 1594 4236 ossium

255 4274 332 4362 iqui
347 4301 378 4340 s.
393 4280 616 4363 Praeceptum
632 4280 683 4341 est
701 4275 833 4342 clarum
848 4279 882 4341 et
896 4273 1093 4359 indubium,
1111 4274 1188 4341 licet
1209 4276 1355 4341 fortusse
1372 4275 1467 4343 haud
1481 4275 1595 4343 valea·

256 4402 347 4461 mus,
367 4380 586 4466 singulorum
605 4382 741 4470 penitus
760 4380 928 4447 rationem
951 4380 1132 4471 explicare.
1153 4384 1219 4448 Cur
1237 4401 1308 4447 non
1327 4381 1595 4471 permittebatur

255 4508 336 4553 caro
356 4510 446 4577 aqua
463 4490 577 4554 cocta‘l
596 4489 644 4554 Ob
668 4488 836 4555 rationem
855 4486 943 4553 forte
962 4486 1149 4576 practicam
1169 4486 1283 4575 potius
1302 4508 1411 4576 quam
1430 4488 1594 4576 allegori-

256 4613 347 4674 cam,
361 4614 500 4660 carnem
514 4592 614 4660 citius
625 4594 730 4661 assuri
745 4616 850 4682 quam
860 4592 965 4682 coqui
978 4592 1116 4681 (Sylva),
1133 4598 1167 4660 to
1186 4615 1242 4659 um
1255 4616 1338 4660 vero
1349 4594 1440 4663 istud
1451 4595 1591 4684 epulum

255 4722 388 4767 summa
403 4699 617 4767 festinatione
632 4705 664 4766 et
682 4700 877 4789 parandum
897 4700 999 4765 fuisse
1014 4704 1048 4765 et
1063 4699 1327 4767 comedendum.
1348 4703 1471 4768 Senius
1488 4702 1589 4768 etiam

255 4828 335 4873 caro
349 4828 466 4874 recens
478 4811 624 4873 mactata
639 4813 770 4874 assatur
780 4827 886 4897 quam
897 4804 1065 4895 coquitur.
1082 4807 1275 4873 inculcatur
1289 4828 1394 4896 porro
1409 4810 1455 4897 (r.
1474 4815 1493 4874 9
1507 4808 1590 4896 sq),

1386 5050 1399 5093 t
