3534 5384
733 393 800 436 inv.
821 377 893 449 ina
915 393 960 444 so.
1462 376 1522 437 409

187 524 422 616 sepeliendum
436 525 630 593 sacerdotes
646 554 662 588 »
680 526 802 615 (Coi).
821 523 965 594 Nomina
979 527 1132 592 virorum
1147 526 1254 593 habes
1273 529 1328 595 lix.
1348 532 1439 608 6,18.
1460 533 1519 609 223

188 637 264 699 crat
277 631 367 700 Oziel
378 631 652 714 fraterilmram‚
664 634 774 722 patris
784 638 911 700 Aaron.
925 655 957 700 v.
976 638 996 698 5
1014 660 1030 694 κ
1046 631 1329 724 [Confestimque]
1338 644 1523 723 perpetues·

188 739 342 806 tolerant
351 760 419 819 ecs,
431 739 532 828 [sicut
546 739 703 806 iacebunt
712 739 849 806 vestitos
861 738 971 828 lineis]
985 738 1114 805 tecnicis
1129 765 1159 820 »‚
1174 743 1209 804 et
1220 738 1343 806 balteis
1356 739 1449 829 quod
1462 763 1524 830 per

188 867 223 912 se
249 850 360 935 patet,
387 851 421 911 et
445 845 528 912 hinc
551 845 767 934 probabilius
790 848 895 914 etiam
921 845 1033 912 mitris
1056 849 1136 926 8,13
1159 883 1204 896 -
1231 875 1246 907 «
1271 845 1315 935 [et
1338 846 1522 934 eiecenmtt

188 951 287 1039 sorus
307 980 324 1012 »
347 965 445 1018 extro
463 965 589 1036 castra,
613 980 629 1014 «
651 952 771 1019 nisibi
787 954 903 1042 sumet
927 956 1136 1042 imperatam
1153 981 1184 1022 n.
1207 952 1400 1020 Efferuntur
1419 952 1525 1019 sacris

188 1058 339 1126 vestibus
348 1057 472 1141 induti,
488 1057 712 1126 adterrorem
723 1060 979 1150 etexemplum3
997 1064 1030 1128 et
1046 1060 1127 1149 quia
1139 1063 1263 1139 vestes,
1276 1059 1313 1125 in
1325 1080 1394 1148 qua
1406 1058 1523 1126 divino

189 1164 356 1232 miraculo
368 1164 519 1255 percussi
531 1165 686 1249 inerant,
699 1166 796 1233 nullo
810 1166 1003 1256 potuissent
1018 1166 1086 1232 ritu
1093 1159 1263 1233 ‘mundari
1274 1170 1306 1232 et
1317 1165 1521 1234 consecrari.

226 1356 431 1406 interdicuntur
445 1369 529 1420 porro
545 1358 639 1408 Aaron
655 1360 683 1408 et
701 1355 765 1418 iiiii,
782 1370 818 1408 ne
832 1358 863 1408 in
881 1358 941 1409 uilo
959 1358 1014 1409 ritu
1034 1356 1144 1409 funebri
1164 1357 1280 1408 tratrum
1299 1356 1523 1421 sepeliendorum

189 1446 365 1509 participent.
383 1445 460 1495 Haec
478 1446 525 1495 lex
543 1444 636 1495 affinis
655 1447 699 1496 est
717 1447 792 1508 eins,
805 1458 879 1511 quae
898 1459 961 1510 cap.
977 1445 1009 1496 21
1032 1446 1160 1507 traditur,
1176 1451 1206 1496 at
1226 1445 1311 1497 simul
1333 1445 1524 1497 severior.1bi

190 1533 330 1597 simplices
349 1533 509 1584 sacerdotes
527 1547 544 1583 a
563 1532 707 1584 iunoribus
725 1535 1029 1599 propinquissimorum
1049 1547 1105 1584 non
1124 1534 1336 1595 interdicuntur,
1353 1534 1403 1585 sed
1422 1545 1439 1584 a
1457 1535 1523 1584 reii-

191 1634 310 1686 qnorum
326 1624 448 1682 tantum,
465 1621 608 1686 adscripta
621 1623 731 1673 ratione
747 1638 759 1670 ‹
775 1623 873 1674 Sancti
887 1625 970 1673 erunt
989 1623 1049 1673 Deo
1063 1636 1116 1673 suo
1132 1639 1161 1684 t,
1176 1622 1302 1686 pontilex
1316 1635 1383 1674 vero
1398 1623 1432 1673 ab
1448 1623 1524 1672 omni

191 1713 306 1761 omnino
325 1708 425 1761 innare
445 1709 629 1772 interdicitur,
647 1725 660 1759 r
677 1712 744 1776 qnia
764 1712 858 1762 oleum
876 1715 995 1762 sanctae
1015 1712 1156 1762 unctionis
1179 1707 1231 1763 Dei
1252 1723 1336 1776 snper
1354 1723 1420 1762 eum
1438 1715 1482 1760 est
1498 1725 1523 1759 ι.

192 1799 270 1859 Quae
284 1800 373 1849 altera
386 1799 459 1849 ratio
477 1798 538 1860 ini
553 1799 684 1863 explicite
697 1800 813 1852 aiiertnr
827 1803 856 1851 et
873 1801 911 1852 ad
929 1799 1003 1852 tilios
1024 1799 1167 1864 pontificis
1185 1799 1354 1860 extenditur,
1369 1799 1436 1850 dum
1449 1801 1526 1862 prior

190 1889 262 1939 ratio
281 1889 377 1952 ntique
395 1887 623 1951 subintelligitur.
638 1888 863 1952 introspicienda
880 1890 963 1940 nobis
980 1891 1127 1953 igiturest
1145 1889 1175 1939 h.
1194 1889 1215 1939 l.
1235 1889 1322 1949 ratio,
1339 1901 1388 1938 rur
1404 1900 1525 1952 genera·

190 1979 240 2027 tim
263 1975 424 2027 sacerdotes
447 1989 464 2025 a
486 1975 631 2027 iuneribus
652 1979 710 2029 sint
731 1978 853 2039 exclusi,
870 1989 948 2044 quae
970 1978 1040 2029 haec
1065 1977 1189 2038 aiiertnr,
1207 1977 1281 2042 quod
1304 1978 1394 2028 saneti
1418 1977 1474 2026 sint
1497 1979 1526 2026 et

190 2065 287 2115 mnndi
301 2077 363 2115 esse
377 2064 510 2124 debeant,
527 2065 647 2129 ideoque
660 2079 692 2116 so
706 2065 827 2118 debeant
846 2079 863 2116 a
882 2068 1122 2118 contaminatione
1141 2065 1272 2116 tuncrum
1292 2068 1377 2126 tueri;
1395 2069 1423 2115 et
1442 2065 1523 2117 ratio.

191 2167 241 2204 cnr
254 2165 289 2204 ea
302 2153 348 2203 lex
363 2153 392 2201 b.
408 2153 427 2202 i.
441 2165 493 2217 pro
512 2152 578 2204 filiis
596 2155 691 2205 Aaron
709 2157 752 2206 ita
769 2154 854 2206 tuerit
872 2157 1016 2216 restricta,
1033 2160 1064 2206 nt
1077 2157 1166 2206 instar
1180 2155 1270 2218 patris
1284 2153 1423 2218 pontificis
1437 2152 1524 2204 babiti

191 2243 256 2292 sint.
271 2241 362 2302 Quem
378 2241 517 2291 rationem
534 2244 677 2306 sapienter
690 2245 818 2308 assignat
831 2247 913 2308 Aug„
929 2245 1007 2309 quod
1024 2245 1123 2296 Nadab
1142 2248 1170 2296 ct
1185 2243 1259 2295 Abiu
1274 2243 1325 2294 Dei
1339 2242 1442 2293 iudicio
1457 2254 1525 2292 con·

191 2331 295 2394 sumpti
307 2329 413 2381 inerint
428 2346 434 2379 :
451 2342 509 2380 non
523 2331 610 2394 igitur
621 2331 738 2383 decebat
750 2333 910 2384 sacerdotes
924 2346 1022 2384 eornm
1037 2333 1180 2384 interitum
1192 2333 1304 2396 publice
1318 2333 1426 2396 lugere.
1444 2329 1525 2392 Quod

191 2421 215 2468 si
237 2418 384 2480 iecissent,
400 2420 429 2469 et
444 2421 498 2483 ipsi
510 2421 608 2470 mortis
628 2421 669 2471 rei
687 2419 819 2483 inissent,
836 2427 864 2473 et
885 2423 1011 2474 divinam
1030 2422 1254 2486 indignationem
1274 2423 1302 2471 in
1322 2421 1456 2486 populum
1475 2432 1525 2470 ex-

192 2508 334 2558 citassent.

236 2669 269 2714 v.
287 2654 307 2713 e
325 2675 341 2708 «
356 2651 570 2738 Luctatusque
581 2662 631 2716 est
643 2651 776 2739 Moyses
787 2650 836 2717 cd
845 2654 963 2717 Aaron
974 2649 1065 2717 etad
1074 2650 1221 2717 Eleazar
1232 2662 1263 2717 et
1275 2647 1526 2738 Ithamarfilios

193 2755 265 2820 eius
279 2781 296 2816 »
310 2775 318 2822 :
332 2793 376 2802 -
388 2754 450 2844 qni
462 2766 663 2845 supererant
673 2756 716 2840 ei,
728 2757 963 2847 explicationis
974 2757 1087 2844 gratia
1099 2758 1179 2844 Syr.
1190 2755 1289 2822 addit
1301 2755 1356 2844 (cl.
1369 2778 1402 2821 v.
1415 2757 1470 2842 12)
1482 2791 1527 2803 -

195 2889 211 2921 o
232 2859 355 2950 Capita
370 2874 481 2927 vestra
494 2862 603 2927 nolite
618 2862 763 2949 nudare,
783 2875 816 2930 et
830 2863 1033 2929 vestimenta
1047 2862 1154 2928 nolite
1168 2860 1340 2944 scindere,
1356 2883 1399 2927 ne
1417 2859 1526 2948 [sorte]

194 2966 409 3051 erroricmini,
423 2979 456 3033 et
465 2990 567 3058 semer
581 2990 715 3034 ornnem
727 2981 861 3036 coetum
871 2968 1005 3035 oriatur
1017 2967 1215 3058 ircdipnatio
1229 2995 1259 3035 o.
1276 2970 1348 3034 Non
1358 2965 1527 3054 agiturde

194 3071 347 3139 rodendo
363 3073 475 3162 capite
496 3072 660 3162 (Bessa),
677 3074 758 3142 licet
781 3074 821 3141 id
843 3075 948 3142 ctiam
972 3075 1076 3142 fuerit
1097 3075 1239 3162 signum
1261 3073 1389 3151 luctus;
1417 3071 1527 3162 expri-

194 3177 299 3246 mitur
312 3177 349 3244 id
368 3179 444 3245 aliis
459 3179 571 3246 verbis
592 3179 649 3268 (ei.
668 3186 768 3264 21,5;
790 3185 845 3250 liz.
868 3187 971 3264 tetdo
991 3181 1086 3270 etc).
1101 3195 1161 3249 rib
1181 3180 1333 3248 nativam
1355 3178 1528 3266 significa·

194 3286 324 3352 tionem
345 3285 452 3352 habet
474 3285 633 3353 perdendi
654 3286 712 3376 (cl.
735 3310 824 3377 qnae
846 3287 993 3356 diximus
1017 3288 1061 3356 ad
1090 3292 1146 3355 Ex.
1175 3289 1310 3375 ai,a5);
1336 3286 1418 3352 hinc
1448 3289 1528 3351 LXX

194 3394 443 3481 ἁπεκιδαρώσετε,
461 3389 582 3460 cidara
596 3393 739 3462 cernetis.
756 3395 852 3462 Unde
868 3393 1092 3484 progreditur
1102 3417 1167 3462 vox
1182 3395 1225 3462 ad
1239 3392 1526 3480 significationem

194 3497 409 3585 demittendi,
424 3502 458 3567 et
472 3499 555 3566 hinc
568 3522 701 3568 comum
713 3501 890 3568 nutriendi
903 3499 1041 3592 (Chald.
1056 3503 1164 3592 Syra).
1177 3515 1236 3568 niti
1249 3499 1354 3566 etiam
1366 3497 1528 3566 hebraice

194 3627 326 3671 comam
343 3611 443 3672 sonat
464 3604 575 3693 (Num.
594 3613 669 3692 o‚5;
685 3613 742 3676 ΕΖ.
765 3608 892 3698 ttae).
918 3611 1001 3676 Cum
1017 3629 1135 3675 comae
1148 3607 1292 3674 nutritio
1312 3605 1432 3695 ntique
1456 3626 1528 3670 non

194 3711 297 3776 luerit
314 3712 452 3798 signnm
470 3711 596 3796 luctus,
616 3714 675 3781 sed
696 3713 808 3803 potins
830 3715 987 3782 luxuriae
1007 3713 1065 3804 (ci.
1087 3718 1114 3781 l.
1141 3715 1387 3780 Knaberibcuer
1406 3709 1450 3776 ad
1470 3713 1525 3776 ΕΖ.

195 3818 320 3900 tuno),
345 3824 494 3906 praestat
511 3820 547 3887 h.
565 3821 589 3886 l.
607 3842 687 3887 oum
710 3821 810 3909 Vulq.
833 3820 1025 3888 adhaerere
1045 3819 1293 3908 significationi
1314 3817 1444 3907 primae
1462 3837 1527 3881 nec-

194 3921 312 3988 dandi.
331 3927 369 3990 ln
383 3923 477 3992 luctu
493 3925 550 4013 (cl.
569 3947 658 4014 qnae
671 3925 820 3992 diximus
835 3925 913 3993 adt
932 3931 1016 4014 lieg.
1035 3926 1151 4014 taso)
1167 3926 1281 3994 vultus
1293 3945 1373 4014 pars
1387 3922 1529 3990 inferior

176 4026 425 4118 operiebatur,
439 4030 586 4121 ideoque
599 4032 702 4098 simul
714 4031 872 4122 superior
884 4033 1095 4115 nudabatur,
1115 4031 1240 4100 cidaris
1253 4029 1392 4098 aliudve
1408 4027 1540 4117 capitis·

193 4139 433 4202 ornamentum
447 4136 698 4228 deponebatur,
714 4139 785 4204 imo
800 4144 903 4230 capnt
917 4141 1031 4229 ipsum
1054 4138 1253 4206 radebatur.
1275 4165 1290 4197 α
1308 4139 1444 4202 Fratres
1457 4157 1528 4202 oes-

195 4241 241 4306 ιη’
262 4269 278 4302 »
295 4277 340 4290 -
361 4263 445 4328 ergo
459 4243 584 4334 reliqui
599 4244 742 4328 levitae;
765 4245 825 4312 sed
841 4250 952 4313 textus
970 4245 1074 4313 ceteri
1092 4267 1215 4312 omnes
1229 4245 1394 4331 ignorant
1411 4253 1454 4328 et,
1480 4243 1527 4308 ita

193 4351 232 4412 nt
246 4347 356 4413 cornei
370 4345 490 4414 domus
509 4351 618 4418 lsrael
631 4351 676 4420 sit
694 4351 866 4442 appositio
889 4352 934 4420 ad
953 4353 1085 4440 fratres
1104 4351 1207 4420 vestri
1228 4389 1272 4401 —
1299 4378 1314 4412 ι(
1337 4351 1394 4437 [etl
1416 4346 1526 4414 cerinis

194 4452 317 4520 domus
325 4455 434 4523 lsrael
434 4456 611 4546 pionpant
625 4457 841 4544 incendium,
859 4457 954 4549 qnod
964 4459 1131 4526 Dominus
1145 4457 1325 4526 suscitavit
1339 4484 1369 4523 ».
1388 4461 1459 4534 Qua
1469 4475 1524 4520 ex-

193 4561 367 4649 pressione
380 4560 525 4628 delicate
540 4563 706 4630 alluditur
720 4563 765 4632 ad
780 4587 900 4635 necem
917 4565 1035 4632 Nadab
1050 4571 1083 4632 et
1098 4565 1200 4632 Abiu.
1218 4567 1289 4630 Non
1308 4561 1474 4631 carebunt
1488 4559 1525 4624 hi

193 4667 338 4735 honesta
351 4667 525 4757 sepultura
544 4667 703 4760 iustoque
724 4671 828 4738 luctu.
853 4671 1000 4738 [tenebat
1018 4670 1151 4760 primae
1166 4670 1393 4737 ordinationis
1412 4686 1523 4732 sacer-

197 4771 310 4856 dotes,
340 4775 416 4864 ipso
439 4774 667 4842 ordinationis
690 4773 746 4843 die
771 4781 842 4843 tam
869 4777 993 4843 misere
1021 4778 1261 4867 interemptos,
1292 4773 1338 4842 ab
1363 4772 1523 4838 universo
