3534 5384
774 346 825 390 nx.
851 332 922 402 17,ss
943 347 1008 399 soc.
1499 325 1555 386 iiii

223 501 319 561 nem,
349 502 462 571 neque
488 480 583 546 locus
611 485 698 568 Hesy
726 479 760 546 el
790 479 967 548 Hhattatin
992 501 1085 547 nunc
1114 480 1243 546 lentem
1269 479 1384 546 habet.
1415 479 1556 544 Potuere

222 587 427 655 Amaleeitae
450 586 619 677 impetum
638 585 791 669 differre,
818 585 935 675 quoad
954 585 1097 654 Hebraei
1119 585 1175 653 siti
1197 584 1351 654 exhausti
1368 590 1401 651 et
1417 603 1555 674 pugnae

223 694 372 783 impares
392 691 437 759 ad
461 693 572 784 ipsum
593 692 665 758 tere
689 691 777 759 casis
806 692 912 760 limen
934 693 1172 782 pervenissent
1200 714 1207 757 :
1235 697 1269 759 at
1293 696 1379 758 Deus
1405 689 1555 756 hostium

221 799 341 866 fefellit
364 798 541 881 astutiam,
567 819 711 889 suosque
735 798 864 866 ibidem
889 798 1094 867 miraculoso
1117 799 1242 865 haustu
1261 795 1390 864 reiecit.
1414 823 1430 856 «
1461 793 1554 861 Fecit

222 908 355 994 Moyses
381 906 431 972 ito
451 927 566 971 eorum
585 903 776 972 senioribus
794 903 905 971 lsrael
930 933 964 988 c,
987 927 1019 972 v.
1044 911 1064 970 'i
1090 933 1105 965 «
1126 915 1158 971 et
1181 903 1315 970 eoeooit
1339 923 1462 968 enomere
1489 900 1555 968 loci

224 1011 319 1078 illios
339 1010 494 1078 Teatotio
517 1039 534 1074 n
563 1023 595 1077 et
619 1011 793 1101 lotyiom,
824 1040 839 1071 «
856 1023 1000 1101 propter·
1024 1010 1179 1100 ietrqt'ttm
1202 1009 1356 1100 filiorum
1382 1008 1502 1092 Israel,
1523 1020 1555 1072 et

222 1117 307 1208 quio
336 1128 555 1185 tentaverunt
578 1115 764 1184 Hominum
785 1115 938 1184 diceutes
958 1138 971 1183 .·
994 1119 1098 1184 Estne
1121 1116 1290 1184 Domitios
1310 1115 1345 1182 in
1369 1114 1484 1195 nobiS,
1508 1136 1554 1179 oie

222 1227 317 1292 nou?
332 1252 348 1283 a

256 1414 366 1477 Duplici
386 1415 442 1464 loci
459 1415 566 1464 nomini
582 1420 694 1471 nmini
718 1422 788 1472 non
805 1413 975 1478 praeludunt
992 1413 1078 1466 verba
1092 1427 1118 1464 v.
1139 1413 1155 1464 i
1179 1417 1242 1471 :imi
1262 1416 1291 1464 et
1314 1417 1410 1498 piniti.
1434 1410 1489 1460 Sed
1505 1422 1553 1459 cnr

220 1503 324 1566 duplici
347 1516 404 1553 una
426 1504 575 1553 occasione
596 1505 710 1554 nomine
731 1516 805 1553 unus
827 1503 906 1554 locus
928 1501 1102 1566 appellatur?
1125 1501 1260 1562 Adverte,
1279 1502 1362 1552 Num.
1384 1499 1418 1550 ru
1443 1499 1552 1548 narrari

219 1596 337 1643 eventus
351 1593 466 1642 omnino
487 1592 608 1653 similes,
625 1592 787 1656 imponique
803 1591 875 1642 lonii
890 1591 1000 1641 cuidam
1015 1604 1119 1642 nomen
1134 1592 1202 1642 item
1221 1597 1330 1647 naim.
1349 1589 1444 1639 Potuit
1460 1602 1493 1637 ea
1513 1589 1553 1636 si-

219 1679 347 1730 militudo
365 1681 438 1731 ratio
456 1692 533 1741 esse,
549 1685 582 1730 ut
600 1680 628 1730 h.
649 1681 669 1730 l.
692 1684 806 1743 praeter
825 1693 929 1730 nomeu
953 1687 1023 1737 tion
1049 1681 1184 1743 irreperet
1207 1681 1291 1730 etiam
1312 1690 1416 1730 nomen
1438 1683 1552 1732 militi,

220 1768 340 1819 maxime
354 1781 417 1818 eum
431 1768 548 1821 uerbum
563 1774 612 1825 :iii
628 1772 685 1818 tam
700 1782 728 1818 v.
746 1767 860 1832 ‘iquam
873 1782 902 1818 v.
918 1768 932 1818 7
947 1768 1067 1831 legatur.

407 1983 439 2043 2.
471 1977 618 2045 Victoria
642 1977 682 2044 de
706 1978 904 2046 Amoleet'tis
927 1989 1100 2068 reportato
1122 1980 1180 2042 Ex.
1208 1981 1361 2059 ins-16.

261 2183 345 2270 deq.
363 2219 408 2230 —
425 2186 495 2248 Hox
514 2180 715 2249 Amaleeitas
736 2180 849 2249 adorti
869 2181 1017 2249 Hebraei
1039 2179 1207 2262 fundunt,
1229 2185 1341 2268 Moyse
1360 2178 1396 2245 in
1424 2178 1548 2245 vertice

216 2286 313 2354 collis
334 2308 458 2354 manus
475 2309 553 2356 cum
576 2287 677 2374 virga
698 2288 889 2355 attollente.
909 2292 1096 2378 Perpetuus
1113 2286 1273 2355 Hebraeis
1293 2287 1329 2353 in
1348 2286 1549 2352 Amalecitas

216 2389 412 2461 inimicitias
430 2398 518 2462 Deus
546 2393 685 2475 indicit,
703 2398 830 2483 Hoyses
851 2417 932 2462 vero
955 2395 1054 2462 altari
1077 2399 1193 2461 erecto
1214 2391 1413 2460 certaminis
1434 2392 1547 2458 locum

216 2505 402 2567 consecrat.

260 2629 292 2672 v.
308 2612 328 2673 8
346 2635 362 2668 e
384 2605 482 2674 Venit
494 2620 611 2674 etitem
623 2608 762 2675 Aoiolec
776 2621 810 2676 et
820 2611 1001 2698 pttqnodot
1013 2619 1130 2674 contra
1144 2607 1251 2675 Israel
1263 2606 1298 2673 in
1310 2604 1496 2694 Rephidim
1516 2633 1543 2668 υ.

215 2717 260 2779 lie
281 2712 421 2780 Amalec
432 2711 579 2780 diximus
593 2713 638 2780 ad
652 2717 733 2781 Gen.
752 2720 847 2796 1i‚i;
863 2721 977 2792 36,st
997 2715 1046 2782 Gt.
1064 2713 1170 2780 etiam
1187 2721 1203 2781 1
1226 2717 1311 2800 Reg.
1330 2717 1427 2793 2283
1446 2717 1542 2778 Nuus.

216 2824 333 2900 13,29;
353 2823 464 2899 iate.
481 2827 534 2888 i5.
553 2821 752 2888 Accuratius
768 2821 858 2887 hane
872 2842 1032 2911 pugnam
1049 2819 1212 2887 describit
1226 2824 1321 2887 Dent.
1340 2823 1441 2900 25,17
1464 2841 1513 2904 sq.
1535 2838 1542 2883 :

217 2953 233 2986 (ι
253 2929 435 3009 Hement0,
452 2948 541 3015 quae
561 2927 683 2993 fecerit
703 2926 768 2993 tibi
787 2927 928 2994 Amalec
947 2927 983 2993 in
1003 2926 1076 3009 viu,
1094 2925 1233 3015 quando
1252 2925 1484 3012 egrediebaris
1504 2947 1543 2988 cx

214 3036 368 3121 Aegypto
389 3032 589 3121 :quomodo
611 3034 798 3100 occurrerit
812 3032 874 3099 tibi
898 3039 932 3100 et
951 3039 1119 3102 extremos
1136 3031 1284 3118 agminis
1302 3031 1365 3115 tui,
1386 3031 1444 3120 qui
1464 3029 1543 3095 lassi

215 3135 422 3220 residebunt,
443 3138 621 3222 ceciderit,
636 3138 775 3229 quando
791 3144 828 3206 tn
844 3161 919 3206 eras
933 3139 1024 3206 lame
1038 3146 1072 3207 et
1086 3139 1205 3206 labore
1223 3137 1411 3220 contectus,
1428 3141 1462 3203 et
1475 3158 1542 3202 non

214 3243 367 3310 timuerit
387 3249 493 3311 lieum
513 3272 542 3310 c.
562 3249 651 3332 Hrgo
664 3244 872 3313 Amalecitae
892 3245 1066 3313 latronum
1084 3246 1205 3328 instar,
1221 3266 1293 3310 non
1305 3244 1394 3312 iusto
1411 3243 1543 3333 proelio

214 3349 366 3435 aggressi
388 3351 538 3439 primum
558 3351 696 3419 fuerant
714 3352 902 3434 lsrnelitas3
928 3352 1019 3419 unde
1045 3351 1262 3442 perspicitur,
1285 3349 1459 3440 quomodo
1484 3372 1542 3438 po-

212 3453 319 3520 tuerit
328 3477 357 3522 v.
375 3462 395 3522 9
407 3461 535 3543 Hoyses
545 3456 638 3524 diem
650 3456 772 3547 proelii
781 3458 854 3548 ipse
864 3457 1092 3525 determinare
1104 3479 1111 3526 :
1125 3480 1210 3525 cras.
1224 3458 1395 3524 Proelium
1408 3478 1452 3522 sc.
1470 3461 1541 3520 tum

213 3561 376 3641 obtinuit,
393 3562 534 3651 quando
553 3567 649 3630 losue
667 3585 745 3630 enm
760 3564 843 3631 viris
867 3565 963 3631 lectis
984 3563 1187 3632 Amulecitas
1204 3565 1240 3630 in
1260 3563 1342 3630 locis
1363 3562 1558 3630 inaccessis

211 3687 396 3754 aggressus
411 3674 471 3736 est.
487 3668 584 3746 Quod
600 3674 716 3736 autern
731 3670 880 3737 habetur
895 3669 1009 3738 iudith
1024 3677 1115 3754 t,13,
1133 3669 1333 3737 Ameleeitas
1348 3669 1450 3736 etiam
1466 3670 1542 3734 fisos

212 3794 281 3840 esse
307 3801 323 3835 (ε
339 3774 498 3842 curribus
519 3775 589 3843 suis
607 3803 637 3858 »,
655 3775 761 3843 verba
776 3783 856 3846 sunt
874 3776 1042 3844 Hliachim
1059 3777 1209 3844 auctoris
1222 3799 1294 3844 non
1307 3774 1465 3864 inspirati
1479 3775 1538 3839 de-

208 3885 354 3970 suntque
368 3881 463 3970 apud
473 3883 574 3948 LXX.
589 3881 791 3950 Amaleeitas
805 3891 878 3949 tum
889 3905 966 3950 usos
978 3905 1050 3950 esse
1060 3884 1219 3950 curribus
1229 3881 1461 3972 improbabile
1476 3904 1538 3969 ep-

209 3991 307 4074 paret
320 4008 400 4054 eum
415 4008 433 4053 e
447 3993 572 4056 natura
583 3988 738 4055 locorum
753 3989 913 4056 curribus
927 4011 1094 4079 perquem
1114 3988 1249 4079 iniqua,
1268 3994 1341 4055 tum
1357 4009 1396 4052 cx
1411 3986 1451 4052 iis
1466 4007 1539 4051 om-

209 4091 331 4176 nibus,
349 4115 437 4182 quae
451 4093 494 4161 de
512 4093 669 4162 tribuum
681 4093 808 4163 deserti
823 4095 976 4162 moribus
991 4118 1030 4163 ex
1044 4096 1290 4186 Aegyptiorum
1307 4095 1539 4160 monumentis

209 4198 369 4265 novimus
391 4221 399 4267 :
422 4199 581 4267 curribus
595 4221 655 4267 eae
674 4200 851 4269 carebant.
870 4225 902 4267 v.
927 4210 946 4269 9
972 4229 987 4262 a
1012 4201 1175 4292 Dicitque
1195 4204 1329 4291 Moyses
1345 4198 1393 4266 od
1409 4202 1506 4265 Iosoe
1527 4220 1539 4262 .·

210 4304 312 4393 Etiqe
330 4333 347 4366 n
362 4304 458 4372 nobis
474 4334 490 4368 κ
507 4309 610 4390 viros,
625 4319 658 4373 et
672 4329 827 4397 opressus
835 4329 959 4397 poyeio
975 4321 1093 4376 coiitru
1108 4307 1247 4376 Aoeoleo
1263 4329 1276 4374 .·
1288 4331 1363 4375 eros
1381 4337 1397 4369 »
1420 4346 1460 4355 -
1481 4307 1537 4372 scd

209 4411 300 4479 hanc
328 4432 444 4478 vocem
468 4411 581 4503 aptius
605 4414 746 4480 fortasse
771 4417 864 4482 LXX
886 4417 965 4504 Syr.
989 4415 1033 4482 ad
1052 4414 1296 4505 praecedentia
1325 4416 1465 4483 trahunt
1495 4452 1538 4461 —

213 4547 228 4578 u
252 4539 315 4606 eqo
329 4520 423 4584 stabo
446 4519 482 4584 in
501 4519 626 4585 vertice
648 4518 760 4606 collis,
777 4520 904 4588 babens
917 4521 1049 4611 copam
1072 4522 1133 4588 Dei
1148 4522 1185 4587 ia
1201 4543 1307 4588 motio
1327 4543 1407 4612 neco
1420 4549 1450 4586 υ.
1469 4521 1537 4584 iiii-

206 4623 353 4691 ferentia
374 4645 495 4691 vocum
517 4641 598 4694 nini
614 4631 648 4693 et
665 4628 708 4713 (v.
729 4629 762 4715 6)
782 4642 833 4692 'uit
850 4627 964 4717 potius
978 4628 1150 4716 suggerit,
1169 4629 1261 4694 hune
1283 4627 1406 4695 collem
1427 4627 1533 4692 alium

209 4751 279 4796 esse
305 4734 442 4820 apetra
460 4730 590 4813 Horeb,
613 4735 767 4800 narratio
788 4734 946 4820 suggerit
968 4734 1069 4800 luisse
1094 4735 1233 4818 collem,
1254 4734 1344 4800 unde
1361 4737 1487 4820 Moyses
1505 4737 1538 4796 et
