3534 5384
734 343 781 385 ex.
806 327 983 394 25,18500.
1462 329 1521 388 263

197 506 212 538 «
238 481 329 544 Duos
348 497 483 566 quoque
503 475 684 543 Cherubim
703 497 825 541 aureos
840 487 872 542 et
889 473 1098 564 productiles
1111 475 1220 564 facies
1238 503 1272 556 n,
1294 513 1338 526 ·-
1352 498 1434 564 ergo
1453 499 1523 544 nan

194 584 323 670 eligno
337 580 559 674 superpositis
572 581 709 648 laminis
727 581 855 662 aureis,
876 581 936 648 sed
951 586 1038 648 totas
1058 602 1177 647 aureos
1201 581 1318 670 (Cael),
1337 583 1387 649 uti
1406 584 1517 673 ipsum

193 689 482 780 propitiatorium.
518 687 702 756 Cherubim
734 693 912 778 tamquam
941 709 995 754 res
1026 693 1108 754 nota
1129 709 1201 754 non
1231 687 1471 758 describuntur
1507 711 1515 759 τ

194 796 306 887 aspice
325 795 572 885 Aegyptiorum
591 795 743 885 depictas
761 793 971 884 templorum
990 794 1097 861 muris
1120 815 1278 884 pompas,
1296 795 1515 884 videbisque,

194 924 279 994 quas
304 903 447 969 Hebraei
469 901 645 983 viderant,
668 901 851 969 Cherubim
875 900 1004 987 figuras
1026 899 1064 967 in
1083 921 1196 986 genua
1212 901 1517 990 procumbentium
1598 991 1601 998 .

194 1030 308 1077 coram
323 1012 426 1076 sacris
439 1007 477 1075 in
491 1008 579 1075 arcis
592 1007 815 1094 imaginibus.
831 1008 908 1074 blas
926 1007 1055 1074 habeut
1068 1006 1228 1089 brachia;
1245 1008 1374 1094 singuli
1390 1009 1517 1076 Cheru-

194 1116 266 1183 bim
279 1137 386 1182 unum
400 1114 582 1182 brachium
597 1115 726 1182 alatum
741 1113 928 1182 extendunt
944 1135 1046 1202 super
1061 1134 1192 1180 sacram
1206 1114 1406 1201 imaginem,
1425 1114 1520 1182 illam

194 1226 348 1309 tegentes
367 1223 420 1288 vel
434 1226 669 1312 protegenteS,
692 1220 838 1287 alterum
862 1219 1046 1287 demissum
1062 1221 1191 1287 habent
1214 1259 1258 1271 -
1277 1248 1293 1282 «
1314 1244 1357 1286 ea
1376 1233 1520 1311 utraque

191 1341 290 1419 parte
305 1327 438 1396 oruculi
453 1355 468 1388 a
480 1383 487 1413 ,
500 1327 750 1418 propitiatorii.
773 1332 839 1395 Hoc
857 1327 1094 1394 innitebantur
1108 1349 1170 1416 pro
1183 1326 1257 1394 basi
1278 1327 1442 1418 (Borrfrh.
1461 1333 1521 1396 Fa·

195 1435 307 1502 aiendi
326 1439 425 1502 erant
448 1457 470 1501 a
488 1433 621 1502 duabus
643 1433 914 1500 extremitatibus
926 1433 1182 1524 propitiatorii,
1205 1435 1427 1501 interstitium
1452 1435 1519 1502 lin·

194 1548 337 1632 quentes
360 1543 396 1607 in
416 1539 541 1608 medio.
566 1563 598 1606 v.
622 1548 662 1608 19
688 1569 703 1602 a
729 1541 860 1608 Cherub
886 1563 974 1607 uum
988 1542 1032 1606 sit
1052 1540 1088 1606 iu
1103 1540 1208 1606 latere
1221 1563 1305 1625 eruo,
1327 1553 1359 1606 et
1375 1539 1464 1608 alter
1483 1542 1519 1608 iu

193 1649 300 1714 altero
321 1675 336 1707 »
354 1648 523 1738 opposito.
538 1647 820 1715 Additamentum
838 1647 969 1714 habent
985 1647 1085 1713 Hebr.
1108 1647 1201 1714 Sam.
1223 1645 1341 1715 Chald.
1358 1669 1371 1712 .·
1385 1647 1425 1713 (le
1433 1670 1517 1737 pro-

191 1753 370 1846 pitiatorio
381 1753 493 1841 facies
507 1755 614 1840 (Sam.
631 1756 724 1821 LXX
740 1753 832 1842 Syr.)
854 1751 1034 1821 Cherubim
1049 1754 1086 1819 ia
1103 1753 1234 1819 derebus
1248 1755 1518 1820 extremitatibus

194 1861 277 1928 eius.
315 1865 438 1927 Sensus
465 1860 602 1929 videtur
629 1882 700 1927 esse
726 1883 734 1928 ε
761 1861 864 1927 iacies
892 1881 946 1926 eos
981 1860 1078 1949 quasi
1109 1866 1242 1949 partem
1266 1860 1514 1950 propitiatorii,

194 1968 425 2034 adhaerentes
442 1967 505 2034 illi.
523 1967 589 2034 Sed
601 1966 702 2034 aliter
715 1967 954 2055 iunguntSpr.
970 1968 1070 2033 LXX.
1093 1969 1150 2046 Hi,
1168 1980 1271 2032 uteru
1288 1979 1329 2058 pn
1345 1966 1388 2033 ad
1402 1968 1518 2056 priora

193 2075 384 2153 trahentes,
406 2072 585 2163 sequentia
605 2077 741 2140 vertunt
769 2096 776 2141 :
799 2073 979 2162 faciesque
1001 2072 1086 2140 turos
1111 2071 1290 2140 Cherubim
1313 2095 1414 2163 semer
1430 2072 1516 2139 duas

194 2175 423 2247 eutremitates
442 2182 524 2247 eius.
545 2203 578 2246 v.
594 2207 609 2241 a
630 2183 816 2268 Utrumque
827 2179 917 2246 lotus
924 2179 1166 2270 propitiatorii
1181 2191 1306 2268 tepent,
1326 2179 1520 2269 expauden-

196 2299 242 2353 tes
276 2285 351 2352 alas
390 2315 406 2348 »
441 2308 579 2353 sursum
613 2313 630 2346 a
656 2297 689 2352 et
714 2285 903 2376 operientes
934 2286 1111 2352 orccrtlum
1150 2315 1165 2346 o
1198 2285 1517 2376 (propitiatorium),

195 2421 212 2454 a
234 2392 485 2484 respiciantque
498 2415 533 2459 se
550 2405 668 2459 mutuo
684 2393 788 2459 uersis
803 2391 950 2459 uultibus
968 2392 1005 2460 iu
1017 2391 1320 2483 propitiatorium,
1346 2393 1424 2482 [quo
1441 2415 1520 2483 ope-

194 2499 315 2566 rienda
326 2513 376 2566 est
387 2503 481 2585 area]
500 2527 529 2564 ».
546 2500 593 2566 Cf.
606 2501 709 2567 Hebr.
721 2519 728 2576 ;
742 2500 785 2566 ai.
800 2499 915 2580 etiam,
932 2521 1020 2589 quae
1037 2499 1081 2566 ad
1091 2503 1170 2566 Gen.
1186 2505 1265 2580 aut
1277 2498 1319 2564 de
1333 2499 1517 2566 Cherubim

195 2607 351 2674 diximus.
385 2611 507 2674 Sensus
538 2606 649 2673 clarus
680 2612 730 2673 est
762 2629 769 2674 :
801 2607 1004 2688 Cherubim,
1029 2607 1065 2673 in
1093 2607 1257 2696 oppositis
1284 2605 1516 2695 propitiatorii

195 2713 359 2780 lateribus
378 2712 567 2796 constituti,
586 2712 689 2780 facies
708 2712 752 2779 ad
770 2712 916 2780 invicem
942 2711 1117 2779 habebant
1138 2734 1329 2793 conversae,
1346 2712 1516 2801 simulque

193 2818 239 2884 ad
257 2820 407 2886 medium
419 2819 665 2909 propitiatorii,
683 2819 775 2909 quod
789 2840 936 2886 vacuum
949 2824 1035 2886 erat.
1056 2823 1141 2885 Dum
1160 2820 1253 2886 enim
1272 2818 1308 2884 iu
1330 2818 1515 2907 Aegyptio-

194 2947 271 2991 rum
285 2927 373 2992 arois
387 2927 536 2993 medium
552 2928 642 2993 inter
660 2927 844 2994 Cherubim
864 2925 979 2993 locum
996 2926 1185 3014 occupabat
1201 2926 1353 2992 numinis
1368 2924 1513 3011 efligies,

193 3031 286 3120 apud
299 3033 468 3099 Hebraeos
486 3033 543 3120 (cf.
559 3033 651 3120 aaa)
671 3033 767 3099 nulla
782 3038 857 3100 erat
874 3033 1026 3100 numinis
1046 3033 1331 3121 repraesentatio,
1351 3031 1410 3098 sed
1426 3031 1514 3096 invi-

193 3137 300 3204 sibilis
322 3139 524 3227 praesentia.
549 3139 733 3206 Cherubim
752 3139 871 3205 lormis
890 3140 1053 3206 docemur
1077 3136 1195 3220 simul,
1213 3159 1284 3204 non
1298 3137 1343 3204 ab
1356 3137 1516 3204 omnibus

193 3244 333 3334 sculptis
349 3228 558 3331 imaginibus
576 3246 775 3312 interdictos
787 3246 888 3313 luisse
905 3246 1073 3313 Hebraeos
1089 3244 1166 3334 (Syl
1189 3248 1222 3330 .).
1245 3267 1276 3310 v.
1295 3251 1335 3311 21
1355 3273 1370 3307 u
1387 3246 1427 3310 lu
1447 3266 1516 3334 qua

191 3373 298 3441 pones
322 3351 573 3436 testimouium,
594 3352 688 3442 qrtotl
705 3351 791 3418 dabo
812 3351 876 3417 tibi
892 3380 908 3413 a
926 3353 982 3440 (ci.
999 3375 1032 3418 v.
1056 3353 1124 3442 16).
1142 3375 1174 3419 v.
1192 3357 1235 3418 22
1253 3380 1268 3411 «
1286 3351 1369 3418 lude
1383 3351 1516 3441 praeci·

188 3456 288 3546 piam
304 3485 320 3519 »
336 3497 381 3508 -
401 3461 503 3525 llebr.
521 3478 534 3523 .·
549 3458 749 3525 eouueuiam
765 3471 874 3525 tecum
893 3497 938 3509 -
954 3485 970 3520 «
988 3469 1020 3524 et
1034 3456 1156 3549 loquar
1172 3457 1221 3525 ad
1234 3469 1265 3524 te
1285 3487 1301 3520 »
1324 3457 1365 3524 de
1383 3485 1399 3520 a
1414 3480 1518 3548 supra

187 3563 472 3654 propitiatorium
488 3589 529 3632 ae
546 3564 587 3631 de
600 3564 713 3631 medio
726 3563 873 3631 duorum
887 3563 1078 3648 Cherubim,
1098 3567 1159 3654 qui
1175 3577 1273 3631 eruut
1287 3587 1387 3654 super
1401 3587 1516 3632 aream

193 3671 395 3755 testimonii,
412 3685 535 3739 retacta
555 3693 643 3762 quae
657 3670 827 3738 mundabo
840 3693 906 3762 per
921 3684 952 3736 te
968 3671 1054 3761 filiis
1072 3671 1176 3738 lsrael
1189 3699 1219 3737 a.
1238 3676 1359 3738 Sensus
1378 3677 1428 3738 est
1442 3670 1515 3760 pla-

194 3797 257 3845 nus
278 3800 285 3846 τ
307 3783 394 3845 Deus
410 3777 627 3846 invisibiliter
644 3778 769 3845 residet
784 3799 888 3868 super
902 3779 1101 3868 operculum
1122 3800 1220 3844 areae
1234 3783 1267 3845 et
1281 3777 1370 3845 inter
1383 3779 1513 3845 Cheru-

192 3882 279 3962 bim,
308 3885 465 3952 similiter
490 3891 595 3977 atque
618 3885 752 3971 efligies
781 3885 960 3952 numinum
990 3886 1237 3975 Aegyptiorum
1262 3883 1516 3975 conspiciuntur

191 3989 283 4057 inter
307 3990 454 4058 eosdem.
476 3993 560 4059 Hinc
579 3991 705 4058 dieitur
719 4019 735 4050 «
757 3991 876 4058 sedere
888 4013 989 4081 super
1006 3991 1190 4058 Cherubim
1207 4018 1223 4052 »
1242 3995 1359 4077 tReg.
1383 3996 1456 4072 b,2;
1473 3993 1513 4056 le.

193 4101 294 4176 37,16
308 4102 371 4164 eto.

549 4341 578 4388 2.
593 4340 677 4386 ,tuam
689 4355 777 4401 mauro
789 4339 958 4400 propositionis
973 4341 1019 4388 Eu.
1034 4340 1155 4400 ibib-³0.

239 4525 322 4612 rtrp.
339 4563 383 4573 -
397 4525 606 4592 Describitur
624 4548 656 4593 v.
678 4531 778 4593 att-28
801 4547 918 4592 mensa
933 4548 1011 4593 cum
1034 4525 1169 4593 annulis
1185 4529 1217 4592 et
1237 4525 1406 4607 vectibus,
1426 4549 1457 4592 v.
1477 4531 1518 4590 29

195 4636 415 4697 recensentur
429 4653 566 4698 mensae
582 4654 680 4712 vasa,
694 4655 726 4700 v.
744 4639 786 4699 30
800 4654 936 4700 mensae
952 4654 1031 4699 usus
1048 4633 1103 4722 (ol.
1123 4657 1153 4698 v.
1174 4632 1304 4722 1631).

241 4759 271 4802 v.
288 4743 360 4805 23«
382 4738 502 4804 Facies·
526 4749 558 4802 ot
583 4759 734 4805 meusam
758 4736 799 4804 (le
824 4737 930 4827 liquis
951 4738 1064 4822 setius,
1083 4738 1260 4805 habentem
1282 4737 1368 4806 diros
1390 4735 1520 4804 cubitos
