3534 5384
264 358 324 416 220
359 359 363 368 '
752 377 789 420 nx
810 373 944 420 neesrro
966 375 995 420 ru
1016 375 1109 420 sium.

263 533 483 622 antiquorum
497 534 703 624 populorum
714 556 836 602 mores.
850 558 881 603 v.
902 540 942 601 lt
960 562 976 596 «
993 535 1034 604 Si
1045 534 1122 625 qais
1131 557 1194 624 prr
1208 533 1416 602 industriam
1431 534 1594 603 acciderit

256 640 458 728 prociarum
469 663 568 706 siccem
583 653 685 731 ctpcr
700 640 846 707 accidiae
871 669 906 726 n,
924 681 968 692 -
982 644 1084 708 Hebr.
1103 663 1115 706 .·
1134 641 1165 708 si
1181 641 1259 730 qais
1268 643 1529 732 praevaricatus
1545 656 1594 710 cst

259 745 297 812 iri
313 746 513 836 proximant
531 769 646 831 serrem,
666 760 705 814 at
723 771 802 814 erim
820 748 1006 836 interficiat
1017 748 1095 815 dolo
1111 787 1156 798 -
1172 775 1187 810 «
1206 751 1247 815 ab
1263 747 1369 815 altare¹
1383 771 1457 814 meo
1473 748 1595 815 auelles

259 875 351 927 carn,
376 865 414 918 at
438 853 606 920 moriatur
631 883 661 921 ».
692 883 708 916 «
735 854 872 922 Nullum
895 877 959 945 pro
984 855 1152 922 eiusmodi
1172 856 1314 922 homine
1338 855 1404 922 erit
1423 855 1558 944 asylum
1574 885 1587 917 ll

260 958 423 1049 (Beata).
444 960 555 1027 Verba
577 960 696 1050 utique
717 961 872 1042 edicunt,
895 967 927 1028 et
949 961 1058 1028 altare
1076 983 1146 1030 esse
1162 966 1278 1052 aptum
1298 961 1358 1051 qui
1376 983 1439 1052 pro
1458 961 1591 1048 refugio

258 1065 456 1152 designetur
471 1066 584 1132 lucum
600 1072 643 1147 ct,
656 1067 684 1134 si
699 1068 767 1134 alia
781 1072 918 1156 praeter
927 1066 1036 1134 altare
1050 1070 1125 1135 loca
1136 1067 1374 1156 designentur,
1387 1068 1494 1135 altare
1508 1089 1591 1135 sem·

260 1194 323 1265 per
342 1171 411 1238 illis
431 1195 503 1239 esse
517 1173 672 1240 futurum
697 1173 870 1260 refugium
891 1173 1050 1242 sanetius.
1072 1179 1181 1252 Quare
1199 1196 1268 1241 non
1283 1174 1329 1240 ad
1347 1173 1522 1241 civitatem
1537 1197 1593 1240 re-

264 1279 365 1365 fugii,
381 1279 442 1346 sed
458 1279 502 1346 ad
517 1279 625 1347 altare
640 1280 795 1367 confugit
808 1280 889 1347 loab
906 1289 924 1347 3
944 1285 1028 1368 Reg.
1049 1287 1129 1364 228
1144 1303 1222 1371 sqq.

294 1465 325 1500 v.
342 1451 372 1500 13
394 1463 436 1515 sq.
450 1452 522 1514 legis
540 1454 681 1515 generalis
701 1467 726 1502 v.
747 1453 778 1504 m
798 1454 869 1504 diros
888 1456 1029 1504 extremos
1048 1467 1129 1506 casus
1149 1455 1303 1506 discutiunt
1320 1467 1326 1504 :
1341 1467 1427 1516 linus,
1446 1468 1501 1518 quo
1521 1455 1591 1518 legis

259 1539 375 1590 allectus
387 1541 583 1604 suspendatur,
598 1541 690 1609 quoad
704 1543 836 1592 occisoris
848 1525 1010 1594 innocentia
1023 1543 1159 1607 probetur
1173 1545 1253 1608 isque
1268 1544 1338 1594 liber
1352 1543 1492 1602 discedat;
1508 1544 1586 1604 alter,

260 1642 317 1693 quo
335 1629 408 1692 legis
426 1629 542 1681 euectus
561 1643 705 1694 nunquam
729 1632 918 1695 suspenditur,
935 1633 983 1696 qui
1004 1637 1047 1684 est
1068 1632 1167 1683 dolosa
1187 1633 1289 1684 occisio
1309 1634 1441 1696 proximi,
1459 1635 1477 1682 i.
1495 1645 1518 1682 e.
1538 1632 1589 1684 He·

258 1716 346 1767 braei.
363 1717 468 1768 Verum
482 1720 556 1769 inter
573 1720 627 1770 hos
641 1719 711 1770 duos
726 1733 808 1770 casus
822 1723 989 1771 interiacent
1008 1721 1069 1781 alii,
1085 1723 1135 1784 qui
1155 1722 1269 1785 quidem
1289 1722 1416 1784 generali
1435 1722 1492 1784 legi
1514 1733 1539 1770 v.
1560 1720 1591 1770 lt

260 1805 394 1868 subsunt,
410 1806 461 1857 sed
483 1808 513 1856 in
533 1808 636 1870 qulbus
658 1808 765 1872 aliquid
783 1809 895 1860 videtur
914 1811 1036 1874 permitti
1056 1809 1222 1872 prudentiae
1241 1815 1269 1860 et
1295 1811 1460 1860 clementiae
1481 1808 1589 1868 iudicis,

259 1907 350 1959 neque
368 1907 480 1959 semper
491 1895 526 1946 ab
547 1896 628 1946 altari
647 1901 708 1948 erat
729 1898 894 1949 avellendus
908 1911 973 1950 reus
990 1912 996 1947 :
1014 1900 1117 1949 occisio
1138 1898 1259 1949 Hebraei
1273 1898 1442 1958 deliberata,
1461 1898 1511 1949 sed
1532 1911 1588 1948 non

257 1996 307 2048 per
321 1983 451 2046 insidias;
468 1985 571 2034 occisio
585 1997 642 2034 non
658 1984 779 2036 Hebraei
795 1987 855 2038 slve
870 2000 920 2050 per
937 1987 1054 2038 insidiae
1068 1989 1129 2038 sive
1142 1989 1204 2037 sine
1220 1987 1277 2037 illis
1294 1986 1377 2038 laeta.
1394 1985 1525 2038 Ceterum
1540 1985 1591 2036 ad-

256 2074 360 2136 scripta
380 2085 436 2122 vox
449 2075 602 2138 proximum
616 2077 743 2137 suggerit
756 2077 967 2126 conclusionem
981 2089 1009 2126 v.
1029 2075 1059 2125 11
1080 2089 1143 2126 esse
1162 2076 1226 2140 lege
1245 2087 1273 2126 v.
1292 2076 1323 2126 12
1343 2077 1539 2126 recentiorem.
1556 2102 1591 2112 -

260 2161 302 2211 lld
316 2175 343 2210 v.
364 2160 394 2211 13
414 2166 529 2214 notetur
546 2162 631 2212 lectio
647 2164 710 2225 Syr.
728 2166 870 2214 constitues
884 2178 936 2228 pro
953 2166 1123 2214 constituam.
1140 2163 1282 2215 Facillime
1297 2163 1421 2228 prolecto
1436 2166 1527 2228 potuit
1540 2177 1593 2214 vo-

259 2249 337 2299 cibus
357 2253 448 2307 num
466 2255 495 2300 et
516 2254 600 2307 l'lltn
620 2263 780 2302 accrescere
798 2253 977 2316 postmodum
996 2254 1079 2304 litora
1097 2261 1117 2314 t,
1134 2267 1189 2318 quo
1209 2253 1371 2303 mandatum
1384 2267 1410 2303 v.
1431 2247 1478 2302 ltb
1492 2256 1588 2304 verte·

258 2337 340 2387 batur
354 2339 385 2387 in
398 2340 568 2389 vaticinium.
586 2339 685 2403 Neque
698 2345 755 2400 est,
772 2353 822 2392 eur
835 2342 905 2391 illud
921 2341 1006 2392 locum
1020 2342 1055 2393 de
1074 2342 1143 2393 solis
1162 2342 1321 2392 civitatibus
1335 2340 1437 2404 refugii
1452 2343 1592 2405 interpre-

259 2428 327 2476 teris
343 2440 349 2473 :
364 2428 459 2491 accipe
470 2428 505 2477 de
516 2429 616 2492 quovls
626 2429 699 2489 loco,
715 2431 763 2492 qul
775 2430 917 2480 communi
929 2431 1080 2494 aliquando
1095 2431 1213 2482 consilio
1225 2444 1278 2494 pro
1291 2431 1368 2493 asylo
1387 2432 1423 2480 slt
1434 2431 1589 2481 habendus.

263 2575 266 2580 ’
305 2589 502 2674 Sequuntur
515 2585 583 2650 alia
603 2585 670 2650 tria
685 2584 811 2653 delicta
829 2585 1000 2675 capitalia.
1019 2610 1051 2654 v.
1072 2592 1111 2654 15
1129 2609 1146 2652 a
1166 2587 1232 2668 Qui
1243 2586 1447 2677 percusserit
1456 2598 1591 2677 patrem

258 2712 357 2757 ..raam
379 2703 441 2757 aut
465 2703 626 2772 matrem,
650 2704 759 2758 morte
780 2691 949 2758 crematur
973 2720 1006 2774 »‚
1025 2693 1159 2760 etiamsi
1180 2694 1331 2783 parentis
1345 2715 1437 2759 mors
1452 2698 1522 2761 no'n
1539 2715 1591 2760 se-

258 2805 394 2886 quatur.
416 2827 431 2859 α
455 2782 573 2864 Sermo
597 2804 646 2865 est
664 2796 707 2864 de
727 2799 958 2888 percussione,
975 2821 1064 2889 quae
1085 2821 1155 2866 non
1171 2807 1351 2867 excusatur
1364 2805 1509 2890 propter
1524 2799 1590 2865 im-

255 2905 500 2994 perfectionem
520 2911 615 2970 actus
643 2933 657 2963 n
681 2905 800 2993 (eat).
830 2928 862 2971 v.
891 2911 932 2972 16
956 2933 972 2966 n
1002 2905 1068 2987 Qui
1089 2909 1228 2994 saratas
1243 2897 1541 2994 faeritlzonlirrcm
1557 2917 1590 2972 et

255 3009 449 3076 vendiderit
468 3032 562 3095 cam,
589 3010 761 3077 convictas
783 3034 912 3095 aoaac,
934 3025 1042 3078 marte
1062 3013 1235 3079 nzortamr
1267 3041 1296 3081 n.
1323 3017 1386 3080 Pro
1414 3011 1588 3079 convietus

255 3139 365 3182 norae
380 3117 485 3183 habet
499 3119 600 3184 chr.
617 3132 684 3182 ru:
701 3132 815 3194 arnul,
833 3119 928 3207 quod
941 3120 1062 3208 nequit
1075 3120 1162 3186 verti
1175 3132 1207 3185 ct
1221 3119 1332 3208 faerit
1345 3119 1502 3186 inuentus
1517 3117 1588 3210 (ille

256 3223 371 3310 homo)
389 3222 426 3288 ia
441 3245 548 3289 mana
567 3223 640 3289 circs
653 3247 665 3291 .·
678 3225 851 3313 quomodo
871 3226 964 3292 enim
982 3227 1018 3292 in
1037 3230 1205 3316 potestate
1226 3226 1415 3293 venditoris
1433 3227 1589 3292 invenia-

259 3334 324 3407 tur,
340 3329 401 3417 qui
419 3331 488 3395 iam
508 3329 664 3397 venditus
682 3335 757 3398 est?
778 3335 867 3418 Ergo
890 3354 969 3399 cum
996 3331 1070 3400 Gai.
1096 3339 1190 3399 verte
1211 3354 1218 3400 :
1247 3333 1315 3414 Qui
1329 3334 1466 3420 saratas
1480 3329 1590 3422 scierit

257 3433 444 3520 hominem,
464 3435 533 3501 sice
555 3459 632 3503 eam
653 3436 860 3522 vendiderit,
884 3439 955 3506 sive
971 3439 1167 3505 irwear'atur
1186 3437 1223 3504 ia
1243 3460 1350 3504 mana
1371 3439 1459 3520 cias,
1482 3449 1589 3504 morte

256 3541 435 3607 moriatur.
448 3546 542 3609 licut.
565 3548 644 3625 iifl
661 3545 745 3612 haec
762 3544 816 3610 lex
831 3544 988 3634 explicite
1004 3550 1053 3613 est
1066 3544 1108 3611 de
1121 3544 1202 3612 solis
1219 3544 1419 3611 hominibus
1432 3543 1589 3612 hebraeis

257 3648 348 3713 furto
364 3647 556 3735 abigendis.
576 3654 704 3716 ‘luetur
726 3652 907 3718 homiuum
931 3651 1145 3735 libertatem,
1163 3673 1250 3740 quae
1265 3650 1321 3718 vix
1335 3651 1477 3718 minoris
1491 3649 1589 3717 aesti-

257 3754 384 3820 manda
402 3759 452 3820 est
474 3756 544 3821 vita
560 3755 646 3845 ipsa.
674 3783 689 3816 κ
715 3757 922 3839 Palaestina,
948 3757 1115 3847 primaria
1132 3758 1202 3824 illis
1220 3758 1436 3848 temporibus
1456 3779 1587 3825 merca-

258 3867 355 3927 turae
371 3859 484 3942 sedes,
503 3862 613 3948 magis
627 3862 745 3952 plagio
760 3864 912 3947 favebat,
930 3886 1033 3954 quam
1050 3863 1120 3931 ulla
1132 3864 1199 3930 alia
1211 3869 1314 3946 terra,
1334 3869 1366 3930 et
1379 3885 1481 3930 nomo
1496 3869 1588 3929 tutus

256 3969 388 4048 luisset,
399 3967 465 4034 nisi
478 3973 604 4055 Moyses
612 3973 684 4034 tam
698 3991 805 4056 grave
819 3970 1028 4060 supplicium
1044 3971 1081 4036 in
1096 3969 1183 4037 illud
1197 3970 1452 4037 constituisset»
1467 3971 1584 4058 (llos).

255 4097 287 4139 v.
313 4081 352 4140 17
370 4103 385 4132 «
413 4073 480 4154 Qui
497 4074 716 4142 malediceret
732 4076 829 4166 patri
844 4100 905 4142 rao
926 4075 980 4142 vel
997 4087 1122 4162 matre,
1142 4088 1249 4142 morte
1265 4076 1436 4143 moriatur
1456 4104 1484 4142 n.
1508 4080 1584 4142 Lev.

255 4185 346 4260 2⁰›9·
363 4184 457 4246 Hune
472 4203 609 4247 versum
620 4185 720 4265 LXX,
743 4183 886 4250 fortasse
900 4181 1088 4249 correctius
1095 4235 1105 4266 ,
1124 4185 1278 4250 scribunt
1299 4183 1499 4250 immediate
1515 4187 1589 4271 post

255 4308 287 4351 v.
308 4291 360 4367 15,
376 4287 435 4374 qui
447 4285 549 4353 etiam
567 4293 615 4354 est
626 4288 667 4355 de
675 4289 887 4379 parentibus
904 4293 1002 4356 Notat
1019 4288 1094 4356 Gai.
1110 4295 1294 4381 parentum
1307 4289 1586 4370 exsecrationem,

256 4391 416 4458 similiter
438 4397 540 4481 atque
564 4393 599 4460 in
626 4401 731 4463 ileum
758 4396 1011 4486 blasphemiam
1033 4396 1121 4484 (lev.
1148 4395 1264 4478 tutti
1281 4401 1390 4463 morte
1407 4395 1539 4486 puniri;
1554 4400 1590 4461 et

259 4499 360 4583 Tost,
380 4503 472 4566 nent.
491 4506 589 4581 alal
615 4501 678 4569 filii
698 4526 836 4594 quoque
855 4505 890 4568 in
915 4506 1072 4592 parentes
1088 4501 1338 4569 contumaciam
1355 4509 1464 4569 morte
1480 4501 1589 4568 mulc-

259 4603 336 4672 tari.
