3534 5384
703 340 769 384 nov.
792 325 884 395 2323
907 339 971 392 soo.
1447 325 1504 385 bil

174 480 315 530 celebrata
334 490 396 529 esse
417 478 554 529 memoria
571 477 730 529 divinorum
749 476 962 536 beneficiorum,
984 477 1110 540 adquae
1132 477 1229 541 utique
1249 477 1333 528 etiam
1354 485 1503 543 praecepta

173 567 362 633 pertinebant.
378 568 415 617 At
428 579 478 617 cur
491 567 572 616 initio
584 567 698 630 septimi
712 568 817 616 mensis
832 565 862 616 ld
875 565 980 616 iactum
994 564 1053 616 est?
1064 565 1136 625 Quia
1151 565 1176 616 is
1190 566 1295 616 mensis
1310 571 1371 616 erat
1391 567 1503 618 initium

174 658 242 708 anni
260 656 365 716 civilis,
382 660 411 706 et
429 659 496 706 ante
513 655 635 706 exodum
655 654 746 705 iuerat
764 657 874 705 initium
893 656 959 704 anni
974 658 1032 705 tarn
1050 653 1140 704 civilis
1163 667 1246 719 quam
1261 655 1349 719 sacri,
1365 667 1502 720 suamque

174 745 380 796 solemnitatem
400 743 521 794 habebat
539 742 575 793 ab
596 744 720 808 antiquis
739 747 888 806 statutam,
902 755 986 807 quam
1006 742 1081 794 Deus
1100 743 1190 792 noluit
1211 742 1358 807 abrogare.
1377 741 1502 794 Saneivit

173 845 251 897 ergo,
268 846 302 884 eo
317 833 362 884 die
375 849 387 880 ι
398 835 430 882 ut
440 832 515 883 tubis
529 831 725 896 clangentibus
738 832 866 883 homines
880 834 962 896 quasi
976 843 991 882 e
1005 844 1105 882 somno
1119 832 1309 882 exaltarentur
1324 847 1336 878 r
1352 829 1451 898 (lans.)
1466 832 1502 883 ad

173 921 331 973 divinorum
349 918 549 972 beneficiorum
567 919 800 972 recordationem.
817 920 872 980 Qui
890 933 964 980 mos,
979 933 1042 970 curn
1061 925 1167 972 assata
1185 919 1341 970 maioribus
1357 923 1499 985 aceeptus,

174 1012 203 1061 b.
217 1010 237 1060 l.
254 1011 410 1062 accuratius
423 1022 483 1061 non
496 1009 663 1074 explicatur.

217 1197 249 1242 v.
267 1181 309 1241 23
332 1201 349 1235 u
366 1176 581 1264 Locutusque
603 1185 652 1240 est
669 1174 837 1240 Dominus
855 1173 904 1240 ad
920 1175 1061 1262 Moysen
1080 1171 1195 1239 dicens
1212 1200 1228 1234 n
1251 1192 1258 1239 :
1282 1195 1313 1239 v.
1332 1179 1374 1241 23
1396 1201 1412 1234 «
1433 1176 1501 1239 Lo-

173 1303 275 1371 quere
288 1279 373 1370 pitis
388 1280 496 1347 Israel
510 1301 522 1347 :
538 1284 652 1347 Mense
665 1279 826 1370 septimo,
837 1279 956 1370 prima
972 1277 1028 1346 die
1050 1278 1174 1346 mensis
1188 1278 1252 1345 erit
1267 1278 1361 1345 vobis
1379 1281 1499 1346 sabbo-

173 1399 247 1453 tum
273 1415 302 1469 n,
324 1425 368 1436 -
392 1409 462 1453 uon
488 1401 562 1450 nau
586 1387 645 1453 sed
665 1400 780 1478 trube,
797 1386 950 1476 requies,
970 1385 1166 1453 solemnitas
1191 1425 1233 1436 -
1260 1385 1497 1453 «memoriale

172 1493 410 1583 clanpentibus
427 1492 516 1560 iubis
541 1520 571 1574 »,
587 1530 632 1544 -
650 1493 699 1559 iia
711 1492 861 1580 iungunt
874 1494 966 1558 LXX
978 1493 1056 1581 Syr.
1064 1512 1079 1573 ;
1096 1492 1150 1558 vel
1164 1514 1242 1558 oum
1261 1491 1360 1581 Vulp.
1387 1493 1495 1579 iunge

170 1595 367 1667 solemnitas
390 1598 601 1666 memorialis
624 1597 862 1686 clanqentibus
884 1599 985 1682 tubis,
1011 1602 1045 1664 et
1067 1598 1114 1664 sic
1138 1596 1259 1665 melius
1287 1597 1496 1688 perspicitur

171 1708 256 1774 ratio
272 1705 461 1795 adscriptae
480 1705 572 1771 vocis
586 1719 701 1797 tinam,
718 1727 805 1793 quae
819 1727 914 1772 secus
929 1705 985 1770 vix
1004 1703 1100 1771 aliud
1115 1703 1197 1778 dicit
1211 1726 1314 1794 quam
1330 1728 1361 1770 v.
1379 1711 1423 1771 25
1443 1726 1498 1772 re·

170 1811 287 1900 quiem
306 1811 351 1878 ab
373 1834 479 1900 opere
494 1811 610 1878 servili
623 1849 669 1862 --
684 1839 701 1873 u
718 1823 751 1878 et
765 1810 939 1878 vocabitur
955 1822 1113 1878 sanctum
1130 1838 1160 1878 ».
1183 1813 1286 1884 Hebr,
1304 1811 1459 1879 obsolute
1489 1834 1497 1876 :

171 1917 289 1984 concio
306 1939 418 1998 sacra,
434 1940 480 1984 so.
498 1918 574 1986 erit.
592 1941 624 1984 v.
643 1924 685 1985 23
703 1946 718 1979 «
739 1919 846 1984 Omne
860 1939 944 2007 opus
962 1915 1082 1984 servile
1097 1940 1166 1984 non
1183 1916 1319 2006 [arietis
1333 1918 1369 1984 in
1392 1939 1446 2000 eo,
1465 1930 1497 1983 et

171 2024 322 2114 offeretis
340 2023 580 2091 holocaustum
598 2023 746 2090 Domino
768 2051 799 2091 ».

511 2263 543 2323 5.
560 2254 640 2322 Dies
658 2254 866 2346 enpiationis
881 2260 959 2322 Lar.
977 2260 1153 2336 232632.

205 2462 247 2513 De
266 2461 311 2512 die
333 2462 502 2525 expiationis
521 2461 556 2514 ci.
572 2475 644 2526 quae
662 2462 823 2524 dicebamus
841 2462 877 2514 ad
899 2461 977 2524 ib,29
996 2475 1057 2526 sqq.
1073 2462 1118 2526 (ci.
1135 2463 1202 2514 item
1221 2462 1305 2513 Num.
1327 2461 1389 2520 iai
1404 2460 1491 2526 sqq).

168 2563 196 2600 v.
208 2551 251 2611 27,
267 2551 309 2601 uti
329 2551 412 2601 etiam
431 2565 458 2600 v.
476 2551 520 2613 39,
537 2551 643 2602 orditur
663 2552 699 2601 ab
716 2551 848 2602 adverbio
867 2559 925 2632 qu,
942 2551 1015 2616 quod
1037 2553 1135 2603 reticet
1152 2551 1228 2614 Vutp.
1243 2551 1315 2602 iliud
1330 2551 1495 2602 vertendum

168 2641 224 2701 eat,
240 2641 282 2689 uti
297 2638 367 2691 (ian.
383 2639 463 2700 lats
479 2643 532 2692 eto.
548 2653 555 2688 ε
569 2640 698 2705 protana,
714 2640 883 2704 denotatque
902 2652 962 2690 rem
983 2653 1000 2690 a
1021 2640 1081 2690 Deo
1101 2641 1249 2702 specialius
1272 2641 1414 2690 inculcari.
1438 2639 1495 2692 Cur

167 2728 332 2793 specialius?
345 2729 495 2780 Proniores
508 2727 627 2779 tortasse
641 2733 721 2778 erant
736 2728 856 2778 Hebraei
870 2728 906 2778 ati
922 2729 995 2776 hanc
1009 2729 1199 2790 explationem
1212 2727 1405 2787 omittendam,
1420 2740 1491 2790 quos

166 2830 194 2866 v.
208 2816 242 2867 32
261 2816 355 2880 prodit
373 2818 508 2867 ieiunium
527 2817 702 2876 decuriasse,
719 2820 749 2866 ut
770 2816 815 2865 die
833 2817 955 2866 naturali
975 2828 992 2865 a
1012 2827 1095 2865 mane
1114 2815 1149 2865 ad
1167 2828 1328 2880 vesperam,
1350 2828 1407 2865 non
1426 2827 1494 2866 vero
1583 2865 1587 2872 ,

166 2905 241 2954 civili
252 2911 281 2955 et
294 2905 428 2966 religioso
442 2917 460 2954 a
473 2916 592 2967 vespera
606 2903 642 2953 ad
655 2915 802 2966 vesperam
814 2902 1015 2966 affligerentur.
1033 2903 1167 2954 Similiter
1179 2917 1205 2953 v.
1221 2903 1255 2955 39
1270 2904 1368 2968 incipit
1381 2916 1488 2968 appeu-

166 2992 214 3041 din
232 2992 327 3054 aliqua
344 2990 380 3041 ad
398 3005 426 3042 v.
447 2991 546 3052 34-36,
567 3004 639 3056 quae
659 2996 690 3042 ut
714 2993 916 3055 exprimeretur
939 2993 1065 3056 aequalis
1087 3005 1151 3042 cum
1172 2991 1405 3057 praecedentibus
1428 3004 1491 3042 esse

165 3080 314 3140 momenti,
331 3079 421 3144 potuit
433 3079 508 3130 idem
521 3080 590 3131 iliud
604 3081 767 3131 adverbium
781 3080 912 3145 praefigi.

210 3248 243 3292 v,
265 3231 308 3292 26
327 3253 343 3287 «
360 3230 576 3317 Locutusque
591 3241 640 3294 est
656 3229 821 3295 Dominus
835 3227 883 3296 ad
896 3231 1037 3318 Moysen
1051 3228 1167 3296 dicens
1184 3257 1200 3291 n
1223 3249 1230 3293 :
1252 3234 1295 3294 27
1312 3257 1327 3290 s
1350 3228 1487 3294 Decimo

165 3331 222 3399 die
232 3332 359 3399 mensis
368 3332 471 3399 buius
484 3333 622 3424 septimi
633 3332 707 3401 dies
716 3334 954 3425 expiationum
966 3336 1032 3402 erit
1045 3335 1292 3419 celeberrimus,
1308 3346 1341 3401 et
1352 3332 1488 3401 uocabi-

165 3451 221 3506 tur
232 3451 368 3507 sanctus
384 3468 401 3502 n
421 3461 429 3508 :
447 3479 491 3491 -
502 3439 607 3508 Hebr.
624 3463 637 3505 .·
652 3441 769 3508 concio
781 3464 879 3510 sacra
895 3441 965 3532 ipse
980 3442 1045 3509 erit
1058 3441 1150 3509 vobis
1162 3481 1206 3492 -
1222 3469 1237 3503 u
1256 3440 1489 3532 afllipetisque

163 3547 433 3614 animasoestros
448 3547 485 3613 in
499 3569 548 3631 eo,
563 3559 597 3616 ct
614 3547 1012 3638 offeretisltolocaustum
1022 3548 1167 3616 Domino
1189 3575 1219 3614 ».
1239 3571 1269 3616 v.
1288 3555 1330 3616 28
1346 3576 1362 3610 u
1384 3549 1490 3616 Omne

165 3674 249 3743 opus
262 3652 405 3743 [seruile]
417 3654 632 3741 nonfacietis
644 3655 840 3746 intempore
853 3654 926 3722 diei
936 3654 1037 3722 buius
1050 3683 1080 3737 »‚
1093 3694 1137 3705 -
1149 3657 1251 3723 Hebr.
1266 3676 1279 3720 .·
1288 3655 1325 3722 in
1340 3654 1413 3745 ipso
1429 3653 1490 3720 boc

165 3757 231 3826 die.
247 3763 393 3842 utnon,
409 3765 485 3849 post
499 3749 607 3825 casin
622 3782 692 3827 non
706 3761 828 3828 haberi
843 3776 928 3830 aruit
942 3761 998 3852 (cf.
1017 3784 1049 3829 v.
1066 3768 1086 3827 'i
1100 3783 1150 3851 sq.
1169 3767 1224 3828 21.
1242 3762 1312 3851 25),
1329 3782 1413 3848 ergo
1429 3782 1491 3849 pro

164 3866 230 3932 hoc
244 3865 327 3931 sesto
338 3865 475 3952 iniungi
489 3867 644 3956 requiem
658 3868 773 3934 stricte
782 3868 1016 3951 sabbatinam,
1032 3874 1070 3935 ui
1084 3869 1151 3934 hoc
1165 3868 1289 3934 festum
1303 3891 1335 3934 v.
1358 3873 1401 3933 32
1418 3887 1487 3932 me-

164 3971 231 4037 rito
245 3969 379 4039 dicatur
395 3985 500 4064 pinati
514 3990 589 4037 niu
607 4011 652 4024 -
670 4003 685 4035 «
703 3973 787 4060 quia
798 3973 871 4040 dies
878 3974 1141 4065 propitiationis
1153 3987 1216 4058 est,
1232 3987 1270 4041 ut
1282 3973 1491 4064 propitietur

144 4075 256 4144 ‘uobis
268 4077 434 4146 Dominus
453 4081 544 4147 Deus
558 4091 667 4146 nester
682 4108 711 4145 n.
725 4103 758 4146 v.
776 4086 818 4147 29
839 4108 855 4143 «
877 4081 996 4148 Omnis
1008 4083 1143 4163 anima,
1161 4103 1251 4171 quae
1265 4080 1402 4168 afflicta
1420 4101 1490 4146 non

160 4183 267 4271 fuen't
285 4183 341 4250 die
355 4185 431 4259 bac.
446 4185 578 4275 peribit
592 4185 633 4253 de
644 4186 786 4277 populis
807 4187 879 4254 suis
895 4213 925 4270 n,
944 4211 976 4255 v.
994 4193 1037 4254 30
1059 4215 1075 4248 a
1096 4200 1129 4255 et
1149 4210 1238 4277 quae
1256 4187 1367 4278 operis
1388 4186 1490 4278 quip-

160 4288 258 4378 piam
274 4290 413 4377 [eoerit,
436 4291 552 4359 delebo
570 4314 645 4360 eam
669 4292 711 4359 de
723 4293 855 4384 populo
876 4317 937 4360 suo
959 4321 988 4363 ».
1006 4316 1038 4362 v.
1062 4301 1101 4361 31
1128 4321 1144 4356 a
1165 4293 1266 4362 Nibil
1283 4316 1361 4384 erqo
1380 4294 1490 4384 operis

157 4397 296 4485 facietis
312 4398 349 4464 in
360 4405 401 4464 ‘eo
417 4419 430 4463 .·
446 4399 640 4488 lepitimum
654 4398 898 4490 sernpiternum
916 4401 981 4468 erit
994 4400 1087 4467 uobis
1104 4401 1140 4467 in
1156 4401 1288 4467 cunctis
1301 4400 1494 4490 pancratio-

162 4504 259 4570 nibus
278 4514 310 4569 et
329 4502 601 4571 habitationibus
620 4506 736 4573 vestris
757 4535 787 4573 n.
815 4531 847 4574 v.
871 4513 914 4573 32
939 4537 953 4570 «
974 4508 1160 4575 Sabbatum
1179 4507 1401 4598 requietionis
1420 4519 1485 4586 est,

163 4621 196 4676 et
210 4609 385 4707 asstipetis
410 4613 543 4677 animas
561 4623 688 4679 uestras
707 4612 764 4680 die
781 4636 871 4680 nono
891 4614 1016 4680 nensis
1038 4643 1053 4673 »
1075 4636 1207 4704 uespere
1232 4615 1362 4704 (vocem
1382 4613 1486 4679 omit-

163 4720 238 4783 tunt
262 4716 358 4805 Vulp.
382 4717 502 4807 LXX);
522 4745 538 4778 «
555 4741 577 4786 o
596 4741 733 4810 uespera
752 4718 921 4810 usquead
937 4741 1109 4811 vesperam
1123 4719 1335 4789 celebrabitis
1351 4719 1491 4787 sabbata
