3534 5384
715 381 764 425 rx.
788 367 883 438 3633
903 383 968 435 soe.
1450 372 1510 431 273

180 539 265 607 quae
288 515 384 604 ipsae
410 514 548 606 quidem
574 513 762 584 deauratae
781 529 902 597 eruut,
923 528 955 582 et
978 515 1149 586 habebunt
1169 519 1284 608 cupita
1305 542 1430 603 aurea,
1451 521 1512 588 sed

179 625 273 690 bases
287 633 468 712 arqcuteas
485 649 515 689 ».
531 637 555 686 n
571 644 640 688 non
656 629 707 690 est
721 634 827 712 captet
838 644 898 691 seu
916 621 1115 713 capitellum
1136 623 1363 716 (extirpa),
1382 627 1444 695 sed
1461 633 1511 696 est

178 728 310 813 demtis,
333 750 355 796 a
374 751 442 818 quo
461 727 576 796 velum
597 728 825 818 dependebat.
849 734 977 796 lamen
992 729 1140 796 adfuisse
1160 729 1265 799 eliam
1280 731 1459 822 capitella,
1477 740 1511 800 et

179 835 318 924 quidem
328 838 502 920 argentea,
520 834 644 922 collige
656 857 698 901 ex
711 833 765 917 iis,
782 857 871 924 quae
886 835 973 904 adv.
991 835 1257 904 iudicabamus.
1274 860 1307 903 v.
1325 844 1367 905 33
1387 865 1403 898 a
1419 841 1510 908 tuse-

179 953 275 1008 retur
288 953 403 1008 autem
416 943 528 1008 celum
540 963 603 1032 per
618 939 763 1008 circulos
779 968 794 1002 »
818 942 871 1026 (of.
889 963 922 1008 v.
938 941 984 1032 6),
1003 981 1048 992 -
1062 945 1165 1010 Hebr.
1186 965 1199 1008 .·
1208 965 1318 1034 parces
1333 943 1430 1034 iufra
1445 946 1511 1012 cir·

179 1047 271 1115 culos
285 1085 331 1098 -
347 1075 363 1109 κ
383 1047 476 1116 iutra
493 1047 587 1138 quad
599 1069 706 1136 partes
720 1069 837 1114 arcam
862 1048 1050 1115 testimonii
1056 1099 1066 1130 ,
1085 1071 1153 1138 qrco
1173 1060 1206 1114 et
1219 1049 1458 1118 sanctuarium
1479 1063 1511 1117 et

179 1154 373 1222 sanctuarii
384 1154 585 1222 sanctuaria
599 1153 798 1221 dividentur
814 1182 845 1221 ».
863 1155 972 1223 Etiam
995 1153 1033 1221 in
1047 1155 1114 1222 hoe
1128 1155 1238 1222 simile
1261 1161 1336 1224 erat
1350 1162 1509 1226 sanctua-

179 1261 268 1328 rium
285 1261 516 1329 Hebraeorum
530 1260 668 1351 templis
681 1262 930 1350 Aegyptiorum
948 1282 956 1328 :
978 1264 1015 1330 τὰ
1026 1269 1061 1330 ’δὲ
1077 1269 1168 1330 ἄδυτα
1187 1272 1430 1350 πεποικιλμένοις
1447 1273 1510 1334 ἐπι-

180 1373 328 1448 σκιάζεται
343 1376 471 1448 artelea
486 1367 607 1457 (Clam.
625 1367 724 1434 Alea.
742 1367 890 1454 Poedag.
910 1373 965 1435 Ill.
984 1373 1022 1450 l;
1039 1369 1087 1434 M.
1106 1375 1138 1437 8.
1156 1369 1246 1458 560).

216 1576 294 1634 Quae
308 1575 392 1626 luerit
406 1577 496 1626 sancti
509 1580 538 1626 et
552 1576 642 1625 sancti
660 1580 822 1625 sanctorum
835 1574 996 1639 longitudo,
1013 1587 1071 1626 non
1089 1575 1258 1628 edocemur:
1273 1590 1346 1640 quae
1366 1578 1389 1628 si
1404 1580 1510 1628 extrin-

179 1678 259 1716 secus
278 1664 520 1725 mensurabantur,
536 1664 678 1714 habebant
692 1664 776 1714 simul
791 1663 998 1727 longitudinem
1018 1665 1147 1728 triginta,
1164 1665 1343 1716 latitudinem
1363 1665 1509 1718 duodecim

179 1753 335 1804 cubitorum
348 1749 384 1819 (r.
401 1752 432 1802 16
449 1751 534 1817 squ).
550 1752 664 1803 Salonio
679 1757 778 1803 saneto
792 1754 951 1803 sanctorum
969 1752 983 1803 3
999 1753 1070 1816 ch.
1088 1753 1152 1813 636
1168 1752 1232 1804 cubi
1246 1753 1365 1804 lormam
1384 1755 1511 1806 tribuens

179 1843 279 1895 merito
302 1846 432 1892 censetur
452 1854 581 1892 servasse
603 1843 801 1905 proportiones
820 1854 838 1890 a
856 1841 952 1904 Moyse
973 1841 1100 1891 traditas.
1115 1841 1191 1905 Ergo
1209 1854 1272 1892 cum
1294 1841 1370 1906 adyti
1391 1842 1511 1894 latitudo

179 1930 263 1982 luerit
276 1924 423 1981 duodecim
434 1930 590 1981 cubitorum
605 1929 630 1991 (8
649 1933 677 1990 ><
691 1928 736 2007 ᾗ),
751 1929 900 1980 tribuenda
914 1929 1006 1980 cidem
1021 1931 1074 1979 erit
1088 1931 1174 1980 etiam
1191 1930 1338 1982 duodecim
1353 1931 1511 1984 cubitorum

179 2019 340 2083 longitudo,
355 2020 563 2082 manebuntque
582 2031 633 2083 pro
647 2023 746 2069 sancto
760 2017 947 2081 longitudinis
965 2017 1051 2068 cubiti
1066 2018 1231 2070 octodecim.
1246 2019 1345 2080 Dices,
1362 2033 1453 2084 neque
1471 2022 1512 2072 sic

180 2108 278 2159 haberi
296 2108 411 2168 cubum,
428 2121 492 2158 cum
506 2108 659 2172 parietibus
680 2120 706 2157 v.
726 2106 759 2157 10
778 2118 836 2156 nou
857 2106 1020 2168 duodecim,
1037 2105 1087 2158 sed
1106 2107 1202 2159 decem
1217 2109 1374 2158 cubitorum
1393 2108 1510 2160 altitudo
1604 2156 1613 2177 ,

181 2197 326 2248 tribuatur.
341 2197 396 2247 sed
417 2196 545 2257 adverte,
561 2194 702 2247 altltudini
718 2195 784 2246 addi
798 2197 928 2257 oportere
942 2195 1026 2246 bases
1041 2208 1093 2246 seu
1109 2208 1227 2246 coronas
1241 2195 1387 2247 tabuiis'et
1401 2197 1511 2248 subter·

181 2287 288 2348 positas
301 2288 329 2335 et
348 2286 505 2349 impositas,
526 2284 745 2335 subtrahendam
763 2295 831 2334 voro
850 2296 912 2333 esse
931 2285 989 2334 tam
1008 2297 1025 2333 a
1043 2284 1218 2346 longitudine
1235 2297 1320 2348 quam
1334 2298 1351 2334 a
1366 2285 1512 2336 latitudine

182 2373 339 2424 tabularum
358 2373 579 2424 crassitudinem.
597 2373 676 2432 Quae
692 2373 717 2423 si
733 2372 862 2424 attendas
881 2373 989 2435 omnia,
1005 2373 1084 2423 nulia
1102 2385 1156 2436 ope
1175 2373 1276 2423 cubum
1295 2373 1509 2425 demonstrabis.

183 2462 306 2513 Habebis
317 2464 402 2513 etlam
416 2462 500 2522 iilud,
512 2464 553 2512 uti
567 2463 596 2512 ln
611 2462 716 2527 templo
730 2462 905 2520 Salomonis,
922 2463 961 2511 ita
972 2463 1001 2511 in
1014 2463 1174 2513 sanctuario
1189 2462 1293 2526 Moysis
1307 2463 1512 2528 longitudinem

183 2552 272 2601 sancti
288 2551 401 2615 duplam
413 2550 501 2602 luisse
513 2549 698 2613 longitudinis
712 2552 802 2601 sancti
816 2555 988 2602 sanctorum.

218 2639 290 2691 Cum
303 2653 388 2704 porro
406 2640 558 2691 sanctuarii
575 2646 603 2689 et
620 2639 740 2689 latitudo
759 2641 932 2689 extrinsecus
953 2641 1114 2690 mensurata
1133 2620 1161 2689 lt
1179 2639 1297 2690 altitudo
1318 2639 1422 2690 luerint
1441 2640 1512 2692 duo-

183 2729 272 2779 decim
294 2729 464 2790 cubitorum,
481 2729 508 2779 et
527 2734 685 2791 tapetorum
706 2729 762 2776 tam
780 2728 857 2790 byssi
877 2739 962 2791 quam
981 2740 1113 2791 sagorum
1137 2727 1284 2791 longitudo
1308 2727 1391 2779 luerit
1411 2730 1512 2792 viginti

183 2819 245 2868 octo
259 2822 287 2869 et
301 2819 416 2881 triginta
430 2817 596 2877 cubitorum,
612 2821 689 2881 patet
703 2821 799 2880 tapeta
812 2816 926 2878 byssina
942 2816 1018 2866 solas
1033 2815 1189 2866 altitudinis
1204 2816 1274 2867 duas
1291 2818 1387 2868 terties
1404 2821 1509 2880 partae,

183 2908 202 2955 i.
218 2920 243 2957 e.
260 2908 323 2956 octo
341 2908 480 2970 utrimque
496 2906 605 2956 cubitos
624 2907 783 2967 operuisse,
803 2905 898 2966 tapeta
916 2917 1048 2968 sagorum
1067 2910 1124 2955 tres
1145 2909 1259 2968 quartas
1278 2906 1385 2969 partes,
1402 2906 1511 2957 cubitos

183 2996 323 3058 utrimque
335 3007 450 3055 novem,
466 2995 554 3046 solae
568 2994 689 3057 pellibus
703 2993 876 3056 operimenta
889 2992 925 3042 ad
937 2994 1054 3042 humum
1068 3006 1157 3057 usque
1172 3006 1202 3043 se
1218 2993 1373 3044 demisisse.

229 3199 261 3242 v.
284 3183 327 3244 31
345 3204 361 3237 ι
377 3180 488 3243 Partes
509 3189 542 3242 et
559 3175 841 3266 propitiatorium
864 3197 967 3264 semer
985 3197 1102 3241 arcum
1129 3174 1318 3242 testimonii
1340 3175 1376 3241 ia
1396 3157 1512 3242 saucio

184 3294 382 3351 sauctorum
398 3310 433 3366 c,
451 3305 484 3350 v.
502 3290 543 3351 35
561 3312 576 3343 ι
593 3304 812 3372 mensamque
824 3293 921 3347 eatra
938 3280 1066 3364 calcem,
1085 3293 1117 3347 et
1129 3279 1249 3348 contra
1266 3304 1418 3348 cucusam
1434 3305 1513 3350 cau-

175 3389 362 3458 delabrum
378 3389 416 3455 iu
431 3389 537 3456 latere
550 3387 765 3456 tabernaculi
775 3385 989 3472 meridiauo;
1003 3409 1119 3454 measa
1137 3387 1230 3454 euim
1243 3387 1347 3454 stabit
1364 3388 1401 3454 iu
1413 3403 1512 3479 parte

184 3494 357 3586 aquilcuis
372 3524 402 3563 ».
425 3518 457 3562 v.
479 3501 522 3562 36
540 3523 556 3558 «
575 3494 695 3563 Facies
715 3508 749 3562 et
763 3493 949 3561 tentorium
967 3522 1001 3574 »,
1018 3516 1078 3561 seu
1092 3494 1206 3583 potius
1224 3494 1355 3576 velum,
1374 3523 1390 3556 «
1406 3495 1444 3561 iu
1458 3497 1511 3562 iu-

142 3659 145 3663 ,
187 3602 292 3668 trcitu
306 3601 522 3670 taberuaculi
543 3630 559 3663 n
575 3641 619 3652 -
633 3590 713 3673 inu.
732 3624 815 3688 ergo
834 3600 947 3668 sancti
961 3639 1005 3650 -
1028 3628 1044 3662 (ι
1061 3599 1296 3689 dedpaciutdc
1313 3613 1344 3667 et
1356 3624 1512 3692 purpura

186 3730 350 3798 coccoque
367 3710 415 3775 bis·
438 3708 544 3775 tiuctc
560 3722 592 3775 et
615 3710 713 3797 bysso
732 3719 877 3788 retorta,
907 3729 1005 3797 opere
1023 3707 1193 3796 plumarii
1216 3735 1245 3774 ».
1275 3711 1347 3774 Non
1374 3707 1514 3775 additur

188 3813 391 3896 Chertcdim,
404 3838 516 3906 neque
537 3815 657 3883 artilex
674 3820 816 3882 vocatur
840 3829 912 3878 :uit
935 3813 978 3902 (v.
1008 3819 1039 3879 1.
1062 3813 1135 3902 31),
1156 3813 1217 3880 sed
1234 3827 1320 3906 opi:
1341 3836 1428 3903 qnae
1450 3837 1513 3880 vor

185 3927 340 3989 censetur
354 3944 432 3991 eum
456 3922 654 4008 designare,
676 3920 738 4010 qui
758 3919 846 3987 varii
869 3919 991 3986 eoloris
1005 3919 1082 3987 filos
1105 3925 1277 4002 contexat,
1302 3942 1372 3987 non
1395 3925 1512 3988 tamen

185 4029 329 4094 texendo
342 4027 507 4096 animalia
523 4033 582 4094 aui
600 4027 686 4095 alias
707 4048 761 4094 res
775 4027 931 4112 effingat.
952 4047 985 4092 v,
1008 4030 1051 4090 37
1068 4053 1083 4086 «
1106 4028 1151 4092 Et
1171 4026 1321 4116 quiaque
1337 4025 1513 4094 columitas·

186 4132 367 4200 deaurabis·
379 4135 555 4223 liquorum
566 4134 678 4215 setim,
692 4145 773 4199 aute
784 4155 868 4222 qum
879 4131 1023 4198 discetur
1035 4133 1236 4214 tentorium,
1250 4155 1397 4223 qztamtm
1413 4147 1515 4201 erum

186 4240 302 4330 capita
317 4253 462 4307 aurecet
474 4243 567 4307 bases
580 4263 707 4307 aeneae
724 4267 755 4306 c.
773 4241 873 4304 Hebe.
893 4260 905 4304 .·
919 4238 1078 4328 Etsacics
1090 4238 1161 4304 cela
1171 4240 1323 4329 quiaque
1339 4240 1515 4310 celerrimas

187 4347 301 4428 setim,
318 4367 404 4436 qttas
418 4347 614 4430 deaurabis,
639 4360 671 4412 et
687 4345 805 4414 bactros
822 4365 965 4430 aurcos·;
984 4357 1016 4412 et
1033 4344 1162 4434 scindes
1182 4345 1230 4428 cis
1252 4346 1404 4437 quiaque
1420 4348 1515 4415 bases

185 4474 309 4520 aeneas
328 4480 357 4518 ».
379 4453 489 4537 Dices,
506 4453 535 4520 si
554 4453 710 4543 quiaque
723 4458 858 4539 tantum
877 4453 973 4518 luere
989 4467 1100 4528 niatu,
1118 4473 1202 4537 ergo
1217 4475 1287 4520 non
1305 4460 1404 4520 erant
1420 4456 1515 4545 oapi-

185 4559 279 4641 tella,
298 4560 393 4650 quod
408 4566 458 4626 est
475 4560 619 4627 monstri
635 4559 757 4626 simile.
775 4557 841 4625 Sed
859 4557 1037 4648 capitella,
1057 4580 1146 4648 quae
1161 4559 1196 4625 h.
1219 4558 1242 4625 l.
1261 4559 1511 4643 desiderantur,

187 4666 295 4733 habes
308 4673 423 4751 36‚38‚
445 4671 610 4756 erantque
624 4666 685 4733 illa
703 4665 879 4733 deaurata.
897 4665 1058 4731 -Plura
1073 4672 1148 4754 post
1166 4688 1197 4732 v.
1221 4672 1263 4733 35
1277 4665 1398 4734 inserit
1417 4669 1511 4734 Sam.

188 4794 207 4838 e
227 4777 366 4858 rsa-11
382 4778 607 4862 transumpta.

582 4900 758 4938 auunculum.
775 4913 807 4923 -
823 4899 849 4936 ut
865 4899 907 4936 nx.
926 4897 956 4935 nr
972 4897 1027 4936 tur.
1045 4911 1077 4925 -
1095 4890 1122 4937 18
