3534 5384
748 386 797 431 ux.
823 371 916 439 mro
937 386 1000 439 soc.
1480 374 1538 433 293

206 520 313 588 fiebat
330 520 366 587 in
383 518 605 602 holocaustis,
622 519 691 586 sive
710 520 755 587 ad
769 518 1026 609 deprecandum
1047 523 1151 586 Deum
1169 519 1223 586 vel
1235 520 1267 586 ei
1284 520 1415 606 gratias
1432 542 1538 609 agen-

208 628 308 708 dum,
322 631 362 694 ut
377 626 413 693 in
435 624 587 715 pacificis
605 631 639 693 et
661 625 834 694 sacrificiis
853 626 981 707 laudis,
999 626 1069 692 sive
1088 626 1133 692 ad
1147 631 1326 716 peccatum
1345 650 1443 693 suum
1459 649 1539 717 pec-

209 734 344 823 catique
367 753 517 822 poenam
541 731 795 823 quodammodo
817 732 854 799 in
882 732 1057 799 victimam
1076 732 1367 817 transferendam,
1387 739 1425 800 ut
1444 733 1481 801 iit
1501 734 1539 800 in

208 839 318 908 hostia
337 861 401 929 pro
416 843 555 928 peccato
575 867 593 901 n
610 838 773 928 (densa).
791 839 839 906 cf.
856 837 1053 906 Theodorei.
1071 860 1103 906 v.
1122 847 1160 907 11
1179 866 1195 900 e
1216 840 1263 906 Et
1281 840 1445 907 mactatis
1462 862 1538 906 enm

209 947 247 1012 in
270 958 449 1035 conspectu
472 944 630 1025 Domini,
653 944 753 1012 inste
779 946 904 1013 ostium
934 944 1147 1013 tabernaculi
1172 946 1360 1013 testimonii
1384 974 1415 1014 n.
1438 970 1470 1012 v.
1497 952 1538 1013 12

210 1081 226 1115 «
245 1053 496 1142 sumptumque
516 1050 558 1118 de
577 1052 746 1141 sanquine
762 1051 865 1119 vituli
875 1075 983 1141 pones
996 1074 1098 1142 snper
1112 1074 1241 1119 cornua
1257 1052 1380 1120 ultoris
1395 1081 1411 1115 s
1427 1052 1534 1141 (2'b2)

210 1186 226 1221 «
245 1156 356 1247 dr'pito
373 1170 430 1224 neo
446 1187 475 1225 ».
494 1162 589 1226 liunc
603 1158 708 1227 ritum
722 1157 971 1249 interpretare,
995 1160 1043 1225 uti
1060 1160 1165 1226 ritum
1182 1164 1261 1242 aba
1279 1180 1287 1228 :
1305 1180 1463 1248 aspersus
1486 1160 1536 1225 vel

208 1266 316 1333 illitus
342 1264 481 1351 sanguis
499 1265 795 1335 confirmationem
810 1264 957 1332 foederis
972 1265 1194 1354 exprimebat.
1212 1269 1279 1332 Nec
1295 1264 1537 1333 difficultatem

208 1372 304 1457 iacit,
324 1369 418 1461 quod
433 1370 552 1439 obiicit
573 1373 675 1454 Tusa,
691 1355 859 1439 eiusmodi
877 1371 1173 1440 confirmationem
1193 1370 1350 1439 debuisse
1373 1393 1446 1439 esse
1465 1394 1537 1438 mu·

208 1487 303 1547 tuam
321 1478 517 1567 aspersione
533 1478 586 1544 vel
598 1476 746 1545 illitione
764 1499 834 1544 non
845 1477 964 1557 solius,
982 1478 1042 1568 qui
1056 1482 1162 1545 Deum
1175 1478 1470 1569 repraesentabat,
1489 1478 1539 1543 al-

208 1584 291 1652 taris
308 1583 487 1651 sedetiam
505 1583 640 1673 populi.
657 1588 741 1652 Nam
762 1584 914 1673 primum
928 1584 966 1651 in
984 1584 1227 1652 hocsacrificio
1247 1606 1279 1651 v.
1297 1591 1338 1651 20
1355 1608 1406 1675 sq.
1424 1589 1537 1652 Aaron

209 1692 312 1759 etiam
326 1695 360 1757 et
377 1690 442 1757 filii
465 1690 634 1777 sanguine
659 1690 831 1758 liniuntur
844 1697 878 1758 et
897 1695 1144 1781 asperguntur,
1161 1690 1241 1758 dein
1252 1690 1422 1785 eiusmodi
1435 1691 1538 1757 sacri-

208 1798 288 1866 ficia
302 1820 372 1864 non
386 1803 466 1865 sunt
479 1796 617 1884 singula
635 1798 776 1865 seorsim
791 1797 984 1887 pensanda,
1007 1796 1068 1865 sed
1083 1803 1262 1887 tamquam
1282 1801 1375 1865 acius
1390 1798 1539 1864 universi

209 1905 320 1972 cultus
338 1903 497 1980 mosaici,
517 1904 555 1971 in
578 1926 647 1994 quo
666 1895 786 1971 fideles
804 1926 945 1993 quoque
971 1902 1065 1970 haud
1084 1925 1162 1970 raro
1185 1904 1352 1991 sanguine
1373 1924 1539 1992 asperge-

209 2011 351 2093 bantur3
371 2010 511 2077 tandem
528 2008 607 2076 initi
624 2009 770 2078 foederis
783 2010 998 2077 confirmatio
1014 2010 1121 2077 multo
1132 2010 1346 2100 frequentius
1364 2009 1409 2076 ab
1423 2009 1539 2076 homi·

208 2118 310 2185 nibus
331 2124 454 2185 natura
475 2115 751 2184 inconstantibus
770 2116 978 2206 praestanda
993 2123 1066 2183 erat
1081 2120 1164 2200 Deo,
1179 2138 1283 2207 quam
1299 2114 1501 2183 hominibus
1519 2138 1539 2181 a

209 2229 291 2305 lieo,
310 2224 406 2291 cuius
419 2222 528 2289 verba
544 2229 685 2290 manent
698 2222 733 2289 in
753 2230 944 2291 aeternum.
964 2251 980 2285 «
1002 2223 1183 2313 Reliquum
1197 2234 1314 2289 nutem
1328 2222 1537 2312 sanquinem

206 2328 330 2418 scindes
343 2328 443 2396 iente
459 2329 567 2396 basim
586 2329 658 2395 eins
671 2356 706 2411 n,
727 2356 743 2390 «
759 2328 857 2396 illam
873 2334 985 2396 terrac
999 2334 1151 2419 partem,
1175 2352 1262 2420 quae
1283 2329 1390 2397 altare
1408 2334 1540 2397 susten·

208 2436 304 2503 tabat
327 2463 343 2497 »
360 2434 523 2525 (Bmsn).
546 2438 618 2503 Non
641 2439 691 2501 est
709 2434 870 2517 dubium,
899 2435 1041 2526 aliquod
1057 2434 1230 2526 provisum
1250 2456 1321 2503 esse
1339 2438 1539 2524 receptacu-

210 2541 296 2625 lum,
312 2543 457 2609 fortasse
478 2542 590 2610 simile
615 2539 648 2607 ei
667 2540 762 2631 quod
782 2546 836 2610 liz.
856 2548 957 2623 a3,13
978 2541 1195 2625 describitur,
1216 2564 1284 2632 quo
1299 2542 1438 2629 sanguis
1457 2542 1539 2607 iun-

209 2650 358 2733 deretur,
370 2672 414 2716 ne
425 2649 517 2716 circa
527 2647 634 2715 altare
646 2654 838 2734 stagnaret;
848 2648 906 2715 sed
921 2670 999 2715 cum
1011 2648 1097 2715 illud
1106 2671 1132 2717 s,
1146 2653 1256 2716 textus
1272 2671 1340 2716 non
1353 2646 1536 2727 describat,

209 2779 320 2846 neque
337 2755 534 2845 interpretis
543 2758 609 2835 est,
627 2754 670 2821 de
686 2776 726 2821 eo
747 2754 937 2845 quidquam
952 2754 1136 2822 affirmare.
1156 2781 1172 2817 «
1195 2755 1336 2821 Ponitur
1351 2754 1407 2821 hic
1422 2758 1539 2821 Aaron

209 2862 246 2929 in
257 2885 357 2930 censu
366 2861 519 2950 vulgaris
529 2861 663 2952 populi,
673 2882 713 2927 ac
725 2882 787 2927 sua
799 2884 863 2950 pro
877 2860 937 2926 illo
949 2860 1149 2949 expiationis
1160 2860 1271 2929 hostia
1285 2860 1436 2929 offertur.
1454 2865 1538 2926 Cum

211 2991 289 3036 vero
310 2968 347 3037 in
372 2990 545 3036 summum
563 2966 777 3035 sacerdotem
797 2966 923 3034 electus
940 2965 1024 3047 luit,
1046 2966 1197 3057 ipseper
1215 2988 1251 3034 se
1271 2965 1387 3034 intulit
1400 2986 1537 3033 sacrum

211 3096 365 3143 cruorem
375 3078 412 3143 in
419 3081 576 3144 sanctum
586 3073 623 3140 in
635 3073 820 3141 criminum
832 3095 973 3140 suorum
986 3072 1263 3163 ettotiuspopuli
1273 3073 1501 3163 expiationem
1522 3100 1537 3131 υ

213 3181 357 3269 (Celnr.,·
374 3184 416 3249 ci.
438 3189 514 3251 Lev.
538 3188 607 3262 b,5.
632 3180 700 3270 16).
723 3202 756 3245 v.
783 3186 823 3246 13
841 3206 857 3241 «
873 3180 994 3246 Snmes
1007 3192 1040 3247 et
1055 3177 1192 3269 udrpem
1208 3192 1335 3262 tolum,
1353 3180 1416 3269 qui
1428 3182 1539 3270 operit

210 3287 388 3373 enectine,
406 3302 439 3356 et
451 3287 634 3355 reticulum
648 3284 783 3369 iecoris,
800 3309 840 3352 ac
856 3284 940 3352 dnos
954 3308 1065 3370 renes,
1084 3298 1116 3352 et
1130 3284 1269 3375 adipem
1289 3286 1352 3376 qni
1366 3310 1467 3377 snper
1482 3313 1538 3355 eos

210 3408 273 3479 est,
290 3408 322 3462 el
339 3398 461 3485 offeres
475 3396 656 3461 incensum
671 3415 771 3483 super
784 3392 894 3460 altare
920 3421 951 3457 ».
968 3407 1034 3485 ‘inp
1054 3391 1212 3482 primitus
1231 3393 1274 3461 de
1302 3392 1440 3461 incenso
1457 3396 1539 3463 ado-

209 3500 310 3569 lendo
336 3509 535 3592 usurpatur,
563 3505 599 3567 at
620 3498 703 3565 inde
722 3498 825 3566 etiam
849 3498 892 3565 de
918 3498 1055 3565 victima
1078 3497 1330 3581 comburenda,
1351 3501 1444 3591 quod
1463 3502 1534 3568 sino

209 3608 345 3676 incenso
363 3632 431 3676 non
451 3607 568 3676 fiebat.
587 3605 743 3672 Solemne
758 3611 832 3673 erat
840 3605 990 3695 antiquis
1009 3604 1162 3695 populis,
1179 3629 1210 3672 v.
1233 3628 1267 3693 g.
1291 3608 1445 3691 Graecia,
1464 3609 1537 3675 adi-

209 3736 287 3803 pem
310 3722 488 3805 tamquam
511 3713 670 3780 victimae
696 3717 831 3801 partem
857 3711 1175 3780 excellentissimam
1205 3712 1363 3780 sacrificii
1388 3714 1535 3781 ilammis

210 3819 405 3902 absumere3
423 3821 483 3911 qui
496 3840 570 3886 mos
584 3819 759 3885 fortassee
775 3818 953 3907 primitiva
967 3818 1179 3885 revelatione
1188 3818 1295 3885 iluxit.
1310 3842 1342 3887 v.
1364 3827 1403 3888 lt
1421 3847 1437 3881 e
1458 3823 1538 3887 Cer-

210 3948 267 3993 nes
293 3949 370 3994 cero
395 3926 498 3992 uituli
518 3936 551 3991 et
570 3924 701 3992 soricem
720 3936 753 3990 et
763 3922 886 4013 fimum
901 3926 1074 3992 combures
1085 3924 1176 4014 foris
1195 3937 1291 3991 entra
1307 3938 1418 3992 cestre
1438 3954 1474 4007 n,
1496 3966 1539 3975 -

212 4061 228 4095 «
253 4035 379 4120 Figura
398 4032 522 4100 Christi
541 4037 590 4099 est
619 4059 635 4092 »
656 4031 738 4121 (Su,·
756 4032 799 4100 cl.
822 4030 923 4098 liebr.
947 4038 1043 4112 13,11
1066 4032 1173 4122 sqq).
1193 4034 1313 4120 Fitque
1334 4031 1476 4113 illud,.«
1502 4042 1537 4100 ut

209 4139 256 4207 sic
267 4139 492 4227 significetur,
513 4142 668 4228 peccata,
686 4159 774 4227 quae
788 4137 892 4227 capiti
913 4138 1041 4205 hostiae
1059 4138 1219 4227 imposita
1237 4138 1389 4219 fuerant,
1408 4145 1440 4207 et
1454 4163 1535 4229 poe-

209 4268 289 4312 nam
309 4266 427 4312 eorum
449 4243 494 4310 ab
511 4243 733 4311 offerentibus
749 4252 783 4310 et
801 4244 979 4333 republica
997 4244 1106 4311 averti
1125 4272 1141 4307 n
1165 4244 1282 4334 (lans.)
1299 4284 1344 4295 -
1361 4274 1376 4305 e
1394 4270 1431 4312 eo
1446 4247 1540 4337 qnod

202 4374 270 4441 pro
287 4363 432 4442 peccato
451 4350 495 4416 sit
516 4378 547 4416 ».
573 4353 675 4418 Heln.
696 4363 898 4441 peccalum,
918 4352 965 4416 ita
987 4351 1079 4418 enim
1097 4357 1263 4419 vocantur
1276 4350 1337 4419 illa
1351 4354 1533 4435 sacrificia,

209 4457 252 4525 de
267 4457 393 4546 quibus
406 4458 509 4545 plura
523 4455 567 4523 ad
585 4460 699 4525 Leni
722 4456 885 4524 dicemus.
905 4458 953 4523 Ci.
977 4464 996 4523 i
1016 4462 1089 4526 Cor.
1115 4465 1192 4539 531
1212 4481 1221 4526 :
1241 4486 1256 4519 s
1280 4480 1377 4543 eum,
1392 4461 1453 4549 qui
1470 4483 1537 4526 non

209 4570 350 4631 noverat
368 4568 561 4652 peccatum,
579 4586 642 4653 pro
656 4563 756 4631 nobis
770 4570 949 4653 peccatum
960 4566 1040 4632 iecit
1057 4594 1086 4633 n.

244 4734 318 4811 rip,
335 4728 363 4777 id
378 4726 452 4791 quod
467 4727 584 4777 intentus
601 4732 657 4787 est,
673 4728 814 4778 intestina.
830 4729 917 4779 Porro
939 4729 999 4779 sola
1018 4733 1123 4781 ventris
1138 4732 1272 4782 intestina
1292 4732 1382 4796 adipis
1399 4732 1485 4781 strato
1507 4733 1535 4780 in

210 4818 405 4867 mammaiibus
419 4815 616 4876 obvolvuntur,
632 4817 660 4865 et
678 4816 876 4867 intestinorum
891 4816 977 4880 adeps
992 4818 1020 4866 in
1036 4820 1171 4879 textibus,
1189 4822 1237 4885 qui
1253 4820 1287 4871 de
1302 4820 1447 4871 sacrificiis
1462 4825 1537 4878 sunt,
