3534 5384
705 393 770 435 rsv.
795 378 868 450 ata
890 392 951 443 sao.
1433 378 1490 437 su
1577 364 1613 455 J

163 527 216 593 nis
240 527 379 593 victima
400 528 508 616 (taeta)
535 527 605 593 sale
631 525 772 593 salietur
803 554 837 608 ιι,
861 531 895 592 et
911 530 967 592 ΕΖ.
993 530 1093 609 sapt
1114 525 1248 611 legatur
1262 526 1312 593 sal
1325 528 1490 594 sacrificio
1582 570 1584 575 -
1613 578 1618 587 ,

165 639 306 700 cruento
319 634 535 723 impositum.
550 638 676 699 Tamen
692 630 828 699 admitti
840 632 944 698 eliam
963 638 1074 722 potest
1089 632 1204 722 opinio
1221 632 1343 720 Calua,
1357 636 1491 702 tertiam
1586 688 1587 691 ,

165 741 433 830 expressionem,
451 738 532 806 licet
556 738 712 829 explicite
738 761 808 805 non
832 739 1069 825 restringatur,
1093 761 1193 806 sensu
1208 745 1323 807 tamen
1338 740 1494 808 similiter
1543 744 1555 765 ²
1587 754 1589 757 ’
1671 726 1756 809 ‘'a'*

166 852 269 935 atque
282 846 545 937 praecedentem
563 846 738 931 restringi,
753 850 933 935 totumque
949 866 1086 912 versum
1097 867 1167 912 esse
1183 846 1225 912 de
1238 846 1316 913 solis
1332 848 1491 929 minchis3
1588 856 1590 865 ’
1690 906 1720 937 ,
1736 834 1746 849 ’

166 952 259 1041 quod
274 975 353 1019 vero
374 952 581 1019 deminchis
598 952 865 1042 praescribatur,
882 952 921 1019 id
934 953 1115 1035 Hebraeos,
1133 954 1255 1020 etiure
1275 954 1433 1043 quidem,
1451 954 1496 1022 ad
1593 964 1596 985 “

166 1060 299 1148 reliqua
309 1058 475 1126 sacrificio
482 1058 682 1139 extendisse,
695 1081 843 1148 eumque
853 1080 953 1126 usum
968 1065 1141 1126 extentum
1152 1061 1320 1151 respicere
1330 1060 1416 1128 duos
1427 1068 1497 1128 tex·

168 1172 221 1233 tus
233 1165 401 1233 laudatos.
419 1166 517 1234 Ratio
530 1164 677 1232 adhibiti
694 1167 773 1232 salis
786 1166 974 1256 praecipua
989 1188 1031 1233 ea
1043 1188 1124 1233 sane
1140 1172 1200 1249 est,
1221 1196 1235 1228 a
1253 1167 1347 1256 quod
1361 1168 1497 1234 nullum

169 1273 364 1339 convivium
386 1272 517 1361 absque
536 1272 606 1339 sale
627 1271 752 1359 agitari
766 1272 893 1354 soleat,
906 1273 950 1338 ob
965 1272 1070 1362 idque
1094 1296 1157 1340 nec
1175 1274 1318 1341 decebat
1333 1275 1499 1341 sacrificia

170 1402 230 1446 seu
244 1378 303 1445 uei
316 1378 472 1446 convivia
488 1379 560 1445 siue
571 1401 611 1446 eo
624 1380 786 1469 apparari
803 1407 818 1438 a
843 1378 1009 1468 (Bausta).
1031 1379 1114 1445 Hine
1133 1380 1203 1446 lob.
1221 1388 1299 1458 titi:
1326 1410 1340 1441 «
1366 1388 1425 1449 aut
1439 1404 1499 1471 po-

169 1486 249 1552 terit
271 1485 406 1551 comedi
424 1486 610 1567 insulsum,
636 1485 729 1574 quod
748 1507 818 1551 non
838 1490 886 1552 est
901 1484 971 1551 sale
987 1485 1186 1554 conditum?
1205 1514 1221 1547 »
1239 1491 1415 1554 Praeterea
1434 1490 1496 1567 sal,

172 1590 265 1681 quod
279 1590 448 1681 impediat
462 1591 719 1681 corruptionem
736 1592 785 1679 (S.
802 1591 917 1658 Thone.
937 1599 969 1658 1²
984 1598 1030 1657 2⁸⁰
1046 1614 1079 1679 q.
1097 1598 1160 1657 tou
1177 1615 1208 1659 a.
1225 1600 1243 1658 3
1258 1593 1302 1659 ad
1316 1593 1389 1682 1t),
1405 1594 1499 1660 obla·
1588 1690 1589 1693 Ἴ
1661 1626 1669 1637 “-

170 1699 280 1765 tiones
291 1697 421 1764 diutius
433 1720 538 1789 puras
552 1698 808 1787 praeservabat.

206 1924 284 1974 Nihil
298 1928 471 1988 compertum
485 1924 622 1974 habemus
642 1923 677 1974 de
693 1925 753 1975 sale
770 1925 926 1987 antiquitus
946 1924 1146 1987 Aegyptiorum
1166 1924 1312 1976 sacrificiis
1327 1924 1462 1977 adhibito.
1477 1927 1501 1976 Α

173 2013 288 2065 Graecis
306 2015 335 2063 et
354 2012 489 2063 Romanis
507 2012 577 2063 illud
592 2012 788 2073 adhibebatur,
804 2012 854 2063 sed
869 2015 996 2075 tempore
1008 2012 1103 2075 Moyse
1120 2013 1205 2077 longe
1221 2014 1385 2064 recentiore.
1402 2014 1502 2063 Nullus

172 2102 271 2152 suadet
288 2103 394 2162 textus,
411 2102 501 2152 Deum
520 2103 585 2151 ante
604 2101 720 2163 Moysen
734 2101 777 2151 sal
797 2101 987 2151 adhibendum
1007 2101 1143 2152 Hebraeis
1164 2103 1317 2153 solemnius
1336 2104 1500 2163 inculcasse,

172 2192 259 2241 veluti
274 2190 394 2241 laederis
412 2191 534 2253 partem,
550 2190 615 2241 licet
634 2189 716 2239 iacile
735 2188 921 2240 concedamus
941 2190 1010 2239 illud
1030 2190 1063 2241 ab
1084 2190 1220 2241 Hebraeis
1239 2190 1365 2242 adhiberi
1384 2202 1503 2241 consue-
1573 2186 1575 2191 ’

172 2284 257 2332 visse.
272 2280 363 2331 iPar.
381 2278 711 2343 mancaepammus
728 2293 736 2327 :
754 2294 766 2327 ι
781 2280 825 2329 An
836 2281 985 2341 ignoratis,
998 2278 1072 2341 quod
1083 2280 1220 2329 Dominus
1235 2280 1310 2331 Deus
1321 2280 1408 2331 lsrael
1423 2280 1504 2330 dede·

173 2372 336 2431 ritregnum
349 2367 440 2417 David
453 2379 538 2429 super
548 2367 634 2417 Israel
649 2368 678 2416 in
692 2368 904 2431 sempiternum,
919 2370 972 2429 ipsi
985 2369 1012 2418 et
1025 2367 1089 2418 siliis
1103 2368 1173 2429 eius,
1186 2370 1214 2417 in
1228 2375 1335 2433 paetum
1345 2368 1504 2419 sulisisllt
1601 2386 1602 2389 ¹
1688 2338 1763 2433 il,

174 2458 257 2508 Num.
274 2457 351 2517 t8,i9
366 2457 506 2520 primitiae
520 2456 679 2507 scribuntur
694 2468 756 2506 esse
771 2454 963 2505 sacerdotibus
978 2468 1154 2507 concessae«
1171 2457 1346 2508 ordinatione
1358 2464 1503 2522 perpetua,

173 2547 267 2611 foedus
282 2545 349 2594 salis
364 2551 530 2608 perpetuum
549 2560 573 2595 s.
591 2543 700 2603 Quibus
718 2544 747 2592 in
766 2544 890 2593 textibus
908 2540 981 2594 idem
1000 2544 1188 2595 videturesse
1210 2546 1308 2596 ioedus
1327 2546 1407 2606 salis,
1422 2550 1506 2610 atque

175 2636 274 2686 foedus
294 2641 469 2697 perpetuum.
490 2633 649 2697 Apiumque
671 2634 866 2696 perpetuitatis
885 2633 1041 2695 symbolum
1061 2636 1103 2683 est
1127 2634 1184 2694 sal,
1205 2634 1279 2697 quod
1300 2638 1505 2699 corruptionem
1588 2632 1590 2639 ’

176 2731 260 2775 arcet.
276 2724 358 2787 Apud
375 2723 495 2781 Arabes,
510 2724 558 2785 qui
572 2733 629 2772 una
643 2727 793 2771 vescuntur
811 2734 884 2784 pane
904 2723 932 2771 et
948 2722 1021 2779 salo,
1036 2722 1117 2771 amici
1132 2730 1294 2783 censentur;
1312 2737 1347 2773 eo
1365 2726 1420 2773 ritu
1435 2726 1505 2773 ami-

176 2814 258 2865 citiae
272 2814 434 2874 iunguntur,
451 2823 535 2873 paens
549 2811 698 2870 ieriuntur;
715 2808 813 2858 foedus
832 2810 927 2858 inituri
942 2810 983 2859 sal
1003 2809 1116 2858 ensibus
1135 2811 1296 2873 impositum
1315 2815 1429 2873 gustant
1435 2826 1442 2871 ;
1459 2825 1505 2861 sa-

176 2915 254 2952 crum
268 2901 433 2965 praeprimis
448 2900 567 2948 liabetur
581 2898 680 2948 loedus
694 2898 761 2947 salis
782 2898 826 2962 (ci.
841 2894 915 2963 Kn.).
930 2897 1028 2959 Neque
1042 2903 1086 2947 est
1104 2899 1189 2954 ratio,
1205 2910 1252 2947 cur
1270 2898 1414 2949 Hebraeos
1433 2902 1506 2949 anti-

177 2990 271 3053 quitus
286 2988 421 3039 eiusmodi
436 2987 550 3037 loedere
563 2988 631 3036 salis
645 2986 782 3045 habuisse¹
792 2999 939 3048 negemus.
956 2986 1052 3047 Porro,
1068 2986 1116 3036 ubi
1131 2988 1196 3037 sunt
1211 2982 1325 3037 foedera
1338 2988 1420 3047 salis,
1435 2988 1507 3038 adsit

177 3079 261 3129 etlam
284 3076 326 3126 sal
346 3077 461 3139 foederis
485 3088 600 3125 necesse
621 3080 673 3124 est.
692 3073 847 3126 Sacrificio.
864 3076 904 3123 uti
924 3074 1024 3137 reliqui
1046 3077 1124 3124 actus
1144 3075 1289 3137 religionis
1308 3088 1419 3137 omnes,
1434 3076 1507 3140 apud

178 3165 321 3216 Hebraeos
343 3164 370 3213 vi
393 3164 515 3215 loederls
542 3176 605 3214 eum
625 3163 684 3213 Deo
705 3164 767 3213 initi
792 3162 1008 3226 peragebantur,
1032 3169 1167 3226 erantque
1190 3163 1252 3213 eius
1275 3166 1393 3215 actualis
1419 3165 1506 3215 veluti

178 3255 343 3323 renovatio:
360 3255 426 3302 hinc
444 3252 485 3302 sal
505 3251 651 3303 sacrificiis
669 3251 826 3302 adhibitum
846 3256 907 3302 erat
927 3252 970 3301 sol
989 3251 1119 3316 foederis,
1133 3253 1250 3315 ipsaque
1270 3252 1407 3303 sacrificia
1428 3259 1509 3305 erant

177 3351 285 3407 pactam
300 3342 383 3404 sot-is,
399 3341 444 3392 sal
460 3340 580 3391 toederis
595 3335 683 3391 divini
695 3341 910 3406 perpetuitatem
925 3340 1143 3391 demonstrabat.

537 3562 561 3611 λ.
578 3559 725 3621 Sacrificium
738 3558 986 3621 printarttasfiapam
1003 3558 1062 3609 Ler.
1080 3562 1184 3619 blei-iti.

225 3763 258 3806 ν.
278 3746 318 3806 tt
335 3767 351 3801 «
369 3740 410 3806 St
426 3750 540 3805 autem
554 3736 717 3804 obtuleris
735 3759 862 3803 utullus
880 3764 895 3797 n
917 3758 977 3803 seu
994 3735 1169 3803 sterneham
1188 3766 1203 3797 (ι
1213 3738 1409 3825 primarum
1429 3744 1508 3828 sru-

180 3868 266 3935 qum
287 3859 429 3912 terarum
449 3844 611 3928 Dorrtino,
634 3842 799 3934 despicis
821 3842 944 3932 [atthila
964 3842 1181 3929 triremibusL
1203 3844 1343 3910 torrebis
1362 3845 1460 3933 ipae,
1478 3857 1509 3910 et

182 3951 379 4040 confringes
394 3951 432 4017 ia
449 3950 590 4017 modum
602 3950 730 4037 serres,
748 3959 780 4014 et
799 3949 847 4015 sic
863 3950 985 4040 offeres
998 3949 1173 4038 pruinitt'os
1188 3962 1264 4017 treas
1283 3948 1451 4038 [Domum]
1470 3977 1507 4032 s,

181 4096 227 4109 -
246 4059 347 4125 Hebr.
366 4079 379 4123 .·
394 4057 567 4124 etinctum
579 4055 820 4146 primitiarum
840 4067 995 4137 ttrurum,
1017 4093 1062 4105 —
1083 4079 1116 4121 v.
1140 4064 1212 4124 15«
1234 4056 1384 4144 fundetis
1407 4080 1510 4147 supro

182 4164 296 4231 oleam
311 4176 344 4231 et
356 4164 434 4230 ilius
451 4163 628 4254 intponetts
633 4216 644 4247 ,
658 4163 766 4253 [quia]
775 4162 902 4229 oblatio
917 4162 1054 4228 Donata·
1069 4174 1116 4229 est
1132 4190 1162 4229 ».
1180 4165 1297 4245 Heba,
1313 4163 1363 4229 uti
1379 4187 1410 4229 v.
1430 4171 1507 4231 1.6:

182 4270 322 4337 mincia
347 4283 407 4337 est.
433 4292 465 4337 r.
494 4278 534 4337 16
556 4297 572 4329 «
599 4274 736 4359 Deque
760 4268 911 4335 adolebit
933 4268 1090 4336 sacerdos
1114 4268 1173 4358 [iu]
1199 4270 1399 4336 ascensoriam
1425 4272 1511 4356 [titte-

184 4379 285 4463 uert's]
310 4406 326 4439 »
354 4415 398 4425 —
423 4378 524 4443 Hebr.
547 4374 761 4457 rtremorr'ale,
784 4376 828 4443 ei.
853 4398 941 4466 quae
964 4375 1008 4441 ad
1035 4399 1066 4441 v.
1097 4382 1117 4442 2
1138 4375 1336 4444 dicebamus
1362 4375 1404 4443 de
1431 4399 1510 4442 voce

184 4500 279 4550 uinta
295 4523 339 4533 -
356 4495 517 4572 «partem
532 4483 639 4571 farris
650 4482 760 4569 fracti
775 4495 808 4548 et
821 4481 898 4567 olei,
916 4506 956 4548 ac
973 4494 1082 4548 totam
1100 4481 1175 4549 thus
1193 4510 1226 4563 a,
1246 4482 1510 4549 commistionem

183 4592 328 4658 Destino
345 4590 403 4680 (ci.
418 4614 451 4656 v.
471 4591 538 4677 lt).

220 4801 300 4851 liebr.
316 4815 344 4851 v.
364 4800 395 4850 li
417 4800 479 4849 voci
498 4798 610 4847 Domino
627 4799 712 4861 priori
727 4796 878 4847 subscribit
898 4796 1033 4855 athnach,
1050 4797 1077 4847 et
1092 4796 1237 4846 materiam
1252 4796 1400 4847 oblationis
1414 4798 1512 4861 primi-
