3534 5384
729 387 779 430 ex.
803 336 897 441 aona
917 387 981 437 seo.
1464 374 1521 435 303

190 518 306 585 tuleris
323 540 494 585 sttntmant
504 518 659 608 filiorum
670 520 777 588 Israel
795 519 893 585 ittarta
909 541 1092 586 transerunt
1114 547 1149 603 n,
1166 558 1210 569 —-
1228 520 1331 589 Hebr.
1351 544 1362 587 .·
1378 524 1517 611 putando

188 626 330 708 levabit,
348 626 370 691 i.
394 648 425 692 a.
447 625 664 715 computabis
683 626 799 716 cupito
817 626 971 714 filiorum
987 625 1095 693 Israel
1107 626 1296 693 secundum
1313 652 1449 696 censum
1465 653 1520 695 co·
1593 662 1594 665 ¹

187 754 263 797 rum
282 768 327 782 —
347 759 364 792 a
386 729 517 799 dabunt
530 732 661 821 sinpttli
672 734 827 821 pretium
857 760 894 814 n,
920 732 1166 823 expiationem,
1185 741 1312 823 λύτρεν,
1331 762 1346 796 a
1362 758 1428 825 pro
1445 738 1519 803 arti-

188 840 308 904 orabas
322 837 393 905 sctis
407 838 571 921 Domina·
590 849 702 905 etnon
716 838 901 929 eritplaqa
917 838 954 905 in
969 840 1032 919 cic,
1054 862 1130 905 cunt
1150 838 1286 927 fuerint
1313 843 1472 908 recensiti
1488 871 1518 908 ».

187 944 322 1012 Dabunt
349 943 435 1011 illud
464 950 642 1034 tamquam
667 945 817 1034 pretium
846 946 1067 1035 protectionis
1092 945 1232 1014 divinae
1259 953 1378 1014 contra
1400 949 1520 1037 plagas

189 1050 245 1140 (af.
269 1051 401 1141 la,13);
425 1053 485 1141 qui
506 1050 588 1118 dare
613 1052 869 1134 detrectarem,
892 1058 1133 1141 exponeretis
1158 1053 1328 1144 periculo,
1350 1061 1386 1121 ut
1409 1078 1428 1121 a
1452 1061 1518 1121 ileo

186 1156 317 1225 inflicta
334 1157 440 1247 plaga
458 1158 651 1248 puniretur.
681 1188 696 1219 «
719 1158 979 1244 agnoscebatur
994 1158 1117 1225 tributi
1130 1159 1224 1226 illius
1238 1159 1410 1227 solutione
1430 1184 1519 1227 sum-

187 1285 281 1330 mum
300 1265 358 1330 Dei
379 1265 416 1331 in
434 1265 600 1354 populum
621 1287 720 1331 suum
739 1263 940 1353 imperium;
965 1266 1109 1353 perinde
1133 1265 1225 1333 enim
1249 1266 1455 1347 habebatur,
1479 1290 1518 1333 uc

187 1370 349 1460 capitatio
375 1393 396 1437 a
420 1393 502 1458 rege
527 1372 660 1438 Israelis
678 1370 841 1438 subiectis
859 1372 926 1438 sibi
943 1371 1105 1457 gentibus
1124 1373 1295 1461 imperata
1319 1400 1334 1433 »
1361 1372 1515 1461 (Calin).

187 1498 220 1546 v.
239 1483 278 1544 13
300 1505 317 1537 «
333 1480 406 1543 Hoc
426 1489 538 1544 antem
554 1476 650 1544 dabit
669 1476 796 1561 omnic,
817 1477 1018 1568 quiiranst't
1033 1478 1215 1545 adnomen
1237 1508 1272 1560 a,
1291 1516 1336 1530 -
1350 1478 1453 1545 Hebr.
1472 1480 1519 1544 nd

186 1584 364 1649 recensitos
376 1606 390 1650 :
404 1585 604 1651 recensendi
619 1584 664 1651 ab
684 1606 753 1652 una
770 1589 867 1673 parte
880 1584 1037 1665 stabant,
1059 1584 1219 1651 recensiti
1241 1585 1284 1652 ab
1302 1586 1412 1653 altera
1434 1607 1440 1652 :
1458 1588 1517 1675 qui

186 1689 229 1755 ab
252 1688 321 1755 illis
349 1690 394 1756 ad
420 1690 485 1756 hos
502 1690 688 1773 transibat,
714 1689 896 1759 dimidium
916 1692 1037 1758 siclum
1064 1690 1217 1759 solvebat
1235 1730 1279 1741 —
1295 1720 1310 1753 «
1330 1690 1516 1759 ‹lintidt'um

185 1794 263 1861 sicli
282 1797 380 1863 iaxta
394 1818 589 1863 mensuram
606 1797 734 1886 templi.
747 1796 1001 1885 Siclrtsct'qinti
1014 1796 1235 1864 obolosbabet
1250 1826 1265 1859 a
1285 1798 1377 1887 (Lev.
1395 1805 1512 1879 27,‘·25;

186 1904 284 1970 Num.
317 1911 349 1985 3,
381 1909 441 1985 t73
472 1909 590 1986 18,1o;
622 1909 678 1970 lia.
716 1906 826 1987 taidi)
845 1924 853 1972 :
874 1903 933 1969 scd
951 1903 1035 1993 quid
1063 1902 1107 1969 sit
1135 1918 1208 1977 aaa,
1229 1926 1300 1971 non
1317 1904 1513 1973 edocemur.

186 2036 201 2069 a
216 2008 333 2075 Media
342 2032 428 2099 pars
441 2009 519 2077 sicli
530 2009 694 2100 offeretur
711 2008 856 2076 Dantino
875 2038 905 2077 n.

217 2233 305 2288 Siatas
314 2236 466 2285 sanctuarii
477 2231 579 2302 (Hebe.)
588 2236 672 2287 etiam
683 2236 801 2287 habetur
810 2249 836 2285 v.
849 2235 882 2285 it
890 2249 897 2295 ;
911 2235 990 2296 ³834
998 2248 1005 2294 ;
1018 2235 1086 2285 Lar.
1103 2236 1180 2297 5‚15;
1194 2235 1268 2297 27‚3.
1281 2235 1329 2297 253
1340 2236 1425 2287 Num.
1439 2236 1511 2286 [tii.

183 2324 310 2385 50;7,13
332 2337 406 2389 sqq.;
427 2324 505 2386 iaia
528 2328 627 2388 estque
647 2323 721 2375 idem
745 2325 925 2376 camisiale
948 2326 1028 2387 regio
1044 2324 1095 2385 »(2
1121 2322 1372 2393 Reg.1i‚26),ae
1397 2339 1453 2389 quo
1478 2325 1510 2374 ci.

182 2414 314 2463 Schrader
328 2413 364 2464 ad
378 2413 450 2465 Gen.
464 2412 554 2475 rato.
581 2413 631 2463 ille
646 2412 732 2463 siclus
745 2415 854 2476 argenti
868 2412 993 2476 pondere
1012 2413 1155 2476 aequabat
1172 2412 1250 2463 ii·55
1267 2425 1402 2477 gramm,
1417 2416 1513 2463 valore

183 2501 246 2551 fiir.
261 2502 304 2553 93.
321 2501 481 2553 Vocabatur
499 2503 594 2565 regius
613 2503 661 2553 aut
679 2503 839 2560 sanctuarii,
856 2502 923 2565 quia
942 2502 1017 2565 apud
1040 2514 1122 2564 reges
1141 2502 1186 2552 vel
1205 2502 1234 2551 ln
1253 2502 1365 2567 templis
1384 2514 1513 2553 asserva-

181 2590 282 2640 bantur
295 2590 419 2654 pondera
432 2591 570 2655 quaedam
585 2591 808 2651 accuratissima,
825 2590 890 2639 dum
906 2604 948 2650 ea,
966 2591 1066 2653 quibus
1080 2591 1209 2641 homines
1228 2592 1334 2654 passim
1349 2591 1510 2649 utebantur,

180 2692 264 2743 saepe
283 2682 363 2730 erant
375 2680 470 2729 attrita
484 2683 511 2729 et
525 2678 671 2729 diminuta.
688 2678 831 2729 Eiusmodi
842 2678 968 2742 pondera
981 2680 1061 2742 regia
1074 2677 1149 2742 apud
1167 2680 1294 2742 Assyros
1311 2682 1423 2742 reperta
1435 2687 1510 2739 suut,

180 2773 208 2818 et
222 2769 284 2818 sine
303 2769 386 2818 dubio
405 2768 479 2832 apud
497 2767 669 2830 Babylonios
686 2769 840 2831 antiquitus
858 2768 888 2817 in
907 2780 960 2817 usu
979 2772 1070 2817 erant.
1084 2767 1176 2817 David
1194 2767 1205 2817 l
1224 2767 1289 2819 Par.
1308 2767 1388 2827 2329
1405 2770 1510 2819 consti-

180 2858 232 2907 tuit
246 2856 418 2907 sacerdotem
430 2857 553 2920 aliquem
569 2872 580 2904 a
598 2869 682 2920 super
698 2868 781 2907 omne
797 2856 910 2920 pondus
929 2862 1013 2920 atque
1033 2868 1195 2906 mensuram
1211 2870 1235 2905 a.
1250 2856 1305 2905 Vix
1325 2858 1367 2906 cst
1386 2856 1508 2911 dubium,

179 2945 264 2994 etiam
290 2946 364 3008 apud
387 2946 539 3010 Aegyptios
563 2945 639 2995 hisce
657 2945 821 3008 invigilasse
843 2945 1013 2996 sacerdotes.
1028 2944 1071 2993 lbi
1095 2956 1156 2993 cam
1173 2944 1380 2995 distinctionem
1404 2942 1510 2993 didice-

179 3040 243 3082 rant
258 3032 393 3093 Hebraei,
407 3035 462 3083 nisi
478 3046 540 3084 eam
555 3034 730 3097 patriarchae
749 3036 805 3083 iam
819 3047 835 3082 e
849 3032 1052 3095 Mesopotamia
1072 3034 1244 3095 compertam
1258 3033 1428 3083 habuerant.
1446 3033 1509 3081 Non

182 3133 250 3183 ergo
268 3123 311 3171 est
328 3122 400 3172 ratio
418 3134 480 3171 cum
503 3122 595 3173 uitta.
610 3121 785 3185 suspicandi,
800 3122 878 3172 illam
899 3134 996 3172 vocem
1017 3122 1170 3170 sanctuarii
1189 3122 1332 3183 posterius
1352 3134 1369 3171 a
1388 3122 1509 3185 quodam

178 3210 248 3260 locis
262 3209 391 3260 omnibus
404 3210 497 3261 citatis
510 3222 574 3262 esse
590 3210 770 3275 adscriptam.
1232 3210 1234 3214 '

223 3416 255 3459 v.
274 3398 315 3460 1a
338 3418 355 3453 a
374 3392 442 3474 Qui
463 3393 607 3459 babetur
622 3394 658 3459 in
677 3414 817 3459 numero
835 3421 870 3476 n,
892 3430 937 3441 —
953 3391 1054 3459 Heba.
1072 3414 1085 3457 .·
1101 3392 1229 3478 omnis,
1248 3392 1310 3482 qttt'
1322 3393 1450 3459 transit
1463 3393 1511 3457 orl

178 3500 356 3566 recensitos
371 3538 416 3549 -
438 3526 454 3561 a
476 3522 497 3566 a
521 3499 647 3590 ciqintt'
666 3499 768 3567 aratris
787 3512 820 3566 et
837 3520 958 3589 supra,
980 3498 1075 3565 dabit
1083 3499 1233 3588 pretiatur
1253 3525 1270 3559 n
1285 3521 1343 3565 seu
1364 3498 1508 3565 oblatic-

177 3627 269 3690 nem,
292 3621 395 3671 anain
409 3607 465 3696 (cl.
480 3608 608 3694 2938).
623 3611 722 3673 Num.
742 3612 819 3687 1,18
835 3628 928 3697 sqq.²
944 3606 1003 3695 qui
1016 3604 1063 3672 sic
1071 3604 1355 3687 numerabantur,
1371 3627 1507 3694 semper

178 3718 342 3778 vocantur
364 3742 379 3775 a
400 3713 624 3803 procedentes
644 3713 688 3780 ad
706 3713 835 3780 bellum
856 3742 891 3795 »,
908 3712 1000 3779 unde
1015 3712 1172 3799 suggerit
1187 3711 1263 3779 Cat'.
1283 3734 1359 3793 eos,
1382 3713 1442 3801 qui
1463 3712 1506 3775 ob

176 3818 419 3886 scniumarmis
430 3820 579 3887 ferendis
590 3827 700 3887 essent
711 3821 873 3910 impares,
889 3819 939 3884 uti
955 3818 1078 3904 viginti
1093 3819 1193 3884 annis
1206 3817 1389 3884 minoresa
1404 3840 1506 3883 censu

85 3920 90 3928 ’
174 3924 276 3992 fuisse
296 3931 478 4018 exemptos,
495 3949 528 3993 r.
552 3934 591 3995 15
611 3955 627 3988 α
647 3926 747 3992 Dives
765 3948 835 3992 non
858 3924 1025 3992 addeceat
1046 3924 1198 3991 medinm
1212 3923 1305 4007 sicli,
1322 3934 1354 3988 ei
1373 3945 1507 4013 parque·

174 4031 267 4098 niltt'l
275 4033 406 4099 mitteret
431 4060 461 4098 a.
477 4039 527 4100 lta
546 4056 586 4099 ex
604 4034 677 4123 ipso
693 4032 855 4099 siclorum
870 4052 1014 4098 numero
1033 4030 1308 4120 perspiciebatur
1321 4030 1506 4095 recensito-

173 4160 250 4205 rum
275 4160 439 4206 numerus
463 4138 595 4229 (Iam).
617 4143 797 4207 Praeterea
816 4159 933 4205 omncs
958 4136 1231 4205 ostendebantur
1251 4134 1413 4225 aequales
1437 4160 1505 4202 esse

174 4268 288 4312 coram
307 4249 373 4312 Deo
399 4244 547 4336 (Bonfr.)
565 4250 701 4335 praeter
721 4245 859 4327 levitas,
884 4244 1031 4333 quinon
1059 4244 1327 4311 recensebantur
1348 4248 1446 4310 Num.
1473 4250 1502 4325 1,

174 4358 217 4419 i'l
231 4374 306 4441 sqq.
323 4375 356 4417 v.
372 4358 413 4418 16
427 4379 443 4413 a
460 4353 932 4443 Susceptamquepertentant,
950 4374 1038 4441 qnae
1051 4349 1179 4419 collata
1194 4364 1241 4418 cst
1257 4373 1278 4417 a
1289 4349 1375 4439 filiis
1388 4351 1502 4429 islant,

174 4457 287 4525 trades
306 4458 343 4524 in
366 4481 447 4525 ttsus
461 4459 674 4526 tabernaculi
689 4459 890 4538 testimonii,
909 4470 945 4523 ut
967 4456 1011 4523 sit
1030 4470 1291 4525 montanarium
1312 4480 1427 4523 eortuu
1450 4481 1504 4520 to-

174 4588 249 4631 rum
272 4566 433 4650 Dourion,
456 4578 488 4633 ct
504 4566 717 4657 propitietur
738 4564 920 4631 arrimabus
938 4587 1055 4631 corum
1081 4592 1110 4631 n.
1134 4566 1236 4631 Heba.
1262 4585 1275 4627 .·
1301 4576 1339 4629 ttt
1358 4564 1402 4629 sit
1420 4563 1504 4651 filiis

174 4671 331 4738 Israelita
345 4672 544 4739 memoriale
556 4695 668 4739 corum
688 4672 854 4758 Domina,
875 4671 1157 4761 {coaptationem
1175 4693 1242 4761 pro
1261 4669 1340 4735 citis
1360 4692 1475 4735 cortun
1492 4691 1503 4731 .·

173 4777 211 4847 in
224 4779 374 4868 pretium
391 4779 637 4870 redemptionis
649 4801 669 4846 a
683 4778 810 4868 plagis,
831 4778 957 4867 quibus
971 4776 1151 4844 hominum
1171 4776 1260 4844 vitae
1281 4776 1500 4862 affliguntur,
