3534 5384
245 306 304 365 tlt
725 316 762 360 ex
785 317 924 360 xsexrro
948 317 978 359 nx
1001 316 1094 362 srxax.

245 452 446 544 operientur
461 450 537 532 (xxo)
553 472 611 517 seu
632 449 965 539 claudentureoque
984 473 1019 517 se
1038 449 1202 518 extricare
1217 472 1288 517 non
1308 451 1457 518 valeant.
1473 455 1575 519 Prae-

243 566 296 628 ter
314 563 523 648 Aegyptum,
540 578 644 647 quam
659 556 812 645 lugiunt,
830 562 863 624 et
883 578 995 638 mare,
1021 557 1116 646 quod
1135 558 1317 624 traiectum
1333 557 1375 623 iri
1392 556 1487 625 haud
1501 580 1576 625 sus-

242 665 378 757 picatur
390 665 536 745 Pharao,
556 661 709 754 undique
728 662 985 729 concluduntur
999 662 1134 729 deserto
1150 662 1315 753 Aegypti,
1332 661 1426 751 quod
1445 663 1574 730 nullam

242 771 411 840 libertatis
425 776 460 837 et
479 770 598 838 salutis
618 771 730 859 aperit
749 769 853 836 viam.
871 792 903 834 v.
922 776 940 837 t
966 798 982 829 «
1000 770 1045 835 Εἰ
1061 768 1229 835 inclinabo
1245 791 1302 835 cor
1317 768 1391 836 eius
1405 790 1447 837 ac
1461 792 1576 859 perse·

244 891 367 970 peretur
378 893 455 962 coa,
466 891 499 943 et
513 876 733 966 plorificebor
743 875 780 942 ire
794 874 971 941 Pharaone
985 887 1018 941 et
1028 874 1065 942 in
1078 874 1174 941 orrrni
1187 875 1340 942 exercitu
1352 874 1443 958 eius,
1454 875 1575 943 scient-

245 1009 310 1077 que
323 983 503 1075 Aepyptii,
521 982 607 1074 quie
621 1003 682 1072 epo
696 1004 772 1048 sum
786 980 966 1048 Dominae.
985 984 1219 1071 Feceruntque
1235 980 1285 1047 ite
1303 1010 1333 1049 ».
1355 1042 1358 1050 .

286 1091 469 1182 Sequentia
483 1089 653 1157 Pharaoni
677 1088 839 1155 nurrtioto
863 1110 934 1155 esse
948 1109 1012 1177 per
1030 1089 1262 1178 exploratores
1281 1086 1325 1155 ab
1347 1087 1409 1155 illo
1424 1088 1573 1157 submis-

242 1221 310 1279 sos,
338 1197 442 1265 sentit
467 1198 577 1281 Tost.;
602 1215 715 1285 neque
739 1200 856 1263 tamen
879 1193 1044 1261 eiusmodi
1071 1193 1346 1284 exploratoribus
1374 1216 1461 1284 epus
1480 1201 1571 1276 erat,

241 1327 319 1373 eum
343 1301 557 1372 documentis
576 1300 848 1391 hieroglyphicis
866 1299 1065 1382 doceamur,
1087 1298 1316 1387 munitionum
1337 1300 1428 1367 circa
1447 1300 1573 1369 deserti

240 1411 326 1479 fines
343 1410 532 1501 praefectos
555 1408 770 1475 consuevisse
789 1407 1005 1475 Pharaonem
1026 1406 1280 1474 accuratissime
1302 1405 1446 1474 edocere
1466 1405 1510 1475 de
1530 1407 1573 1476 iis

240 1516 416 1599 omnihus,
441 1516 500 1605 qui
524 1536 587 1605 per
606 1513 812 1581 munitiones
835 1514 1021 1581 transirent
1041 1512 1187 1603 (Erman
1209 1536 1242 1603 p.
1273 1518 1337 1579 708
1361 1513 1443 1602 sq.).
1470 1518 1571 1583 Recte

242 1646 323 1691 vero
340 1623 377 1689 hi
394 1622 598 1690 nuntiavere
613 1618 750 1709 fugisse
766 1619 934 1710 populum
951 1642 959 1685 :
978 1619 1204 1710 promiserant
1219 1642 1253 1687 se
1273 1618 1381 1687 tridui
1395 1617 1520 1687 itinere
1535 1620 1571 1687 in

242 1730 413 1798 desertum
428 1750 498 1796 esse
519 1732 734 1819 perrecturos
756 1725 912 1793 sacrificii
927 1747 1044 1808 causa3
1062 1725 1123 1792 ubi
1146 1726 1298 1817 primum
1312 1747 1334 1792 a
1348 1730 1442 1793 recto
1456 1726 1495 1794 in
1516 1726 1573 1794 de-

241 1842 369 1904 sertum
388 1834 565 1902 arabicum
585 1830 723 1900 tramite
744 1832 992 1919 deflectebant,
1017 1830 1222 1899 nascebatur
1240 1830 1390 1922 suspicio
1414 1854 1472 1899 ecs
1501 1855 1571 1900 nen

240 1942 371 2010 sincere
385 1962 508 2029 agere,
528 1962 600 2007 non
613 1960 748 2007 merum
766 1938 972 2007 sacrificium
988 1937 1148 2006 meditari
1162 1937 1222 2005 sed
1236 1938 1357 2025 fugam
1371 1936 1489 2029 (Coi).
1512 1944 1572 2007 Ne·

242 2072 309 2139 que
332 2049 443 2129 obest,
460 2047 552 2137 quod
576 2047 680 2132 fugae
695 2044 898 2114 efficiendae
923 2046 1037 2112 minus
1060 2050 1175 2135 aptam
1196 2044 1288 2111 viam
1309 2043 1454 2131 elegisse
1475 2044 1572 2113 vide·

240 2162 371 2237 rentur,
389 2154 472 2220 dum
487 2153 522 2219 in
540 2152 769 2219 Phihahiroth
782 2151 1018 2219 deflectebant.
1035 2175 1067 2221 x.
1085 2159 1105 2220 5
1122 2181 1138 2213 (ι
1157 2154 1200 2219 llt
1214 2151 1416 2218 rrunlictum
1435 2163 1485 2219 est
1496 2152 1572 2242 repr?

239 2260 506 2352 Aegyptiorum,
523 2257 617 2347 quod
630 2259 782 2349 [cepisset
793 2258 962 2349 populna·
978 2258 1267 2346 irmnotatumque
1282 2270 1331 2323 est
1346 2280 1404 2325 cor
1419 2256 1572 2324 Pherno-

241 2368 296 2434 πίε
308 2380 341 2434 et
357 2388 530 2432 cereorum
548 2364 620 2431 eires
636 2386 739 2454 super
746 2364 883 2455 poprcl'o
899 2391 934 2445 »‚
949 2366 1112 2430 -etiam
1127 2386 1317 2449 semorrmr,
1335 2386 1481 2455 quorum
1497 2365 1572 2454 plu-

240 2495 295 2541 res
306 2478 407 2540 antea
422 2472 532 2562 (10‚x;
552 2472 723 2561 measa)
735 2470 902 2561 populum
918 2477 1094 2537 suaserant
1106 2468 1367 2552 dimittendum,
1385 2493 1476 2537 nune
1491 2492 1572 2538 vero

240 2586 274 2647 et
288 2577 495 2666 fugientium
515 2578 640 2645 malam
657 2575 760 2643 fidem
775 2575 917 2663 indigne
938 2575 1092 2643 ferebant
1107 2582 1140 2643 et
1158 2576 1290 2643 incerto
1304 2575 1425 2644 itinere
1440 2598 1570 2664 vagan-

239 2693 289 2755 tes
303 2683 538 2776 despiciebant
556 2722 599 2733 -
622 2712 638 2746 c
658 2696 691 2749 er
708 2682 872 2749 eliserunt
888 2704 900 2747 .·
925 2681 1018 2763 Quid
1036 2682 1229 2771 [celeriores]
1243 2686 1378 2774 faeere,
1397 2694 1433 2749 ct
1453 2680 1569 2749 ‹lim-tr·

239 2807 386 2860 ter-emus
398 2790 520 2877 lsrael,
537 2814 579 2857 oe
592 2790 734 2857 sarciret
748 2788 865 2856 nobis!
883 2816 899 2850 a
915 2812 947 2857 v.
971 2794 990 2856 6
1008 2818 1024 2850 «
1040 2789 1159 2855 iurarit
1173 2812 1250 2878 erpo
1267 2811 1405 2856 currum
1423 2816 1439 2851 a
1453 2812 1569 2872 suurn,

239 2921 344 2989 quam
369 2920 487 2966 vocem
512 2900 605 2963 Lxx·
625 2897 802 2965 collective
828 2897 1111 2985 interpretantur,
1145 2921 1161 2956 c
1183 2907 1216 2961 rt
1242 2919 1376 2963 errorem
1393 2896 1567 2987 properium

239 3028 340 3071 sturm
359 3033 375 3066 a
383 3057 395 3087 ,
417 3004 441 3072 i.
461 3026 491 3070 e.
516 3002 660 3070 militem
675 3003 846 3092 imprimis
866 3002 1034 3093 peditem,
1058 3030 1075 3064 a
1092 3002 1274 3092 assrrrrepsit
1286 3026 1400 3070 scetem
1417 3031 1448 3071 a.
1464 3006 1565 3069 Excr-

239 3110 310 3177 citu
323 3112 370 3177 ita
391 3111 587 3177 summatim
607 3109 793 3199 descripto,
811 3109 955 3198 quaein
976 3131 1016 3177 eo
1034 3109 1206 3199 potissima
1229 3115 1342 3189 erant,
1360 3108 1566 3196 singillatim

239 3217 443 3299 efferuntur3
457 3238 621 3285 curruum
635 3237 800 3283 numerus
807 3241 819 3299 ,·
833 3215 992 3303 aurigae,
1007 3214 1125 3282 duces
1142 3238 1173 3283 v.
1188 3221 1208 3280 ’1
1226 3244 1241 3275 a
1262 3214 1419 3305 Tulitque
1431 3237 1569 3283 ¹sceren-

238 3336 289 3390 tcs
306 3343 424 3389 currus
442 3321 563 3389 eleetos
586 3350 620 3405 »,
643 3360 686 3372 -
710 3344 892 3391 nnmerum
908 3322 1002 3388 hunc
1017 3322 1085 3389 fide
1100 3344 1171 3390 esse
1188 3321 1329 3389 omnino
1344 3322 1509 3409 dignum,
1532 3330 1567 3389 et

237 3434 459 3495 monumenta
475 3428 644 3495 decentet
669 3427 733 3496 loci
755 3428 946 3517 scripturae
963 3428 1120 3518 paralleli
1142 3450 1150 3498 ε
1172 3428 1215 3495 ei.
1245 3450 1334 3518 quae
1357 3428 1507 3496 diximus
1522 3429 1568 3495 ad

238 3534 310 3601 lud.
329 3540 384 3615 te
398 3540 431 3601 et
444 3541 460 3601 1
477 3538 567 3621 Reg.-
578 3540 654 3615 13‚5
667 3574 712 3585 -
726 3564 743 3598 «
760 3548 793 3602 et
806 3533 982 3624 quidquid
1000 3534 1037 3601 ire
1050 3538 1203 3627 Aegypte
1218 3557 1380 3601 ererrruun
1390 3534 1463 3624 [ait
1479 3563 1511 3617 n,
1525 3572 1569 3584 -

236 3641 273 3709 id
289 3646 362 3730 post
376 3647 549 3708 sexcentos
558 3663 676 3707 currus
687 3641 789 3707 modo
805 3641 987 3709 recensitos
994 3640 1176 3710 claudicat.
1188 3644 1279 3707 LXX
1291 3647 1422 3709 vertere
1436 3642 1568 3731 equico-

238 3761 324 3814 lrrm.
348 3762 405 3841 ²?l.
425 3755 444 3814 3
465 3752 548 3833 Reg.
569 3753 669 3830 Mt
694 3754 728 3813 et
751 3753 771 3813 ἓ
795 3753 869 3814 Par.
897 3754 996 3823 1833
1019 3748 1181 3837 uerriqam
1201 3748 1374 3835 designat,
1397 3770 1481 3835 ergo
1503 3772 1511 3817 :
1537 3760 1567 3814 et

237 3885 371 3930 omnem
392 3862 553 3951 creriqemr
574 3863 726 3952 Aegypti
738 3902 782 3913 —-
803 3891 820 3923 c
842 3876 874 3927 ct
894 3862 995 3929 doces
1010 3862 1112 3929 totius
1132 3864 1299 3929 exereitus
1325 3890 1354 3930 ν».
1374 3866 1474 3931 livor.
1494 3885 1507 3928 :
1523 3866 1567 3931 Et

237 3969 463 4036 Scholisclrim
476 3990 577 4059 super
590 3968 702 4058 ipsum
718 3992 868 4050 ornnem,
887 3969 946 4036 ubi
961 3991 1148 4059 pronomen
1159 3970 1269 4061 aparine
1284 3991 1351 4036 non
1365 3970 1410 4036 ad
1426 3968 1567 4059 uterique

237 4076 382 4143 refertur
400 4082 460 4143 aut
478 4098 614 4155 riorus,
630 4098 709 4141 cum
729 4076 886 4142 curribus
901 4076 1148 4165 Aegyptiorum
1166 4081 1300 4165 praeter
1321 4076 1478 4162 aurigam
1493 4078 1567 4142 uni·

236 4203 294 4247 cus
308 4182 491 4248 veheretur
504 4189 691 4270 pugnator,
709 4182 769 4270 qui
780 4203 892 4271 neque
908 4204 925 4247 e
942 4179 1067 4247 dueum
1082 4180 1204 4248 ordine
1222 4204 1356 4273 semper
1366 4181 1567 4272 desumptus

240 4308 310 4354 esse
327 4288 473 4377 supponi
495 4292 621 4377 potest,
646 4310 757 4376 neque
776 4290 918 4374 aurigae
943 4286 1011 4353 dux
1035 4287 1213 4354 commode
1233 4288 1337 4355 scribi
1358 4288 1484 4377 potuit;
1507 4288 1567 4355 sed

236 4391 280 4461 ad
296 4417 414 4460 currus
429 4394 643 4484 elpopnlom
663 4398 707 4482 (v.
727 4393 779 4483 6),
797 4394 820 4460 i.
837 4417 866 4461 e.
884 4398 993 4459 totum
1011 4394 1194 4461 exereitum
1213 4394 1566 4483 (Vulq.).1)educum
1587 4442 1589 4445 -

235 4506 350 4568 autem
363 4501 499 4582 ordine,
519 4500 578 4590 qui
594 4500 1055 4579 Schalischim-vccabanter‚
1075 4504 1146 4566 inse
1163 4500 1361 4568 dicebamus
1375 4498 1416 4567 ad
1443 4507 1462 4567 2
1481 4504 1563 4588 [leg.

237 4612 328 4687 233.
355 4630 385 4674 v.
409 4613 429 4674 8
454 4606 733 4697 «indicavitque
756 4608 924 4673 lloneirrrrx
946 4630 1003 4673 eor·
1022 4606 1215 4674 Pharaonis
1234 4606 1325 4696 repis·
1348 4607 1509 4697 Aegypti,
1533 4620 1565 4673 c!

232 4726 431 4805 persecutus·
447 4728 495 4781 est
504 4714 598 4803 filios·
613 4712 738 4798 [arech
752 4725 788 4778 ut
809 4712 864 4778 illi
878 4713 1006 4800 aperui
1021 4728 1118 4781 erant
1132 4714 1169 4780 in
1182 4736 1287 4781 retortu
1301 4714 1433 4781 ezeciae
1452 4743 1481 4780 a.
1559 4774 1561 4781 .
