<?xml version="1.0" encoding="UTF-8"?>
<!DOCTYPE html PUBLIC "-//W3C//DTD XHTML 1.0 Transitional//EN"
    "http://www.w3.org/TR/xhtml1/DTD/xhtml1-transitional.dtd">
<html xmlns="http://www.w3.org/1999/xhtml" xml:lang="en" lang="en">
 <head>
  <title>
</title>
<meta http-equiv="Content-Type" content="text/html;charset=utf-8" />
  <meta name='ocr-system' content='tesseract 3.04.00' />
  <meta name='ocr-capabilities' content='ocr_page ocr_carea ocr_par ocr_line ocrx_word'/>
</head>
<body>
  <div class='ocr_page' id='page_1' title='image "./commentariusine00hummgoog/commentariusine00hummgoog_0251.png"; bbox 0 0 3534 5384; ppageno 0'>
   <div class='ocr_carea' id='block_1_1' title="bbox 721 375 1082 422">
    <p class='ocr_par' dir='ltr' id='par_1_1' title="bbox 721 375 1082 422">
     <span class='ocr_line' id='line_1_1' title="bbox 721 375 1082 422; baseline -0.003 -4"><span class='ocrx_word' id='word_1_1' title='bbox 721 377 759 418; x_wconf 78' lang='lat' dir='ltr'><strong>EX</strong></span> <span class='ocrx_word' id='word_1_2' title='bbox 780 376 914 420; x_wconf 79' lang='lat' dir='ltr'><strong>AEGYPTO</strong></span> <span class='ocrx_word' id='word_1_3' title='bbox 937 376 968 418; x_wconf 89' lang='lat' dir='ltr'><strong>IN</strong></span> <span class='ocrx_word' id='word_1_4' title='bbox 991 375 1082 422; x_wconf 67' lang='lat' dir='ltr'><strong>smel.</strong></span> 
     </span>
    </p>
   </div>
   <div class='ocr_carea' id='block_1_2' title="bbox 3 501 1568 816">
    <p class='ocr_par' dir='ltr' id='par_1_2' title="bbox 3 496 1568 816">
     <span class='ocr_line' id='line_1_2' title="bbox 21 501 1564 606; baseline -0.009 -21"><span class='ocrx_word' id='word_1_5' title='bbox 21 599 24 602; x_wconf 13' lang='lat'><strong>⁴</strong></span> <span class='ocrx_word' id='word_1_6' title='bbox 57 594 59 597; x_wconf 18' lang='lat'>¹</span> <span class='ocrx_word' id='word_1_7' title='bbox 79 582 92 606; x_wconf 16' lang='lat' dir='ltr'><strong>A,</strong></span> <span class='ocrx_word' id='word_1_8' title='bbox 172 501 184 582; x_wconf 59' lang='lat' dir='ltr'>s</span> <span class='ocrx_word' id='word_1_9' title='bbox 278 535 311 579; x_wconf 89' lang='lat' dir='ltr'><strong>v.</strong></span> <span class='ocrx_word' id='word_1_10' title='bbox 330 519 349 578; x_wconf 88' lang='grc'><strong>9</strong></span> <span class='ocrx_word' id='word_1_11' title='bbox 365 538 381 571; x_wconf 77' lang='lat' dir='ltr'><strong>a</strong></span> <span class='ocrx_word' id='word_1_12' title='bbox 399 509 582 598; x_wconf 74' lang='lat' dir='ltr'><strong>Pareqrioo</strong></span> <span class='ocrx_word' id='word_1_13' title='bbox 596 508 756 575; x_wconf 82' lang='lat' dir='ltr'><strong>molestus</strong></span> <span class='ocrx_word' id='word_1_14' title='bbox 770 531 840 575; x_wconf 81' lang='lat' dir='ltr'><strong>uon</strong></span> <span class='ocrx_word' id='word_1_15' title='bbox 855 509 921 575; x_wconf 79' lang='lat' dir='ltr'><strong>eris</strong></span> <span class='ocrx_word' id='word_1_16' title='bbox 932 530 944 574; x_wconf 93' lang='lat'><em>:</em></span> <span class='ocrx_word' id='word_1_17' title='bbox 955 508 1050 575; x_wconf 88' lang='lat' dir='ltr'><strong>scitis</strong></span> <span class='ocrx_word' id='word_1_18' title='bbox 1063 509 1156 576; x_wconf 84' lang='lat' dir='ltr'><strong>euim</strong></span> <span class='ocrx_word' id='word_1_19' title='bbox 1166 509 1378 576; x_wconf 82' lang='lat' dir='ltr'><strong>aduenarum</strong></span> <span class='ocrx_word' id='word_1_20' title='bbox 1388 509 1522 578; x_wconf 80' lang='lat' dir='ltr'><strong>coiacus</strong></span> <span class='ocrx_word' id='word_1_21' title='bbox 1534 539 1564 591; x_wconf 72' lang='lat' dir='ltr'><strong>a,</strong></span> 
     </span>
     <span class='ocr_line' id='line_1_3' title="bbox 5 615 1568 706; baseline 0.003 -28"><span class='ocrx_word' id='word_1_22' title='bbox 5 624 89 702; x_wconf 42' lang='lat' dir='ltr'><em>J</em></span> <span class='ocrx_word' id='word_1_23' title='bbox 237 646 254 681; x_wconf 75' lang='grc' dir='ltr'>α</span> <span class='ocrx_word' id='word_1_24' title='bbox 267 619 291 684; x_wconf 93' lang='lat' dir='ltr'><strong>i.</strong></span> <span class='ocrx_word' id='word_1_25' title='bbox 310 642 340 686; x_wconf 92' lang='lat' dir='ltr'><strong>e.</strong></span> <span class='ocrx_word' id='word_1_26' title='bbox 360 617 517 696; x_wconf 79' lang='lat' dir='ltr'><strong>affectus,</strong></span> <span class='ocrx_word' id='word_1_27' title='bbox 535 638 640 706; x_wconf 89' lang='lat' dir='ltr'><strong>quam</strong></span> <span class='ocrx_word' id='word_1_28' title='bbox 659 616 781 682; x_wconf 88' lang='lat' dir='ltr'><strong>leviter</strong></span> <span class='ocrx_word' id='word_1_29' title='bbox 800 617 1075 682; x_wconf 80' lang='lat' dir='ltr'><strong>contristentur»</strong></span> <span class='ocrx_word' id='word_1_30' title='bbox 1093 615 1238 706; x_wconf 70' lang='lat' dir='ltr'><strong>(Hispo);</strong></span> <span class='ocrx_word' id='word_1_31' title='bbox 1257 616 1367 699; x_wconf 81' lang='lat' dir='ltr'><strong>scitis,</strong></span> <span class='ocrx_word' id='word_1_32' title='bbox 1388 617 1504 706; x_wconf 82' lang='lat' dir='ltr'><strong>«quid</strong></span> <span class='ocrx_word' id='word_1_33' title='bbox 1525 617 1568 683; x_wconf 93' lang='lat' dir='ltr'><strong>sit</strong></span> 
     </span>
     <span class='ocr_line' id='line_1_4' title="bbox 3 706 1567 816; baseline -0.001 -25"><span class='ocrx_word' id='word_1_34' title='bbox 3 711 90 816; x_wconf 56' lang='lat' dir='ltr'><strong>f&#39;Jjj*</strong></span> <span class='ocrx_word' id='word_1_35' title='bbox 130 706 142 719; x_wconf 33' lang='lat'><strong>⁴¹</strong></span> <span class='ocrx_word' id='word_1_36' title='bbox 234 724 398 794; x_wconf 90' lang='lat' dir='ltr'><strong>advena»</strong></span> <span class='ocrx_word' id='word_1_37' title='bbox 415 722 501 813; x_wconf 83' lang='lat' dir='ltr'><strong>(Sa),</strong></span> <span class='ocrx_word' id='word_1_38' title='bbox 522 752 537 784; x_wconf 87' lang='lat'>«</span> <span class='ocrx_word' id='word_1_39' title='bbox 555 723 637 811; x_wconf 83' lang='lat' dir='ltr'><strong>quia</strong></span> <span class='ocrx_word' id='word_1_40' title='bbox 652 736 686 788; x_wconf 85' lang='lat' dir='ltr'><strong>et</strong></span> <span class='ocrx_word' id='word_1_41' title='bbox 700 720 768 811; x_wconf 78' lang='lat' dir='ltr'><strong>ipsi</strong></span> <span class='ocrx_word' id='word_1_42' title='bbox 779 721 1089 812; x_wconf 78' lang='lat' dir='ltr'><strong>perepriiu&#39;fuistis</strong></span> <span class='ocrx_word' id='word_1_43' title='bbox 1105 722 1143 788; x_wconf 85' lang='lat' dir='ltr'><strong>iu</strong></span> <span class='ocrx_word' id='word_1_44' title='bbox 1158 737 1248 789; x_wconf 81' lang='lat' dir='ltr'><strong>tarra</strong></span> <span class='ocrx_word' id='word_1_45' title='bbox 1268 724 1421 814; x_wconf 75' lang='lat' dir='ltr'><strong>Aeyypti</strong></span> <span class='ocrx_word' id='word_1_46' title='bbox 1435 750 1465 790; x_wconf 83' lang='lat' dir='ltr'><strong>u.</strong></span> <span class='ocrx_word' id='word_1_47' title='bbox 1483 728 1567 790; x_wconf 85' lang='lat' dir='ltr'><strong>Rur-</strong></span> 
     </span>
    </p>
   </div>
   <div class='ocr_carea' id='block_1_3' title="bbox 232 828 1294 919">
    <p class='ocr_par' dir='ltr' id='par_1_3' title="bbox 232 828 1294 919">
     <span class='ocr_line' id='line_1_5' title="bbox 232 828 1294 919; baseline -0.003 -20"><span class='ocrx_word' id='word_1_48' title='bbox 232 854 307 899; x_wconf 88' lang='lat' dir='ltr'><strong>sum</strong></span> <span class='ocrx_word' id='word_1_49' title='bbox 328 855 359 898; x_wconf 81' lang='lat' dir='ltr'><strong>v.</strong></span> <span class='ocrx_word' id='word_1_50' title='bbox 384 837 421 897; x_wconf 92' lang='lat'><strong>11</strong></span> <span class='ocrx_word' id='word_1_51' title='bbox 445 828 731 896; x_wconf 81' lang='lat' dir='ltr'><strong>commendantur</strong></span> <span class='ocrx_word' id='word_1_52' title='bbox 749 851 935 919; x_wconf 82' lang='lat' dir='ltr'><strong>pauperes,</strong></span> <span class='ocrx_word' id='word_1_53' title='bbox 958 833 991 895; x_wconf 86' lang='lat' dir='ltr'><strong>et</strong></span> <span class='ocrx_word' id='word_1_54' title='bbox 1011 850 1043 895; x_wconf 83' lang='lat' dir='ltr'><strong>v.</strong></span> <span class='ocrx_word' id='word_1_55' title='bbox 1069 834 1109 895; x_wconf 72' lang='lat'><strong>12</strong></span> <span class='ocrx_word' id='word_1_56' title='bbox 1129 829 1294 897; x_wconf 89' lang='lat' dir='ltr'><strong>advenae.</strong></span> 
     </span>
    </p>
   </div>
   <div class='ocr_carea' id='block_1_4' title="bbox 551 1063 1250 1126">
    <p class='ocr_par' dir='ltr' id='par_1_4' title="bbox 551 1063 1250 1126">
     <span class='ocr_line' id='line_1_6' title="bbox 551 1063 1250 1126; baseline 0 -12"><span class='ocrx_word' id='word_1_57' title='bbox 551 1078 575 1114; x_wconf 91' lang='lat' dir='ltr'><strong>c.</strong></span> <span class='ocrx_word' id='word_1_58' title='bbox 592 1063 710 1114; x_wconf 81' lang='lat' dir='ltr'><strong>Novella</strong></span> <span class='ocrx_word' id='word_1_59' title='bbox 724 1064 759 1114; x_wconf 85' lang='lat' dir='ltr'><strong>de</strong></span> <span class='ocrx_word' id='word_1_60' title='bbox 769 1065 867 1126; x_wconf 87' lang='lat' dir='ltr'><strong>requie</strong></span> <span class='ocrx_word' id='word_1_61' title='bbox 881 1063 1025 1114; x_wconf 75' lang='lat' dir='ltr'><strong>sabbatina</strong></span> <span class='ocrx_word' id='word_1_62' title='bbox 1039 1069 1089 1114; x_wconf 84' lang='lat' dir='ltr'><strong>Ex.</strong></span> <span class='ocrx_word' id='word_1_63' title='bbox 1107 1063 1250 1125; x_wconf 52' lang='lat' dir='ltr'><strong>2340,st</strong></span> 
     </span>
    </p>
   </div>
   <div class='ocr_carea' id='block_1_5' title="bbox 231 1245 1568 1760">
    <p class='ocr_par' dir='ltr' id='par_1_5' title="bbox 234 1245 1567 1543">
     <span class='ocr_line' id='line_1_7' title="bbox 278 1245 1567 1337; baseline 0 -23"><span class='ocrx_word' id='word_1_64' title='bbox 278 1252 364 1337; x_wconf 75' lang='lat' dir='ltr'><strong>Arq.</strong></span> <span class='ocrx_word' id='word_1_65' title='bbox 380 1287 425 1297; x_wconf 88' lang='lat'>-</span> <span class='ocrx_word' id='word_1_66' title='bbox 439 1253 539 1314; x_wconf 78' lang='lat' dir='ltr'><strong>Anno</strong></span> <span class='ocrx_word' id='word_1_67' title='bbox 553 1247 700 1335; x_wconf 88' lang='lat' dir='ltr'><strong>septimo</strong></span> <span class='ocrx_word' id='word_1_68' title='bbox 713 1245 912 1313; x_wconf 82' lang='lat' dir='ltr'><strong>conceditur</strong></span> <span class='ocrx_word' id='word_1_69' title='bbox 924 1251 1059 1335; x_wconf 84' lang='lat' dir='ltr'><strong>requies</strong></span> <span class='ocrx_word' id='word_1_70' title='bbox 1070 1251 1200 1330; x_wconf 87' lang='lat' dir='ltr'><strong>terrae,</strong></span> <span class='ocrx_word' id='word_1_71' title='bbox 1217 1246 1386 1313; x_wconf 87' lang='lat' dir='ltr'><strong>fructibus</strong></span> <span class='ocrx_word' id='word_1_72' title='bbox 1398 1248 1471 1314; x_wconf 89' lang='lat' dir='ltr'><strong>eius</strong></span> <span class='ocrx_word' id='word_1_73' title='bbox 1483 1270 1567 1337; x_wconf 89' lang='lat' dir='ltr'><strong>pau-</strong></span> 
     </span>
     <span class='ocr_line' id='line_1_8' title="bbox 237 1351 1564 1447; baseline -0.002 -25"><span class='ocrx_word' id='word_1_74' title='bbox 237 1355 377 1447; x_wconf 90' lang='lat' dir='ltr'><strong>peribus</strong></span> <span class='ocrx_word' id='word_1_75' title='bbox 395 1361 429 1421; x_wconf 87' lang='lat' dir='ltr'><strong>et</strong></span> <span class='ocrx_word' id='word_1_76' title='bbox 447 1352 563 1420; x_wconf 90' lang='lat' dir='ltr'><strong>bestiis</strong></span> <span class='ocrx_word' id='word_1_77' title='bbox 586 1351 776 1442; x_wconf 79' lang='lat' dir='ltr'><strong>permissis3</strong></span> <span class='ocrx_word' id='word_1_78' title='bbox 799 1353 855 1418; x_wconf 90' lang='lat' dir='ltr'><strong>die</strong></span> <span class='ocrx_word' id='word_1_79' title='bbox 875 1351 1020 1441; x_wconf 91' lang='lat' dir='ltr'><strong>septimo</strong></span> <span class='ocrx_word' id='word_1_80' title='bbox 1040 1353 1239 1420; x_wconf 86' lang='lat' dir='ltr'><strong>conceditur</strong></span> <span class='ocrx_word' id='word_1_81' title='bbox 1258 1355 1393 1443; x_wconf 87' lang='lat' dir='ltr'><strong>requies</strong></span> <span class='ocrx_word' id='word_1_82' title='bbox 1413 1353 1564 1435; x_wconf 89' lang='lat' dir='ltr'><strong>civibus,</strong></span> 
     </span>
     <span class='ocr_line' id='line_1_9' title="bbox 234 1457 730 1543; baseline -0.012 -14"><span class='ocrx_word' id='word_1_83' title='bbox 234 1463 413 1543; x_wconf 86' lang='lat' dir='ltr'><strong>iumentis,</strong></span> <span class='ocrx_word' id='word_1_84' title='bbox 431 1459 554 1543; x_wconf 84' lang='lat' dir='ltr'><strong>servis,</strong></span> <span class='ocrx_word' id='word_1_85' title='bbox 576 1457 730 1526; x_wconf 86' lang='lat' dir='ltr'><strong>advenis.</strong></span> 
     </span>
    </p>

    <p class='ocr_par' dir='ltr' id='par_1_6' title="bbox 231 1564 1568 1760">
     <span class='ocr_line' id='line_1_10' title="bbox 279 1564 1568 1654; baseline -0.002 -20"><span class='ocrx_word' id='word_1_86' title='bbox 279 1568 329 1634; x_wconf 80' lang='lat' dir='ltr'><strong>ad</strong></span> <span class='ocrx_word' id='word_1_87' title='bbox 343 1588 471 1634; x_wconf 87' lang='lat' dir='ltr'><strong>annum</strong></span> <span class='ocrx_word' id='word_1_88' title='bbox 491 1564 1032 1648; x_wconf 73' lang='lat' dir='ltr'><strong>sabbaticumaltudebatur21‚2</strong></span> <span class='ocrx_word' id='word_1_89' title='bbox 1050 1587 1057 1633; x_wconf 93' lang='lat'>:</span> <span class='ocrx_word' id='word_1_90' title='bbox 1076 1586 1160 1652; x_wconf 80' lang='lat' dir='ltr'><strong>ergo</strong></span> <span class='ocrx_word' id='word_1_91' title='bbox 1176 1574 1255 1633; x_wconf 87' lang='lat' dir='ltr'><strong>ante</strong></span> <span class='ocrx_word' id='word_1_92' title='bbox 1267 1572 1401 1654; x_wconf 83' lang='lat' dir='ltr'><strong>Moysen</strong></span> <span class='ocrx_word' id='word_1_93' title='bbox 1415 1567 1444 1632; x_wconf 90' lang='lat' dir='ltr'><strong>is</strong></span> <span class='ocrx_word' id='word_1_94' title='bbox 1457 1567 1568 1634; x_wconf 87' lang='lat' dir='ltr'><strong>fuerat</strong></span> 
     </span>
     <span class='ocr_line' id='line_1_11' title="bbox 231 1671 1567 1760; baseline -0.001 -19"><span class='ocrx_word' id='word_1_95' title='bbox 231 1674 420 1754; x_wconf 88' lang='lat' dir='ltr'><strong>institutus,</strong></span> <span class='ocrx_word' id='word_1_96' title='bbox 439 1680 513 1739; x_wconf 90' lang='lat' dir='ltr'><strong>erat</strong></span> <span class='ocrx_word' id='word_1_97' title='bbox 539 1679 657 1738; x_wconf 89' lang='lat' dir='ltr'><strong>tamen</strong></span> <span class='ocrx_word' id='word_1_98' title='bbox 680 1671 850 1738; x_wconf 85' lang='lat' dir='ltr'><strong>recentior</strong></span> <span class='ocrx_word' id='word_1_99' title='bbox 864 1672 940 1760; x_wconf 92' lang='lat' dir='ltr'><strong>ipso</strong></span> <span class='ocrx_word' id='word_1_100' title='bbox 957 1671 1112 1738; x_wconf 88' lang='lat' dir='ltr'><strong>sabbato.</strong></span> <span class='ocrx_word' id='word_1_101' title='bbox 1131 1675 1197 1739; x_wconf 82' lang='lat' dir='ltr'><strong>Cur</strong></span> <span class='ocrx_word' id='word_1_102' title='bbox 1215 1673 1357 1741; x_wconf 89' lang='lat' dir='ltr'><strong>sabbato</strong></span> <span class='ocrx_word' id='word_1_103' title='bbox 1374 1673 1409 1738; x_wconf 93' lang='lat' dir='ltr'><strong>h.</strong></span> <span class='ocrx_word' id='word_1_104' title='bbox 1427 1672 1452 1740; x_wconf 92' lang='lat' dir='ltr'><strong>l.</strong></span> <span class='ocrx_word' id='word_1_105' title='bbox 1470 1682 1567 1739; x_wconf 91' lang='lat' dir='ltr'><strong>ante-</strong></span> 
     </span>
    </p>
   </div>
   <div class='ocr_carea' id='block_1_6' title="bbox 3 1777 1566 1871">
    <p class='ocr_par' dir='ltr' id='par_1_7' title="bbox 3 1761 1566 1878">
     <span class='ocr_line' id='line_1_12' title="bbox 3 1777 1566 1871; baseline 0.003 -29"><span class='ocrx_word' id='word_1_106' title='bbox 3 1782 66 1838; x_wconf 56' lang='lat' dir='ltr'><strong>:ss</strong></span> <span class='ocrx_word' id='word_1_107' title='bbox 108 1806 111 1809; x_wconf 47' lang='lat'>‘</span> <span class='ocrx_word' id='word_1_108' title='bbox 140 1840 142 1843; x_wconf 92' lang='lat'>.</span> <span class='ocrx_word' id='word_1_109' title='bbox 232 1785 392 1871; x_wconf 89' lang='lat' dir='ltr'><strong>ponatur,</strong></span> <span class='ocrx_word' id='word_1_110' title='bbox 421 1800 490 1870; x_wconf 83' lang='lat' dir='ltr'><strong>nou</strong></span> <span class='ocrx_word' id='word_1_111' title='bbox 515 1777 634 1869; x_wconf 89' lang='lat' dir='ltr'><strong>liquet.</strong></span> <span class='ocrx_word' id='word_1_112' title='bbox 661 1780 744 1844; x_wconf 85' lang='lat' dir='ltr'><strong>Cum</strong></span> <span class='ocrx_word' id='word_1_113' title='bbox 763 1799 875 1844; x_wconf 90' lang='lat' dir='ltr'><strong>annus</strong></span> <span class='ocrx_word' id='word_1_114' title='bbox 899 1777 1094 1844; x_wconf 78' lang='lat' dir='ltr'><strong>sabbaticus</strong></span> <span class='ocrx_word' id='word_1_115' title='bbox 1115 1800 1286 1868; x_wconf 91' lang='lat' dir='ltr'><strong>nusquam</strong></span> <span class='ocrx_word' id='word_1_116' title='bbox 1310 1779 1505 1846; x_wconf 77' lang='lat' dir='ltr'><strong>affirmetur</strong></span> <span class='ocrx_word' id='word_1_117' title='bbox 1531 1780 1566 1846; x_wconf 92' lang='lat' dir='ltr'><strong>iu</strong></span> 
     </span>
    </p>
   </div>
   <div class='ocr_carea' id='block_1_7' title="bbox 233 1883 1566 1974">
    <p class='ocr_par' dir='ltr' id='par_1_8' title="bbox 233 1883 1566 1974">
     <span class='ocr_line' id='line_1_13' title="bbox 233 1883 1566 1974; baseline -0.002 -20"><span class='ocrx_word' id='word_1_118' title='bbox 233 1885 435 1954; x_wconf 86' lang='lat' dir='ltr'><strong>memoriam</strong></span> <span class='ocrx_word' id='word_1_119' title='bbox 453 1884 553 1950; x_wconf 79' lang='lat' dir='ltr'><strong>erodi</strong></span> <span class='ocrx_word' id='word_1_120' title='bbox 572 1885 796 1973; x_wconf 75' lang='lat' dir='ltr'><strong>aegyptiacae</strong></span> <span class='ocrx_word' id='word_1_121' title='bbox 815 1906 888 1950; x_wconf 86' lang='lat' dir='ltr'><strong>esse</strong></span> <span class='ocrx_word' id='word_1_122' title='bbox 910 1885 1117 1966; x_wconf 84' lang='lat' dir='ltr'><strong>servandus,</strong></span> <span class='ocrx_word' id='word_1_123' title='bbox 1138 1883 1265 1952; x_wconf 82' lang='lat' dir='ltr'><strong>exodus</strong></span> <span class='ocrx_word' id='word_1_124' title='bbox 1279 1885 1340 1952; x_wconf 93' lang='lat' dir='ltr'><strong>illa</strong></span> <span class='ocrx_word' id='word_1_125' title='bbox 1354 1887 1389 1952; x_wconf 93' lang='lat' dir='ltr'><strong>h.</strong></span> <span class='ocrx_word' id='word_1_126' title='bbox 1410 1885 1435 1951; x_wconf 94' lang='lat' dir='ltr'><strong>l.</strong></span> <span class='ocrx_word' id='word_1_127' title='bbox 1454 1907 1566 1974; x_wconf 90' lang='lat' dir='ltr'><strong>neque</strong></span> 
     </span>
    </p>
   </div>
   <div class='ocr_carea' id='block_1_8' title="bbox 55 1989 1566 2079">
    <p class='ocr_par' dir='ltr' id='par_1_9' title="bbox 12 1970 1566 2094">
     <span class='ocr_line' id='line_1_14' title="bbox 55 1989 1566 2079; baseline -0.001 -19.055"><span class='ocrx_word' id='word_1_128' title='bbox 55 2027 62 2036; x_wconf 53' lang='lat'><em>⁴</em></span> <span class='ocrx_word' id='word_1_129' title='bbox 147 2049 150 2053; x_wconf 64' lang='grc'><em>,</em></span> <span class='ocrx_word' id='word_1_130' title='bbox 232 1995 372 2061; x_wconf 82' lang='lat' dir='ltr'><strong>affertur</strong></span> <span class='ocrx_word' id='word_1_131' title='bbox 386 1997 425 2058; x_wconf 92' lang='lat' dir='ltr'><strong>ut</strong></span> <span class='ocrx_word' id='word_1_132' title='bbox 438 1991 526 2058; x_wconf 90' lang='lat' dir='ltr'><strong>ratio</strong></span> <span class='ocrx_word' id='word_1_133' title='bbox 541 1989 746 2056; x_wconf 86' lang='lat' dir='ltr'><strong>observandi</strong></span> <span class='ocrx_word' id='word_1_134' title='bbox 759 1990 895 2057; x_wconf 89' lang='lat' dir='ltr'><strong>sabbati</strong></span> <span class='ocrx_word' id='word_1_135' title='bbox 912 2013 920 2058; x_wconf 92' lang='lat'><strong>:</strong></span> <span class='ocrx_word' id='word_1_136' title='bbox 935 1991 972 2057; x_wconf 91' lang='lat' dir='ltr'><strong>id</strong></span> <span class='ocrx_word' id='word_1_137' title='bbox 988 2013 1056 2056; x_wconf 90' lang='lat' dir='ltr'><strong>uon</strong></span> <span class='ocrx_word' id='word_1_138' title='bbox 1071 1990 1195 2079; x_wconf 89' lang='lat' dir='ltr'><strong>probat</strong></span> <span class='ocrx_word' id='word_1_139' title='bbox 1207 1991 1297 2058; x_wconf 91' lang='lat' dir='ltr'><strong>hanc</strong></span> <span class='ocrx_word' id='word_1_140' title='bbox 1312 1993 1422 2077; x_wconf 80' lang='lat' dir='ltr'><strong>legem</strong></span> <span class='ocrx_word' id='word_1_141' title='bbox 1440 1992 1484 2060; x_wconf 89' lang='lat' dir='ltr'><strong>ab</strong></span> <span class='ocrx_word' id='word_1_142' title='bbox 1497 1992 1566 2058; x_wconf 88' lang='lat' dir='ltr'><strong>alio</strong></span> 
     </span>
    </p>
   </div>
   <div class='ocr_carea' id='block_1_9' title="bbox 224 2097 1566 3462">
    <p class='ocr_par' dir='ltr' id='par_1_10' title="bbox 224 2097 1566 3462">
     <span class='ocr_line' id='line_1_15' title="bbox 234 2097 1563 2187; baseline -0.004 -18"><span class='ocrx_word' id='word_1_143' title='bbox 234 2123 305 2168; x_wconf 90' lang='lat' dir='ltr'><strong>esse</strong></span> <span class='ocrx_word' id='word_1_144' title='bbox 322 2097 571 2187; x_wconf 79' lang='lat' dir='ltr'><strong>conscriptam,</strong></span> <span class='ocrx_word' id='word_1_145' title='bbox 595 2104 698 2186; x_wconf 91' lang='lat' dir='ltr'><strong>atque</strong></span> <span class='ocrx_word' id='word_1_146' title='bbox 719 2119 752 2162; x_wconf 91' lang='lat' dir='ltr'><strong>v.</strong></span> <span class='ocrx_word' id='word_1_147' title='bbox 775 2118 810 2183; x_wconf 82' lang='lat' dir='ltr'><strong>g.</strong></span> <span class='ocrx_word' id='word_1_148' title='bbox 833 2103 974 2164; x_wconf 91' lang='lat' dir='ltr'><strong>auctore</strong></span> <span class='ocrx_word' id='word_1_149' title='bbox 997 2101 1091 2164; x_wconf 87' lang='lat' dir='ltr'><strong>lteut.</strong></span> <span class='ocrx_word' id='word_1_150' title='bbox 1118 2104 1208 2180; x_wconf 81' lang='lat'><strong>5,15,</strong></span> <span class='ocrx_word' id='word_1_151' title='bbox 1236 2097 1293 2164; x_wconf 90' lang='lat' dir='ltr'><strong>sed</strong></span> <span class='ocrx_word' id='word_1_152' title='bbox 1311 2097 1486 2164; x_wconf 91' lang='lat' dir='ltr'><strong>diversum</strong></span> <span class='ocrx_word' id='word_1_153' title='bbox 1505 2097 1563 2164; x_wconf 88' lang='lat' dir='ltr'><strong>de-</strong></span> 
     </span>
     <span class='ocr_line' id='line_1_16' title="bbox 232 2201 1559 2294; baseline -0.002 -22"><span class='ocrx_word' id='word_1_154' title='bbox 232 2211 399 2273; x_wconf 91' lang='lat' dir='ltr'><strong>monstrat</strong></span> <span class='ocrx_word' id='word_1_155' title='bbox 417 2207 625 2270; x_wconf 84' lang='lat' dir='ltr'><strong>contextum.</strong></span> <span class='ocrx_word' id='word_1_156' title='bbox 656 2208 708 2269; x_wconf 76' lang='lat' dir='ltr'><strong>An</strong></span> <span class='ocrx_word' id='word_1_157' title='bbox 733 2202 848 2288; x_wconf 86' lang='lat' dir='ltr'><strong>legem</strong></span> <span class='ocrx_word' id='word_1_158' title='bbox 872 2203 914 2269; x_wconf 91' lang='lat' dir='ltr'><strong>iis</strong></span> <span class='ocrx_word' id='word_1_159' title='bbox 933 2201 1061 2284; x_wconf 88' lang='lat' dir='ltr'><strong>verbis,</strong></span> <span class='ocrx_word' id='word_1_160' title='bbox 1087 2225 1175 2294; x_wconf 91' lang='lat' dir='ltr'><strong>quae</strong></span> <span class='ocrx_word' id='word_1_161' title='bbox 1195 2227 1227 2270; x_wconf 93' lang='lat' dir='ltr'><strong>v.</strong></span> <span class='ocrx_word' id='word_1_162' title='bbox 1262 2210 1363 2271; x_wconf 70' lang='lat'><strong>10-12</strong></span> <span class='ocrx_word' id='word_1_163' title='bbox 1383 2203 1559 2291; x_wconf 85' lang='lat' dir='ltr'><strong>leguntur,</strong></span> 
     </span>
     <span class='ocr_line' id='line_1_17' title="bbox 232 2308 1565 2401; baseline -0.002 -22"><span class='ocrx_word' id='word_1_164' title='bbox 232 2319 357 2400; x_wconf 83' lang='lat' dir='ltr'><strong>Moyses</strong></span> <span class='ocrx_word' id='word_1_165' title='bbox 378 2311 511 2401; x_wconf 93' lang='lat' dir='ltr'><strong>primus</strong></span> <span class='ocrx_word' id='word_1_166' title='bbox 525 2308 781 2398; x_wconf 86' lang='lat' dir='ltr'><strong>conscripserit,</strong></span> <span class='ocrx_word' id='word_1_167' title='bbox 803 2316 863 2376; x_wconf 89' lang='lat' dir='ltr'><strong>aut</strong></span> <span class='ocrx_word' id='word_1_168' title='bbox 879 2310 966 2376; x_wconf 88' lang='lat' dir='ltr'><strong>alius</strong></span> <span class='ocrx_word' id='word_1_169' title='bbox 988 2315 1068 2377; x_wconf 89' lang='lat' dir='ltr'><strong>ante</strong></span> <span class='ocrx_word' id='word_1_170' title='bbox 1084 2309 1216 2399; x_wconf 90' lang='lat' dir='ltr'><strong>ipsum,</strong></span> <span class='ocrx_word' id='word_1_171' title='bbox 1239 2312 1419 2378; x_wconf 89' lang='lat' dir='ltr'><strong>nescimus.</strong></span> <span class='ocrx_word' id='word_1_172' title='bbox 1442 2311 1565 2388; x_wconf 83' lang='lat' dir='ltr'><strong>Quodsi</strong></span> 
     </span>
     <span class='ocr_line' id='line_1_18' title="bbox 233 2413 1565 2506; baseline -0.001 -22"><span class='ocrx_word' id='word_1_173' title='bbox 233 2425 358 2506; x_wconf 82' lang='lat' dir='ltr'><strong>Moyses</strong></span> <span class='ocrx_word' id='word_1_174' title='bbox 379 2437 455 2482; x_wconf 90' lang='lat' dir='ltr'><strong>eam</strong></span> <span class='ocrx_word' id='word_1_175' title='bbox 471 2413 576 2482; x_wconf 89' lang='lat' dir='ltr'><strong>tradit</strong></span> <span class='ocrx_word' id='word_1_176' title='bbox 594 2413 709 2480; x_wconf 88' lang='lat' dir='ltr'><strong>vorbis</strong></span> <span class='ocrx_word' id='word_1_177' title='bbox 728 2437 749 2481; x_wconf 93' lang='lat' dir='ltr'><strong>a</strong></span> <span class='ocrx_word' id='word_1_178' title='bbox 769 2415 958 2482; x_wconf 90' lang='lat' dir='ltr'><strong>maioribus</strong></span> <span class='ocrx_word' id='word_1_179' title='bbox 979 2415 1141 2506; x_wconf 89' lang='lat' dir='ltr'><strong>acceptis,</strong></span> <span class='ocrx_word' id='word_1_180' title='bbox 1160 2418 1256 2484; x_wconf 92' lang='lat' dir='ltr'><strong>haud</strong></span> <span class='ocrx_word' id='word_1_181' title='bbox 1271 2419 1398 2483; x_wconf 92' lang='lat' dir='ltr'><strong>mirum</strong></span> <span class='ocrx_word' id='word_1_182' title='bbox 1420 2422 1470 2483; x_wconf 86' lang='lat' dir='ltr'><strong>est</strong></span> <span class='ocrx_word' id='word_1_183' title='bbox 1486 2439 1565 2484; x_wconf 90' lang='lat' dir='ltr'><strong>eum</strong></span> 
     </span>
     <span class='ocr_line' id='line_1_19' title="bbox 234 2520 1565 2612; baseline -0.002 -22"><span class='ocrx_word' id='word_1_184' title='bbox 234 2522 329 2612; x_wconf 91' lang='lat' dir='ltr'><strong>loqui</strong></span> <span class='ocrx_word' id='word_1_185' title='bbox 343 2523 387 2589; x_wconf 91' lang='lat' dir='ltr'><strong>de</strong></span> <span class='ocrx_word' id='word_1_186' title='bbox 403 2523 511 2611; x_wconf 79' lang='lat' dir='ltr'><strong>apris,</strong></span> <span class='ocrx_word' id='word_1_187' title='bbox 529 2520 611 2588; x_wconf 85' lang='lat' dir='ltr'><strong>licet</strong></span> <span class='ocrx_word' id='word_1_188' title='bbox 626 2541 729 2606; x_wconf 84' lang='lat' dir='ltr'><strong>agros</strong></span> <span class='ocrx_word' id='word_1_189' title='bbox 741 2521 917 2587; x_wconf 88' lang='lat' dir='ltr'><strong>Israelitae</strong></span> <span class='ocrx_word' id='word_1_190' title='bbox 934 2526 1086 2589; x_wconf 91' lang='lat' dir='ltr'><strong>montem</strong></span> <span class='ocrx_word' id='word_1_191' title='bbox 1101 2521 1196 2589; x_wconf 88' lang='lat' dir='ltr'><strong>Sinai</strong></span> <span class='ocrx_word' id='word_1_192' title='bbox 1210 2521 1496 2590; x_wconf 87' lang='lat' dir='ltr'><strong>circumsedentes</strong></span> <span class='ocrx_word' id='word_1_193' title='bbox 1511 2524 1565 2588; x_wconf 84' lang='lat' dir='ltr'><strong>m&#39;r</strong></span> 
     </span>
     <span class='ocr_line' id='line_1_20' title="bbox 234 2626 1564 2716; baseline 0 -20"><span class='ocrx_word' id='word_1_194' title='bbox 234 2629 429 2697; x_wconf 85' lang='lat' dir='ltr'><strong>habuerint.</strong></span> <span class='ocrx_word' id='word_1_195' title='bbox 451 2649 482 2693; x_wconf 90' lang='lat' dir='ltr'><strong>v.</strong></span> <span class='ocrx_word' id='word_1_196' title='bbox 506 2635 545 2694; x_wconf 91' lang='lat'><strong>10</strong></span> <span class='ocrx_word' id='word_1_197' title='bbox 571 2653 586 2686; x_wconf 94' lang='lat'>«</span> <span class='ocrx_word' id='word_1_198' title='bbox 606 2627 675 2693; x_wconf 77' lang='lat' dir='ltr'><strong>Sec</strong></span> <span class='ocrx_word' id='word_1_199' title='bbox 689 2626 791 2693; x_wconf 83' lang='lat' dir='ltr'><strong>aunis</strong></span> <span class='ocrx_word' id='word_1_200' title='bbox 812 2627 994 2694; x_wconf 80' lang='lat' dir='ltr'><strong>seminabis</strong></span> <span class='ocrx_word' id='word_1_201' title='bbox 1014 2641 1141 2695; x_wconf 82' lang='lat' dir='ltr'><strong>terram</strong></span> <span class='ocrx_word' id='word_1_202' title='bbox 1166 2639 1262 2695; x_wconf 74' lang='lat' dir='ltr'><strong>tetam</strong></span> <span class='ocrx_word' id='word_1_203' title='bbox 1285 2657 1315 2710; x_wconf 74' lang='lat' dir='ltr'><strong>a,</strong></span> <span class='ocrx_word' id='word_1_204' title='bbox 1339 2629 1363 2695; x_wconf 89' lang='lat' dir='ltr'><strong>i.</strong></span> <span class='ocrx_word' id='word_1_205' title='bbox 1385 2651 1417 2695; x_wconf 87' lang='lat' dir='ltr'><strong>e.</strong></span> <span class='ocrx_word' id='word_1_206' title='bbox 1440 2651 1564 2716; x_wconf 82' lang='lat' dir='ltr'><strong>agrum</strong></span> 
     </span>
     <span class='ocr_line' id='line_1_21' title="bbox 238 2733 1564 2826; baseline 0 -24"><span class='ocrx_word' id='word_1_207' title='bbox 238 2734 371 2826; x_wconf 82' lang='lat' dir='ltr'><strong>(Tost.)‚</strong></span> <span class='ocrx_word' id='word_1_208' title='bbox 394 2762 411 2797; x_wconf 89' lang='lat'>«</span> <span class='ocrx_word' id='word_1_209' title='bbox 432 2747 463 2801; x_wconf 83' lang='lat' dir='ltr'><strong>et</strong></span> <span class='ocrx_word' id='word_1_210' title='bbox 482 2733 707 2822; x_wconf 75' lang='lat' dir='ltr'><strong>corcyrequbis</strong></span> <span class='ocrx_word' id='word_1_211' title='bbox 725 2736 845 2823; x_wconf 70' lang='lat' dir='ltr'><strong>[rupes</strong></span> <span class='ocrx_word' id='word_1_212' title='bbox 865 2735 939 2800; x_wconf 83' lang='lat' dir='ltr'><strong>eius</strong></span> <span class='ocrx_word' id='word_1_213' title='bbox 966 2753 1000 2814; x_wconf 87' lang='lat'><strong>»;</strong></span> <span class='ocrx_word' id='word_1_214' title='bbox 1020 2758 1052 2802; x_wconf 81' lang='lat' dir='ltr'><strong>y.</strong></span> <span class='ocrx_word' id='word_1_215' title='bbox 1074 2741 1111 2802; x_wconf 92' lang='lat'><strong>11</strong></span> <span class='ocrx_word' id='word_1_216' title='bbox 1138 2763 1153 2797; x_wconf 92' lang='lat'>«</span> <span class='ocrx_word' id='word_1_217' title='bbox 1171 2757 1262 2802; x_wconf 83' lang='lat' dir='ltr'><strong>cuno</strong></span> <span class='ocrx_word' id='word_1_218' title='bbox 1286 2749 1402 2802; x_wconf 83' lang='lat' dir='ltr'><strong>autem</strong></span> <span class='ocrx_word' id='word_1_219' title='bbox 1422 2738 1564 2826; x_wconf 82' lang='lat' dir='ltr'><strong>septimo</strong></span> 
     </span>
     <span class='ocr_line' id='line_1_22' title="bbox 231 2840 1566 2928; baseline -0.001 -18"><span class='ocrx_word' id='word_1_220' title='bbox 231 2843 382 2910; x_wconf 82' lang='lat' dir='ltr'><strong>dimittes</strong></span> <span class='ocrx_word' id='word_1_221' title='bbox 406 2853 528 2908; x_wconf 84' lang='lat' dir='ltr'><strong>comet</strong></span> <span class='ocrx_word' id='word_1_222' title='bbox 552 2841 763 2928; x_wconf 80' lang='lat' dir='ltr'><strong>requiescere</strong></span> <span class='ocrx_word' id='word_1_223' title='bbox 784 2840 908 2927; x_wconf 73' lang='lat' dir='ltr'><strong>facies,</strong></span> <span class='ocrx_word' id='word_1_224' title='bbox 934 2853 972 2906; x_wconf 82' lang='lat' dir='ltr'><strong>ut</strong></span> <span class='ocrx_word' id='word_1_225' title='bbox 998 2868 1013 2900; x_wconf 88' lang='lat'>»</span> <span class='ocrx_word' id='word_1_226' title='bbox 1039 2881 1083 2891; x_wconf 91' lang='lat'><strong>—-</strong></span> <span class='ocrx_word' id='word_1_227' title='bbox 1098 2845 1199 2908; x_wconf 83' lang='lat' dir='ltr'><strong>Hebr.</strong></span> <span class='ocrx_word' id='word_1_228' title='bbox 1227 2854 1260 2908; x_wconf 84' lang='lat' dir='ltr'><strong>et</strong></span> <span class='ocrx_word' id='word_1_229' title='bbox 1276 2879 1319 2892; x_wconf 92' lang='lat'><em>-</em></span> <span class='ocrx_word' id='word_1_230' title='bbox 1344 2871 1360 2904; x_wconf 76' lang='grc' dir='ltr'>α</span> <span class='ocrx_word' id='word_1_231' title='bbox 1385 2842 1566 2910; x_wconf 79' lang='lat' dir='ltr'><strong>concedant</strong></span> 
     </span>
     <span class='ocr_line' id='line_1_23' title="bbox 224 2945 1560 3040; baseline -0.001 -23"><span class='ocrx_word' id='word_1_232' title='bbox 224 2971 396 3040; x_wconf 74' lang='lat' dir='ltr'><strong>puerperas</strong></span> <span class='ocrx_word' id='word_1_233' title='bbox 408 2946 533 3036; x_wconf 81' lang='lat' dir='ltr'><strong>populi</strong></span> <span class='ocrx_word' id='word_1_234' title='bbox 548 2947 619 3030; x_wconf 81' lang='lat' dir='ltr'><strong>tui‚·</strong></span> <span class='ocrx_word' id='word_1_235' title='bbox 637 2959 670 3013; x_wconf 81' lang='lat' dir='ltr'><strong>et</strong></span> <span class='ocrx_word' id='word_1_236' title='bbox 683 2945 857 3036; x_wconf 82' lang='lat' dir='ltr'><strong>quidquid</strong></span> <span class='ocrx_word' id='word_1_237' title='bbox 874 2947 1048 3037; x_wconf 81' lang='lat' dir='ltr'><strong>reliquum</strong></span> <span class='ocrx_word' id='word_1_238' title='bbox 1062 2947 1188 3036; x_wconf 84' lang='lat' dir='ltr'><strong>fuerit,</strong></span> <span class='ocrx_word' id='word_1_239' title='bbox 1211 2948 1316 3015; x_wconf 64' lang='lat' dir='ltr'><strong>estuat</strong></span> <span class='ocrx_word' id='word_1_240' title='bbox 1332 2947 1458 3016; x_wconf 82' lang='lat' dir='ltr'><strong>bestiae</strong></span> <span class='ocrx_word' id='word_1_241' title='bbox 1474 2951 1560 3039; x_wconf 74' lang='lat' dir='ltr'><strong>cyri.</strong></span> 
     </span>
     <span class='ocr_line' id='line_1_24' title="bbox 229 3053 1562 3146; baseline -0.001 -24"><span class='ocrx_word' id='word_1_242' title='bbox 229 3061 280 3124; x_wconf 82' lang='lat' dir='ltr'><strong>Ita</strong></span> <span class='ocrx_word' id='word_1_243' title='bbox 294 3055 408 3146; x_wconf 78' lang='lat' dir='ltr'><strong>facies</strong></span> <span class='ocrx_word' id='word_1_244' title='bbox 428 3054 466 3120; x_wconf 82' lang='lat' dir='ltr'><strong>iu</strong></span> <span class='ocrx_word' id='word_1_245' title='bbox 484 3053 586 3121; x_wconf 82' lang='lat' dir='ltr'><strong>uinea</strong></span> <span class='ocrx_word' id='word_1_246' title='bbox 606 3066 640 3120; x_wconf 79' lang='lat' dir='ltr'><strong>et</strong></span> <span class='ocrx_word' id='word_1_247' title='bbox 660 3053 697 3119; x_wconf 83' lang='lat' dir='ltr'><strong>iu</strong></span> <span class='ocrx_word' id='word_1_248' title='bbox 722 3053 842 3119; x_wconf 80' lang='lat' dir='ltr'><strong>oliveto</strong></span> <span class='ocrx_word' id='word_1_249' title='bbox 860 3065 918 3120; x_wconf 81' lang='lat' dir='ltr'><strong>tuo</strong></span> <span class='ocrx_word' id='word_1_250' title='bbox 939 3081 969 3119; x_wconf 83' lang='lat'><strong>».</strong></span> <span class='ocrx_word' id='word_1_251' title='bbox 993 3054 1040 3120; x_wconf 82' lang='lat' dir='ltr'><strong>cf.</strong></span> <span class='ocrx_word' id='word_1_252' title='bbox 1066 3059 1142 3120; x_wconf 85' lang='lat' dir='ltr'><strong>Lev.</strong></span> <span class='ocrx_word' id='word_1_253' title='bbox 1164 3059 1243 3137; x_wconf 72' lang='lat'>25‚3</span> <span class='ocrx_word' id='word_1_254' title='bbox 1260 3077 1352 3144; x_wconf 81' lang='lat' dir='ltr'><strong>sqq,</strong></span> <span class='ocrx_word' id='word_1_255' title='bbox 1375 3055 1437 3123; x_wconf 90' lang='lat' dir='ltr'><strong>ubi</strong></span> <span class='ocrx_word' id='word_1_256' title='bbox 1457 3056 1562 3122; x_wconf 88' lang='lat' dir='ltr'><strong>etiam</strong></span> 
     </span>
     <span class='ocr_line' id='line_1_25' title="bbox 228 3159 1562 3251; baseline 0 -23"><span class='ocrx_word' id='word_1_257' title='bbox 228 3163 367 3244; x_wconf 87' lang='lat' dir='ltr'><strong>dicitur,</strong></span> <span class='ocrx_word' id='word_1_258' title='bbox 388 3159 481 3250; x_wconf 92' lang='lat' dir='ltr'><strong>quod</strong></span> <span class='ocrx_word' id='word_1_259' title='bbox 499 3159 710 3248; x_wconf 88' lang='lat' dir='ltr'><strong>pauperibus</strong></span> <span class='ocrx_word' id='word_1_260' title='bbox 727 3163 761 3226; x_wconf 84' lang='lat' dir='ltr'><strong>et</strong></span> <span class='ocrx_word' id='word_1_261' title='bbox 779 3159 896 3226; x_wconf 90' lang='lat' dir='ltr'><strong>bestiis</strong></span> <span class='ocrx_word' id='word_1_262' title='bbox 910 3159 1143 3227; x_wconf 85' lang='lat' dir='ltr'><strong>concedantur</strong></span> <span class='ocrx_word' id='word_1_263' title='bbox 1162 3182 1217 3242; x_wconf 91' lang='lat' dir='ltr'><strong>ea,</strong></span> <span class='ocrx_word' id='word_1_264' title='bbox 1239 3183 1327 3250; x_wconf 88' lang='lat' dir='ltr'><strong>quae</strong></span> <span class='ocrx_word' id='word_1_265' title='bbox 1342 3166 1464 3251; x_wconf 90' lang='lat' dir='ltr'><strong>sponte</strong></span> <span class='ocrx_word' id='word_1_266' title='bbox 1483 3183 1562 3228; x_wconf 90' lang='lat' dir='ltr'><strong>nas-</strong></span> 
     </span>
     <span class='ocr_line' id='line_1_26' title="bbox 229 3264 1563 3357; baseline -0.001 -22"><span class='ocrx_word' id='word_1_267' title='bbox 229 3275 362 3336; x_wconf 90' lang='lat' dir='ltr'><strong>cautur.</strong></span> <span class='ocrx_word' id='word_1_268' title='bbox 379 3288 412 3334; x_wconf 85' lang='lat' dir='ltr'><strong>v.</strong></span> <span class='ocrx_word' id='word_1_269' title='bbox 430 3272 471 3333; x_wconf 73' lang='lat'><strong>12</strong></span> <span class='ocrx_word' id='word_1_270' title='bbox 487 3295 502 3326; x_wconf 75' lang='lat' dir='ltr'><strong>a</strong></span> <span class='ocrx_word' id='word_1_271' title='bbox 516 3267 586 3332; x_wconf 80' lang='lat' dir='ltr'><strong>Sea:</strong></span> <span class='ocrx_word' id='word_1_272' title='bbox 599 3264 717 3331; x_wconf 83' lang='lat' dir='ltr'><strong>diebus</strong></span> <span class='ocrx_word' id='word_1_273' title='bbox 733 3265 941 3355; x_wconf 78' lang='lat' dir='ltr'><strong>operaberis,</strong></span> <span class='ocrx_word' id='word_1_274' title='bbox 958 3265 1103 3355; x_wconf 85' lang='lat' dir='ltr'><strong>septimo</strong></span> <span class='ocrx_word' id='word_1_275' title='bbox 1120 3265 1176 3333; x_wconf 83' lang='lat' dir='ltr'><strong>dic</strong></span> <span class='ocrx_word' id='word_1_276' title='bbox 1188 3265 1344 3348; x_wconf 83' lang='lat' dir='ltr'><strong>cessabis,</strong></span> <span class='ocrx_word' id='word_1_277' title='bbox 1361 3279 1400 3334; x_wconf 85' lang='lat' dir='ltr'><strong>at</strong></span> <span class='ocrx_word' id='word_1_278' title='bbox 1415 3267 1563 3357; x_wconf 84' lang='lat' dir='ltr'><strong>requies·</strong></span> 
     </span>
     <span class='ocr_line' id='line_1_27' title="bbox 231 3371 1537 3462; baseline -0.001 -20"><span class='ocrx_word' id='word_1_279' title='bbox 231 3387 285 3442; x_wconf 82' lang='lat' dir='ltr'><strong>cot</strong></span> <span class='ocrx_word' id='word_1_280' title='bbox 301 3377 357 3441; x_wconf 83' lang='lat' dir='ltr'><strong>bos</strong></span> <span class='ocrx_word' id='word_1_281' title='bbox 373 3386 405 3438; x_wconf 83' lang='lat' dir='ltr'><strong>et</strong></span> <span class='ocrx_word' id='word_1_282' title='bbox 419 3373 535 3439; x_wconf 81' lang='lat' dir='ltr'><strong>asinus</strong></span> <span class='ocrx_word' id='word_1_283' title='bbox 551 3385 645 3454; x_wconf 70' lang='lat' dir='ltr'><strong>tzaris,</strong></span> <span class='ocrx_word' id='word_1_284' title='bbox 663 3383 696 3438; x_wconf 85' lang='lat' dir='ltr'><strong>et</strong></span> <span class='ocrx_word' id='word_1_285' title='bbox 709 3372 930 3462; x_wconf 75' lang='lat' dir='ltr'><strong>refriqeretur</strong></span> <span class='ocrx_word' id='word_1_286' title='bbox 942 3371 1038 3462; x_wconf 77' lang='lat' dir='ltr'><strong>filius</strong></span> <span class='ocrx_word' id='word_1_287' title='bbox 1052 3373 1203 3440; x_wconf 84' lang='lat' dir='ltr'><strong>ancillae</strong></span> <span class='ocrx_word' id='word_1_288' title='bbox 1218 3385 1297 3441; x_wconf 84' lang='lat' dir='ltr'><strong>tuae</strong></span> <span class='ocrx_word' id='word_1_289' title='bbox 1313 3389 1346 3440; x_wconf 82' lang='lat' dir='ltr'><strong>et</strong></span> <span class='ocrx_word' id='word_1_290' title='bbox 1360 3373 1493 3441; x_wconf 78' lang='lat' dir='ltr'><strong>aclucna</strong></span> <span class='ocrx_word' id='word_1_291' title='bbox 1507 3402 1537 3441; x_wconf 90' lang='lat'><strong>».</strong></span> 
     </span>
    </p>
   </div>
   <div class='ocr_carea' id='block_1_10' title="bbox 614 3595 1182 3646">
    <p class='ocr_par' dir='ltr' id='par_1_11' title="bbox 614 3595 1182 3646">
     <span class='ocr_line' id='line_1_28' title="bbox 614 3595 1182 3646; baseline 0.004 -9"><span class='ocrx_word' id='word_1_292' title='bbox 614 3595 704 3637; x_wconf 74' lang='lat' dir='ltr'><strong>sertas</strong></span> <span class='ocrx_word' id='word_1_293' title='bbox 717 3596 801 3637; x_wconf 64' lang='lat' dir='ltr'><strong>tertia</strong></span> <span class='ocrx_word' id='word_1_294' title='bbox 815 3604 863 3637; x_wconf 79' lang='lat' dir='ltr'><strong>sex</strong></span> <span class='ocrx_word' id='word_1_295' title='bbox 877 3595 968 3646; x_wconf 68' lang='lat' dir='ltr'><strong>tecum</strong></span> <span class='ocrx_word' id='word_1_296' title='bbox 982 3595 1030 3638; x_wconf 74' lang='lat' dir='ltr'><strong>Ex.</strong></span> <span class='ocrx_word' id='word_1_297' title='bbox 1045 3595 1182 3646; x_wconf 62' lang='lat' dir='ltr'><strong>mma-19.</strong></span> 
     </span>
    </p>
   </div>
   <div class='ocr_carea' id='block_1_11' title="bbox 454 3721 1333 3786">
    <p class='ocr_par' dir='ltr' id='par_1_12' title="bbox 454 3721 1333 3786">
     <span class='ocr_line' id='line_1_29' title="bbox 454 3721 1333 3786; baseline 0.003 -14"><span class='ocrx_word' id='word_1_298' title='bbox 454 3735 481 3773; x_wconf 88' lang='lat' dir='ltr'><strong>a.</strong></span> <span class='ocrx_word' id='word_1_299' title='bbox 497 3721 616 3772; x_wconf 81' lang='lat' dir='ltr'><strong>Novella</strong></span> <span class='ocrx_word' id='word_1_300' title='bbox 627 3721 662 3772; x_wconf 87' lang='lat' dir='ltr'><strong>de</strong></span> <span class='ocrx_word' id='word_1_301' title='bbox 674 3722 858 3773; x_wconf 86' lang='lat' dir='ltr'><strong>abhorrendis</strong></span> <span class='ocrx_word' id='word_1_302' title='bbox 870 3721 986 3773; x_wconf 88' lang='lat' dir='ltr'><strong>deorum</strong></span> <span class='ocrx_word' id='word_1_303' title='bbox 998 3723 1157 3774; x_wconf 84' lang='lat' dir='ltr'><strong>nominibus</strong></span> <span class='ocrx_word' id='word_1_304' title='bbox 1172 3722 1222 3772; x_wconf 86' lang='lat' dir='ltr'><strong>Ex.</strong></span> <span class='ocrx_word' id='word_1_305' title='bbox 1241 3723 1333 3786; x_wconf 79' lang='lat'><strong>23,13.</strong></span> 
     </span>
    </p>
   </div>
   <div class='ocr_carea' id='block_1_12' title="bbox 231 3886 1565 4620">
    <p class='ocr_par' dir='ltr' id='par_1_13' title="bbox 231 3886 1563 4084">
     <span class='ocr_line' id='line_1_30' title="bbox 277 3886 1563 3982; baseline 0 -25"><span class='ocrx_word' id='word_1_306' title='bbox 277 3895 358 3982; x_wconf 75' lang='lat' dir='ltr'><strong>Arq.</strong></span> <span class='ocrx_word' id='word_1_307' title='bbox 374 3929 418 3939; x_wconf 99' lang='lat'>—</span> <span class='ocrx_word' id='word_1_308' title='bbox 431 3887 569 3955; x_wconf 78' lang='lat' dir='ltr'><strong>Novella</strong></span> <span class='ocrx_word' id='word_1_309' title='bbox 588 3891 722 3976; x_wconf 91' lang='lat' dir='ltr'><strong>partem</strong></span> <span class='ocrx_word' id='word_1_310' title='bbox 744 3887 944 3974; x_wconf 83' lang='lat' dir='ltr'><strong>negativam</strong></span> <span class='ocrx_word' id='word_1_311' title='bbox 968 3886 1066 3954; x_wconf 91' lang='lat' dir='ltr'><strong>addit</strong></span> <span class='ocrx_word' id='word_1_312' title='bbox 1086 3888 1249 3956; x_wconf 88' lang='lat' dir='ltr'><strong>mandato</strong></span> <span class='ocrx_word' id='word_1_313' title='bbox 1270 3896 1365 3972; x_wconf 79' lang='lat'>20,7;</span> <span class='ocrx_word' id='word_1_314' title='bbox 1389 3891 1499 3980; x_wconf 90' lang='lat' dir='ltr'><strong>potuit</strong></span> <span class='ocrx_word' id='word_1_315' title='bbox 1523 3913 1563 3957; x_wconf 93' lang='lat' dir='ltr'><strong>ea</strong></span> 
     </span>
     <span class='ocr_line' id='line_1_31' title="bbox 231 3993 1534 4084; baseline -0.004 -19"><span class='ocrx_word' id='word_1_316' title='bbox 231 4001 300 4065; x_wconf 92' lang='lat' dir='ltr'><strong>iam</strong></span> <span class='ocrx_word' id='word_1_317' title='bbox 318 3997 452 4084; x_wconf 81' lang='lat' dir='ltr'><strong>vigere,</strong></span> <span class='ocrx_word' id='word_1_318' title='bbox 474 3999 659 4082; x_wconf 88' lang='lat' dir='ltr'><strong>antequam</strong></span> <span class='ocrx_word' id='word_1_319' title='bbox 679 3998 764 4059; x_wconf 84' lang='lat' dir='ltr'><strong>Deus</strong></span> <span class='ocrx_word' id='word_1_320' title='bbox 783 3993 849 4059; x_wconf 89' lang='lat' dir='ltr'><strong>sibi</strong></span> <span class='ocrx_word' id='word_1_321' title='bbox 867 4015 995 4060; x_wconf 90' lang='lat' dir='ltr'><strong>nomeu</strong></span> <span class='ocrx_word' id='word_1_322' title='bbox 1015 3994 1118 4060; x_wconf 89' lang='lat' dir='ltr'><strong>lahve</strong></span> <span class='ocrx_word' id='word_1_323' title='bbox 1137 3996 1318 4084; x_wconf 89' lang='lat' dir='ltr'><strong>proprium</strong></span> <span class='ocrx_word' id='word_1_324' title='bbox 1337 3999 1534 4064; x_wconf 89' lang='lat' dir='ltr'><strong>assumeret.</strong></span> 
     </span>
    </p>

    <p class='ocr_par' dir='ltr' id='par_1_14' title="bbox 231 4090 1565 4620">
     <span class='ocr_line' id='line_1_32' title="bbox 275 4090 1565 4187; baseline 0.006 -26"><span class='ocrx_word' id='word_1_325' title='bbox 275 4129 308 4170; x_wconf 82' lang='lat' dir='ltr'><strong>v,</strong></span> <span class='ocrx_word' id='word_1_326' title='bbox 328 4111 367 4170; x_wconf 81' lang='grc'><strong>13</strong></span> <span class='ocrx_word' id='word_1_327' title='bbox 394 4129 411 4162; x_wconf 88' lang='lat'>«</span> <span class='ocrx_word' id='word_1_328' title='bbox 437 4099 574 4180; x_wconf 81' lang='lat' dir='ltr'><strong>Omnia,</strong></span> <span class='ocrx_word' id='word_1_329' title='bbox 600 4121 689 4187; x_wconf 83' lang='lat' dir='ltr'><strong>quae</strong></span> <span class='ocrx_word' id='word_1_330' title='bbox 713 4098 790 4165; x_wconf 71' lang='lat' dir='ltr'><strong>die-i</strong></span> <span class='ocrx_word' id='word_1_331' title='bbox 813 4100 922 4182; x_wconf 82' lang='lat' dir='ltr'><strong>uobis,</strong></span> <span class='ocrx_word' id='word_1_332' title='bbox 945 4098 1117 4165; x_wconf 82' lang='lat' dir='ltr'><strong>custodite</strong></span> <span class='ocrx_word' id='word_1_333' title='bbox 1139 4127 1168 4166; x_wconf 75' lang='lat' dir='ltr'><strong>a.</strong></span> <span class='ocrx_word' id='word_1_334' title='bbox 1189 4105 1253 4167; x_wconf 91' lang='lat' dir='ltr'><strong>Pro</strong></span> <span class='ocrx_word' id='word_1_335' title='bbox 1267 4090 1336 4166; x_wconf 68' lang='lat' dir='ltr'><strong>buzi</strong></span> <span class='ocrx_word' id='word_1_336' title='bbox 1356 4105 1451 4170; x_wconf 86' lang='lat' dir='ltr'><strong>Sam.</strong></span> <span class='ocrx_word' id='word_1_337' title='bbox 1475 4105 1565 4169; x_wconf 65' lang='lat' dir='ltr'><strong>LXX</strong></span> 
     </span>
     <span class='ocr_line' id='line_1_33' title="bbox 238 4193 1562 4299; baseline -0.003 -21"><span class='ocrx_word' id='word_1_338' title='bbox 238 4210 336 4299; x_wconf 76' lang='lat' dir='ltr'><strong>Vuiy.</strong></span> <span class='ocrx_word' id='word_1_339' title='bbox 355 4210 434 4297; x_wconf 78' lang='lat' dir='ltr'><strong>Syr.</strong></span> <span class='ocrx_word' id='word_1_340' title='bbox 450 4206 580 4272; x_wconf 89' lang='lat' dir='ltr'><strong>habent</strong></span> <span class='ocrx_word' id='word_1_341' title='bbox 595 4193 654 4269; x_wconf 63' lang='lat' dir='ltr'><strong>bat.</strong></span> <span class='ocrx_word' id='word_1_342' title='bbox 674 4232 690 4265; x_wconf 68' lang='grc' dir='ltr'><strong>(ε</strong></span> <span class='ocrx_word' id='word_1_343' title='bbox 708 4206 754 4271; x_wconf 82' lang='lat' dir='ltr'><strong>Et</strong></span> <span class='ocrx_word' id='word_1_344' title='bbox 766 4227 829 4294; x_wconf 80' lang='lat' dir='ltr'><strong>per</strong></span> <span class='ocrx_word' id='word_1_345' title='bbox 843 4227 968 4272; x_wconf 84' lang='lat' dir='ltr'><strong>nomen</strong></span> <span class='ocrx_word' id='word_1_346' title='bbox 980 4218 1199 4272; x_wconf 61' lang='lat' dir='ltr'><strong>cisternarum</strong></span> <span class='ocrx_word' id='word_1_347' title='bbox 1215 4206 1358 4276; x_wconf 81' lang='lat' dir='ltr'><strong>deorum</strong></span> <span class='ocrx_word' id='word_1_348' title='bbox 1375 4237 1405 4290; x_wconf 85' lang='lat'><strong>»,</strong></span> <span class='ocrx_word' id='word_1_349' title='bbox 1425 4232 1483 4276; x_wconf 90' lang='lat' dir='ltr'><strong>scu</strong></span> <span class='ocrx_word' id='word_1_350' title='bbox 1504 4231 1562 4275; x_wconf 74' lang='lat' dir='ltr'><strong>ccc-</strong></span> 
     </span>
     <span class='ocr_line' id='line_1_34' title="bbox 231 4311 1564 4402; baseline -0.002 -17"><span class='ocrx_word' id='word_1_351' title='bbox 231 4315 320 4385; x_wconf 84' lang='lat' dir='ltr'><strong>terni</strong></span> <span class='ocrx_word' id='word_1_352' title='bbox 343 4314 400 4381; x_wconf 75' lang='lat' dir='ltr'><strong>dez·</strong></span> <span class='ocrx_word' id='word_1_353' title='bbox 417 4314 539 4402; x_wconf 58' lang='lat' dir='ltr'><strong>(tw),</strong></span> <span class='ocrx_word' id='word_1_354' title='bbox 566 4339 582 4374; x_wconf 77' lang='lat' dir='ltr'><strong>a</strong></span> <span class='ocrx_word' id='word_1_355' title='bbox 604 4335 674 4379; x_wconf 83' lang='lat' dir='ltr'><strong>nou</strong></span> <span class='ocrx_word' id='word_1_356' title='bbox 698 4311 858 4378; x_wconf 72' lang='lat' dir='ltr'><strong>iacebitis</strong></span> <span class='ocrx_word' id='word_1_357' title='bbox 880 4339 910 4393; x_wconf 72' lang='lat' dir='ltr'><strong>a,</strong></span> <span class='ocrx_word' id='word_1_358' title='bbox 928 4312 1046 4378; x_wconf 92' lang='lat' dir='ltr'><strong>-sed</strong></span> <span class='ocrx_word' id='word_1_359' title='bbox 1061 4312 1164 4378; x_wconf 83' lang='lat' dir='ltr'><strong>Hebr.</strong></span> <span class='ocrx_word' id='word_1_360' title='bbox 1184 4334 1195 4379; x_wconf 92' lang='lat'><em>:</em></span> <span class='ocrx_word' id='word_1_361' title='bbox 1219 4336 1289 4380; x_wconf 76' lang='lat' dir='ltr'><strong>riou</strong></span> <span class='ocrx_word' id='word_1_362' title='bbox 1307 4315 1511 4383; x_wconf 79' lang='lat' dir='ltr'><strong>revocabitis</strong></span> <span class='ocrx_word' id='word_1_363' title='bbox 1527 4315 1564 4382; x_wconf 83' lang='lat' dir='ltr'><strong>iu</strong></span> 
     </span>
     <span class='ocr_line' id='line_1_35' title="bbox 232 4417 1564 4509; baseline -0.001 -18"><span class='ocrx_word' id='word_1_364' title='bbox 232 4421 444 4500; x_wconf 69' lang='lat' dir='ltr'><strong>anemurium,</strong></span> <span class='ocrx_word' id='word_1_365' title='bbox 459 4441 528 4508; x_wconf 92' lang='lat' dir='ltr'><strong>quo</strong></span> <span class='ocrx_word' id='word_1_366' title='bbox 543 4419 646 4505; x_wconf 83' lang='lat' dir='ltr'><strong>longe</strong></span> <span class='ocrx_word' id='word_1_367' title='bbox 664 4417 764 4508; x_wconf 90' lang='lat' dir='ltr'><strong>plura</strong></span> <span class='ocrx_word' id='word_1_368' title='bbox 780 4418 1010 4507; x_wconf 91' lang='lat' dir='ltr'><strong>prohibentur</strong></span> <span class='ocrx_word' id='word_1_369' title='bbox 1027 4440 1132 4509; x_wconf 90' lang='lat' dir='ltr'><strong>quam</strong></span> <span class='ocrx_word' id='word_1_370' title='bbox 1147 4418 1258 4486; x_wconf 91' lang='lat' dir='ltr'><strong>solum</strong></span> <span class='ocrx_word' id='word_1_371' title='bbox 1273 4421 1506 4490; x_wconf 88' lang='lat' dir='ltr'><strong>iuramentum</strong></span> <span class='ocrx_word' id='word_1_372' title='bbox 1520 4459 1564 4470; x_wconf 96' lang='lat'>—</span> 
     </span>
     <span class='ocr_line' id='line_1_36' title="bbox 233 4524 1564 4620; baseline 0.002 -28"><span class='ocrx_word' id='word_1_373' title='bbox 233 4562 248 4592; x_wconf 70' lang='lat' dir='ltr'><strong>a</strong></span> <span class='ocrx_word' id='word_1_374' title='bbox 271 4550 382 4620; x_wconf 81' lang='lat' dir='ltr'><strong>neque</strong></span> <span class='ocrx_word' id='word_1_375' title='bbox 398 4524 559 4592; x_wconf 68' lang='lat' dir='ltr'><strong>caedicius·</strong></span> <span class='ocrx_word' id='word_1_376' title='bbox 573 4547 616 4591; x_wconf 69' lang='lat' dir='ltr'><strong>esc</strong></span> <span class='ocrx_word' id='word_1_377' title='bbox 631 4547 687 4591; x_wconf 83' lang='lat' dir='ltr'><strong>ore</strong></span> <span class='ocrx_word' id='word_1_378' title='bbox 702 4536 810 4591; x_wconf 83' lang='lat' dir='ltr'><strong>cestro</strong></span> <span class='ocrx_word' id='word_1_379' title='bbox 828 4551 859 4592; x_wconf 87' lang='lat'><strong>».</strong></span> <span class='ocrx_word' id='word_1_380' title='bbox 876 4531 981 4592; x_wconf 87' lang='lat' dir='ltr'><strong>Verus</strong></span> <span class='ocrx_word' id='word_1_381' title='bbox 995 4529 1082 4592; x_wconf 87' lang='lat' dir='ltr'><strong>Deus</strong></span> <span class='ocrx_word' id='word_1_382' title='bbox 1096 4527 1139 4592; x_wconf 90' lang='lat' dir='ltr'><strong>sit</strong></span> <span class='ocrx_word' id='word_1_383' title='bbox 1153 4525 1277 4594; x_wconf 88' lang='lat' dir='ltr'><strong>unicus</strong></span> <span class='ocrx_word' id='word_1_384' title='bbox 1294 4526 1332 4595; x_wconf 92' lang='lat' dir='ltr'><strong>in</strong></span> <span class='ocrx_word' id='word_1_385' title='bbox 1349 4533 1473 4614; x_wconf 85' lang='lat' dir='ltr'><strong>mente,</strong></span> <span class='ocrx_word' id='word_1_386' title='bbox 1489 4527 1564 4596; x_wconf 90' lang='lat' dir='ltr'><strong>uui-</strong></span> 
     </span>
    </p>
   </div>
   <div class='ocr_carea' id='block_1_13' title="bbox 234 4636 438 4706">
    <p class='ocr_par' dir='ltr' id='par_1_15' title="bbox 234 4636 438 4706">
     <span class='ocr_line' id='line_1_37' title="bbox 234 4636 438 4706; baseline -0.034 0"><span class='ocrx_word' id='word_1_387' title='bbox 234 4661 293 4706; x_wconf 90' lang='lat' dir='ltr'><strong>eus</strong></span> <span class='ocrx_word' id='word_1_388' title='bbox 311 4636 348 4703; x_wconf 92' lang='lat' dir='ltr'><strong>iu</strong></span> <span class='ocrx_word' id='word_1_389' title='bbox 368 4657 438 4701; x_wconf 92' lang='lat' dir='ltr'><strong>ore.</strong></span> 
     </span>
    </p>
   </div>
   <div class='ocr_carea' id='block_1_14' title="bbox 0 0 1772 5380">
    <p class='ocr_par' dir='ltr' id='par_1_16' title="bbox 0 0 1772 5380">
     <span class='ocr_line' id='line_1_38' title="bbox 0 0 1772 5380; baseline 0 0"><span class='ocrx_word' id='word_1_390' title='bbox 0 0 1772 5380; x_wconf 95' lang='lat' dir='ltr'><strong> </strong></span> 
     </span>
    </p>
   </div>
   <div class='ocr_carea' id='block_1_15' title="bbox 1765 849 1767 2584">
    <p class='ocr_par' dir='ltr' id='par_1_17' title="bbox 1765 849 1767 2584">
     <span class='ocr_line' id='line_1_39' title="bbox 1765 849 1767 2584; baseline 0 0"><span class='ocrx_word' id='word_1_391' title='bbox 1765 849 1767 2584; x_wconf 95' lang='lat' dir='ltr'><strong> </strong></span> 
     </span>
    </p>
   </div>
  </div>
 </body>
</html>
