3534 5384
228 315 287 378 teo
439 293 444 303 ⁵
627 330 771 377 novonuu
793 331 949 377 suenorum
971 330 1156 377 rusrrrumo.

122 465 127 479 '
227 487 375 547 armum,
393 486 494 554 quem
509 462 551 532 de
569 464 677 533 ariete
697 464 865 555 separasti
887 493 921 547 u,
944 488 975 531 v.
994 470 1037 533 28
1057 494 1072 527 «
1094 487 1161 556 quo
1182 464 1312 532 inicius
1330 475 1379 531 est
1393 465 1511 530 Aaron
1526 475 1557 531 ei

224 571 297 661 filii
308 570 400 655 eius;
422 570 609 662 cedentque
627 571 810 661 importem
824 574 987 639 Aurunci
1007 571 1162 662 filiorum
1178 572 1252 639 eius
1271 570 1345 637 incre
1352 582 1520 661 perpetuo
1537 592 1558 637 α

226 676 312 768 filiis
325 678 433 744 israel
444 700 456 744 .·
469 678 553 767 quic
564 677 746 766 primitiva
758 690 838 744 scint
855 690 889 745 et
903 676 1006 746 initio
1023 678 1065 745 cie
1084 676 1230 746 uictimis
1246 700 1362 745 eorum
1377 675 1558 768 pacificis,

228 806 316 876 quae
336 785 490 874 offerunt
506 784 652 851 Domino
668 812 699 853 r.

261 992 367 1044 Textus
381 994 424 1043 est
434 991 603 1057 impeditior,
616 1005 634 1042 n
646 994 727 1043 cuius
736 991 948 1045 diificultatlbus
961 994 1128 1057 interpretes
1138 994 1266 1057 plerique
1281 991 1411 1056 prudenti
1425 1004 1456 1043 se
1470 993 1559 1044 silen-

228 1082 268 1132 tio
281 1080 444 1145 expediunt.
461 1081 551 1154 igitur
565 1087 638 1142 utri,
654 1076 785 1145 emititur
801 1094 858 1132 non
876 1083 920 1133 est
938 1088 1042 1147 pictus,
1059 1081 1109 1133 sed
1123 1079 1317 1145 pectusculum,
1333 1093 1367 1132 ee
1385 1094 1425 1131 sc.
1439 1084 1560 1144 pectoris

228 1183 307 1235 pers,
323 1182 397 1233 quae
414 1182 494 1221 armo
513 1170 640 1235 proxime
657 1170 802 1221 adhaeret.
817 1170 867 1233 Et,
880 1171 948 1221 licet
969 1172 1039 1221 elias
1059 1170 1093 1221 de
1113 1172 1196 1221 unico
1217 1169 1380 1233 pectusculo
1399 1170 1437 1221 eli
1455 1183 1557 1230 sermo,

227 1272 267 1309 sc.
281 1258 316 1309 de
333 1258 495 1322 pectusculo
509 1258 640 1320 dextero,
654 1259 731 1323 quod
745 1270 853 1309 armum
868 1254 1021 1311 dexterum'
1031 1260 1180 1310 comitetur
1194 1260 1222 1309 ct
1241 1272 1304 1309 cum
1318 1258 1368 1308 illo
1382 1256 1557 1309 sacerdotum

227 1347 385 1411 portionem
404 1346 503 1411 cilicii,
519 1348 628 1409 temen,
645 1346 721 1411 quod
740 1352 836 1398 noster
855 1351 951 1399 textus
968 1347 1083 1399 indubie
1103 1348 1216 1409 asserii,
1233 1349 1285 1397 duo
1303 1352 1369 1398 sunt
1388 1348 1559 1411 pectusculis,

228 1437 312 1486 sicuti
334 1436 391 1485 duo
414 1438 479 1486 sunt
499 1438 583 1487 urmi.
607 1435 733 1495 Quorum
755 1448 843 1486 unum
866 1436 955 1487 habes
976 1450 1003 1487 v.
1025 1437 1058 1487 26
1081 1436 1275 1501 pectusculum,
1293 1436 1361 1500 quod
1383 1438 1501 1501 pertinet
1525 1436 1559 1485 cu

231 1526 325 1574 Aaron
344 1521 427 1589 (Sum.
444 1525 508 1576 loco
526 1528 595 1581 liiii
611 1525 640 1576 h.
656 1525 676 1575 l.
693 1523 813 1589 urium),
828 1525 848 1574 i.
864 1537 891 1575 e.
907 1524 1060 1576 secundum
1079 1528 1239 1576 contextum
1258 1524 1342 1587 illud,
1356 1525 1431 1589 quod
1449 1526 1479 1575 in
1497 1525 1560 1575 eliis

228 1610 373 1665 sacrificiis
386 1611 567 1675 pacificorum
581 1613 712 1664 omnibus
725 1612 761 1663 ad
776 1613 871 1664 Aaron
880 1613 1015 1677 pertinet,
1026 1616 1053 1665 et
1065 1614 1150 1664 etiem
1164 1615 1193 1663 in
1208 1614 1262 1664 hoo
1273 1612 1425 1675 sacrificio,
1437 1615 1467 1663 ni
1480 1614 1555 1664 Deus

228 1700 304 1752 eliud
317 1703 476 1763 statuisset,
495 1702 530 1752 ud
545 1714 609 1753 eum
621 1702 782 1767 pertineret.
800 1702 872 1753 Huic
886 1702 1086 1766 correspondet
1100 1716 1126 1752 r.
1142 1701 1176 1752 22
1191 1716 1282 1753 armus
1297 1703 1397 1763 deuter,
1413 1704 1462 1766 qul
1476 1716 1557 1764 secus

228 1792 313 1841 etiam
328 1791 433 1842 Aesoni
444 1787 615 1851 conceditur,
631 1789 681 1842 sed
700 1792 730 1841 in
748 1792 803 1840 hoc
824 1792 1045 1842 consecrationis
1058 1790 1195 1843 sacrificio
1213 1804 1240 1841 v.
1255 1792 1287 1842 25
1309 1792 1369 1843 Deo
1387 1790 1511 1842 defertur
1529 1794 1561 1841 et

228 1880 294 1943 igne
319 1879 485 1931 absumitur.
500 1879 696 1930 Pectuscuium
715 1892 783 1930 vero
801 1880 872 1930 illud
893 1878 1040 1931 dexterum
1064 1880 1225 1931 conceditur
1246 1880 1384 1931 sacerdoti
1409 1892 1562 1931 consecra-

229 1967 297 2028 tori,
312 1980 352 2019 sc.
368 1968 458 2032 Moysi
473 1982 480 2017 :
494 1968 566 2018 cedet
580 1968 611 2017 iu
623 1973 730 2032 purtem
743 1974 827 2018 tuum.
845 1968 927 2019 Prius
938 1970 1047 2030 temen,
1064 1969 1138 2033 quod
1151 1982 1262 2033 semper
1276 1967 1321 2031 tlt,
1336 1968 1457 2020 eluuntur
1469 1982 1558 2019 corum

229 2056 339 2106 liomiuo
360 2054 397 2123 (v.
413 2055 469 2123 26).
486 2056 608 2106 Alterum
625 2055 808 2122 pectusculum
821 2061 849 2108 et
862 2072 953 2107 omnus
973 2058 1085 2109 sinister
1103 2058 1241 2109 habentur
1255 2072 1283 2107 v.
1299 2058 1333 2109 27
1352 2062 1380 2109 et
1398 2059 1438 2108 ltu
1455 2058 1562 2108 descri-

232 2145 336 2196 buntur
353 2158 360 2195 :
375 2125 454 2202 ΜΒ
469 2149 577 2204 urium
590 2124 683 2230 ῃηκὸ
697 2150 808 2207 wrm,
822 2153 932 2210 praeter
954 2145 1041 2208 illud,
1061 2148 1131 2210 quod
1144 2146 1180 2196 ud
1194 2148 1299 2207 Aurem,
1318 2153 1342 2195 et
1355 2152 1464 2213 praeter
1477 2146 1559 2207 illud,

229 2234 299 2296 quod
319 2234 355 2283 cd
373 2233 445 2299 filios
472 2234 531 2283 eius
550 2235 687 2298 pertimet,
708 2234 754 2284 vel
773 2236 928 2298 pertineret
946 2235 1101 2286 secuudum
1121 2236 1334 2299 explicationem
1352 2234 1437 2286 modo
1456 2234 1560 2285 datam.

232 2321 267 2371 Et
281 2323 365 2384 haec,
382 2335 455 2386 quse
470 2336 552 2373 secus
566 2335 634 2385 pers
652 2327 749 2372 essent
767 2334 880 2384 eorum,
896 2334 968 2386 quae
987 2322 1022 2373 ud
1041 2323 1152 2387 plebem
1166 2322 1278 2374 iidelem
1291 2324 1447 2389 pertinent,
1463 2325 1492 2373 in
1507 2324 1561 2375 hoc

229 2410 367 2461 sacnficlo
381 2411 476 2460 cedunt
490 2411 522 2459 iu
534 2416 641 2475 purtem
656 2412 749 2460 Aaron
767 2416 791 2459 et
805 2410 925 2475 tiliorum
939 2412 1011 2471 eius,
1026 2412 1074 2475 qui
1088 2425 1145 2463 non
1159 2412 1315 2463 sacerdotio
1329 2412 1494 2477 iunguntur,
1510 2412 1561 2463 sed

229 2498 393 2556 secerdotes
402 2501 611 2551 consecrentur.
625 2499 725 2560 Porro,
737 2511 810 2562 quse
821 2499 927 2550 heroni
936 2501 965 2549 et
977 2499 1044 2550 illlis
1054 2500 1165 2563 cedunt,
1180 2514 1243 2553 cum
1254 2514 1334 2551 secus
1346 2497 1390 2568 (ci.
1400 2499 1469 2552 Lev.
1482 2496 1554 2569 hil)

229 2595 366 2644 vocentur
380 2594 495 2648 nhlillil
508 2594 567 2645 uin
580 2591 609 2639 et
622 2593 724 2646 timuit
740 2592 813 2672 plut,
825 2587 1007 2653 pectusculum
1020 2588 1151 2639 chuerum
1165 2594 1193 2640 et
1213 2604 1303 2640 armus
1319 2588 1455 2651 sublatur,
1469 2590 1554 2640 etiem

229 2695 256 2731 v.
274 2680 307 2730 ii
323 2678 422 2729 iisdem
437 2676 667 2742 expressionibus
684 2676 878 2739 designantur,
895 2678 936 2727 ltu
956 2682 986 2728 ut
1005 2690 1055 2728 ece
1075 2680 1275 2742 expressiones
1288 2679 1317 2729 h.
1333 2678 1353 2728 l.
1370 2678 1560 2742 pectusculum

230 2771 258 2821 et
269 2780 378 2820 armum
392 2768 519 2825 sinistra,
536 2766 606 2816 alius
620 2778 689 2816 vero
706 2765 822 2816 dexteru
835 2765 994 2829 designent.
1011 2766 1097 2817 Totus
1108 2766 1223 2818 tandem
1238 2769 1331 2818 tentus
1345 2767 1425 2818 hebr.
1441 2768 1483 2816 sic
1495 2778 1561 2817 ver-

231 2857 332 2909 tendus
347 2862 390 2907 est
405 2869 411 2903 :
428 2856 462 2904 Et
481 2868 567 2905 sumes
585 2854 768 2921 pectusculum
786 2856 817 2905 dc
837 2855 922 2905 ariete
944 2856 1167 2915 enumerationis,
1185 2858 1233 2919 qui
1255 2857 1309 2905 hoc
1329 2858 1442 2907 nomine
1460 2854 1562 2905 distin-

230 2947 323 3010 guitur
334 2946 369 2996 eb
382 2946 471 2995 ariete
484 2944 642 2995 holocausti
654 2955 682 2992 v.
699 2942 797 3003 15-18,
815 2944 885 3006 quod
900 2946 1017 3008 pertinet
1033 2945 1068 2993 ud
1088 2947 1193 3005 Aaron,
1209 2950 1234 2993 et
1245 2942 1366 2994 elevabis
1386 2944 1457 2993 illud
1472 2956 1563 2993 eornm

230 3036 356 3096 Domino,
371 3040 396 3083 et
417 3034 488 3083 cedet
512 3033 563 3083 tibi
587 3034 620 3082 iu
641 3033 804 3097 partemii
825 3033 1007 3097 sanctificabis
1030 3031 1209 3099 pectusculum
1232 3032 1390 3083 elevationis
1410 3039 1436 3083 ct
1458 3045 1562 3082 armum

229 3122 408 3184 sublatiouis,
425 3123 494 3186 quod
508 3121 641 3172 elevatum
655 3127 693 3171 cst
713 3128 738 3170 ei
758 3122 827 3184 quod
841 3120 979 3171 subletum
998 3128 1049 3182 cst,
1066 3120 1097 3171 de
1112 3123 1196 3171 urieie
1211 3122 1434 3181 couseccutlouls,
1451 3128 1559 3186 praeter

229 3212 301 3261 illud
316 3212 385 3273 quod
398 3213 516 3275 pertinet
530 3211 566 3261 ud
581 3212 674 3260 Aaron
687 3216 712 3259 et
732 3210 767 3259 ud
781 3209 852 3274 filios
867 3212 939 3271 eius,
956 3216 981 3259 ct
995 3211 1066 3259 cedet
1087 3212 1190 3260 turcus·
1207 3218 1230 3259 ei
1250 3210 1319 3276 filiis
1335 3212 1403 3260 etus.
1421 3210 1497 3262 Sane
1515 3212 1561 3259 in-

230 3300 355 3350 tricatior
368 3304 412 3350 cst
429 3300 611 3351 constructio.
627 3298 744 3349 Plenius
761 3298 847 3350 verba
866 3300 921 3350 hoc
938 3298 1037 3349 ordine
1057 3312 1087 3350 se
1107 3301 1288 3363 exciperent:
1303 3304 1371 3356 uuis
1392 3305 1487 3359 unuln
1502 3304 1560 3354 mn

233 3394 529 3447 uetustissimum
547 3392 610 3470 piri
626 3391 684 3443 liiii
697 3392 776 3472 utili.
791 3387 898 3439 Tamen
917 3389 1101 3448 constructe,
1119 3401 1203 3451 quum
1222 3388 1306 3437 Hebr.
1324 3388 1424 3449 habet,
1442 3400 1498 3438 nou
1517 3391 1562 3438 est

231 3477 379 3539 mendosa,
391 3490 483 3543 neque
494 3477 558 3527 eliis
569 3476 746 3527 versionibus
760 3476 1001 3527 consentientibus
1013 3476 1197 3527 emendenda.
1211 3476 1349 3527 Dissentit
1361 3478 1458 3541 utique
1471 3474 1561 3538 Vnius

232 3579 316 3632 quum
328 3580 392 3618 cum
406 3568 435 3616 in
450 3565 683 3630 praecedentibus
696 3565 801 3628 pluries
811 3564 1078 3629 deprehenderimus
1088 3566 1203 3617 liberius
1212 3567 1379 3627 vertentem,
1395 3566 1562 3630 prudentius

231 3668 289 3706 non
307 3666 466 3706 asseremus
484 3655 570 3705 ulium
585 3666 648 3705 eam
662 3654 691 3703 h.
707 3654 726 3703 l.
741 3654 873 3704 habuisse
887 3655 993 3704 textum
1008 3654 1171 3705 hebraeum.
1188 3654 1350 3705 Extremam
1364 3668 1391 3703 v.
1405 3655 1439 3705 28
1454 3660 1563 3717 partem

231 3745 271 3795 lte
285 3756 321 3795 ex
334 3744 413 3794 Hebr.
430 3746 548 3795 vertes:
566 3743 710 3793 Ordiumic
728 3749 859 3807 perpetuu
879 3743 943 3792 haec
963 3749 1001 3792 est
1022 3758 1038 3791 a
1056 3742 1124 3807 filiis
1143 3742 1230 3793 israel
1250 3742 1357 3803 danda,
1375 3744 1440 3805 quin
1461 3746 1563 3799 finibit

233 3840 286 3893 esi,·
300 3840 324 3882 et
339 3835 391 3883 crit
406 3839 508 3890 amun
528 3846 546 3881 n
564 3832 632 3897 fillis
651 3830 752 3891 lsrael,
768 3832 930 3897 sucrificium
943 3832 1129 3896 pacificorum,
1147 3837 1249 3888 mmm
1267 3845 1358 3904 eorum
1376 3832 1497 3881 Domino.
1516 3830 1562 3880 Di·

232 3922 304 3972 citur
320 3922 459 3972 ordinatio
472 3928 616 3987 perpetuu,
631 3921 701 3971 ritus
716 3925 852 3983 perpetuo
867 3920 1023 3971 servandus
1038 3922 1066 3969 in
1083 3918 1247 3984 pontificum
1267 3920 1487 3971 consecratione.
1505 3918 1563 3970 Cur

232 4022 314 4073 porro
327 4016 429 4067 similit
445 4012 474 4060 h.
491 4011 510 4059 l.
524 4015 552 4061 et
566 4010 634 4061 Lev.
652 4009 716 4069 7,32
733 4009 810 4072 Vulp.
826 4012 918 4059 vertet
935 4010 1093 4073 primitivo,
1110 4010 1264 4074 primitius,
1282 4010 1380 4067 initia,
1398 4022 1454 4059 non
1468 4008 1560 4059 video.

267 4098 436 4150 Dicebumus
450 4112 550 4162 supra,
564 4105 622 4149 tum
636 4104 730 4157 nillil
745 4112 830 4162 quum
844 4104 946 4154 similit
961 4112 978 4149 a
991 4098 1130 4149 radicibus
1145 4100 1201 4162 peti
1216 4098 1431 4161 significationis
1445 4096 1560 4147 eleuare.

232 4186 297 4239 Non
316 4193 411 4238 tumen
430 4188 480 4237 illu
498 4189 554 4238 duo
573 4189 689 4238 nomine
709 4170 830 4237 eundet'n
851 4200 966 4237 sensum
987 4187 1100 4238 hahent.
1125 4192 1233 4249 nullu,
1249 4187 1325 4250 quod
1345 4185 1379 4236 de
1398 4186 1562 4250 pectusculo

232 4274 389 4338 praedicuri
406 4277 551 4327 consuevit
571 4277 600 4325 ln
620 4276 672 4327 Del
686 4275 798 4325 laudem
818 4275 1020 4337 comburend0,
1037 4284 1186 4326 revocatur
1204 4276 1240 4325 ed
1258 4274 1469 4339 expressionem
1488 4280 1557 4358 uitii

232 4368 301 4420 nint
318 4344 393 4424 ²255.
408 4364 490 4424 Quod
504 4365 593 4429 hiphil
612 4377 675 4414 cum
693 4363 928 4427 significationem
947 4363 1045 4415 induat
1065 4365 1183 4427 epicure,
1199 4365 1248 4414 is‘uc
1270 4364 1335 4413 iiiuc
1354 4377 1457 4413 mouere
1480 4360 1513 4428 lv.
1531 4374 1560 4425 g.

232 4464 347 4503 menum
361 4453 410 4503 lob
428 4453 507 4514 uiui
517 4468 524 4515 ς
542 4455 579 4504 Is.
599 4452 692 4515 ll,15;
712 4453 773 4513 13,2
791 4457 858 4513 etc.;
872 4452 972 4503 iuloem
989 4455 1019 4503 in
1033 4458 1130 4517 segete
1149 4453 1230 4504 Dent.
1248 4453 1344 4515 23,25;
1358 4465 1465 4503 serrem
1479 4456 1561 4502 treus

232 4541 341 4605 lignum
360 4542 397 4592 is·
417 4540 518 4609 iu‚15),
534 4547 665 4593 censetur
683 4544 713 4592 in
731 4540 875 4592 sacrificiis
894 4542 973 4592 illum
992 4544 1076 4591 ritum
1095 4541 1259 4605 designare,
1277 4555 1332 4605 quo
1351 4543 1446 4592 oblatu
1465 4541 1562 4591 elesiu-

232 4628 335 4681 bentur
348 4637 377 4682 et
390 4632 474 4681 simul
492 4633 547 4682 huc
565 4632 632 4683 illuc
648 4631 833 4682 movebantur
851 4632 880 4681 ln
899 4633 1012 4694 signum
1031 4630 1182 4681 oblationis
1203 4631 1262 4681 Deo
1284 4629 1373 4681 tectae
1394 4626 1559 4697 (ollertoriil.

233 4719 255 4769 Ε
268 4725 366 4772 contra
382 4728 456 4778 :lilii
471 4735 489 4771 a
502 4720 707 4784 significatione
721 4719 845 4772 elevandi
855 4722 956 4772 transii
973 4718 1134 4771 adsensum
1149 4720 1296 4785 separandi
1311 4721 1362 4782 (uti
1375 4705 1458 4770 vc'rtit
1476 4718 1554 4783 vulp.
