3534 5384
757 379 808 424 sn.
831 365 903 434 ΞΜ
925 379 986 431 soc.
1480 361 1538 422 953

205 515 241 582 id
258 513 486 600 redigendum
508 513 588 591 luit,
615 517 654 578 ut
670 519 824 580 maneret
848 513 899 580 rei
918 516 1033 598 gestae
1055 511 1239 592 memoria3
1262 511 1537 580 confirmandum

207 622 311 712 etiam
334 618 455 686 foedus
481 618 571 685 illud
591 618 803 686 solemnibus
826 623 860 685 ct
883 617 1088 685 authenticis
1108 617 1310 684 ceremoniis
1341 646 1356 678 n
1380 617 1536 708 (Calua).
1572 611 1575 618 ’

207 752 239 796 v.
258 735 277 795 t
297 753 314 787 a
331 724 476 814 Scripsit
490 738 606 792 nutem
620 727 755 814 Moyses
770 725 943 817 rcnz'oersos·
958 745 1126 790 sermones
1144 722 1287 789 Domini
1304 751 1333 789 ».
1352 727 1432 790 Cum
1450 727 1537 792 Tost.

206 831 436 900 communiter
456 837 596 898 censent
610 832 833 921 interpretes,
851 837 984 920 Moysen
1004 852 1075 896 non
1095 835 1200 896 totam
1217 829 1261 896 ab
1283 829 1382 896 initio
1405 833 1540 898 Genesis

206 961 337 1008 sacram
353 937 585 1005 narrationem
599 943 673 1004 tum
688 938 875 1027 scripsisse,
895 936 990 1027 quod
1004 937 1076 1004 sine
1087 935 1253 1002 miraculo
1265 939 1335 1002 tam
1348 935 1445 1003 brevi
1456 942 1540 1004 tem-

206 1068 290 1136 pore
303 1045 399 1111 haud
413 1043 525 1135 potuit
539 1044 633 1126 fieri;
651 1043 722 1123 sed,
741 1045 801 1133 qui
816 1049 866 1110 est
881 1043 1005 1110 obvius
1019 1042 1126 1110 nostri
1140 1048 1252 1109 textus
1266 1063 1394 1123 sensus,
1412 1065 1540 1110 sermo·

205 1173 267 1219 nes
276 1152 333 1219 Dei
342 1173 418 1241 cap.
432 1156 546 1218 su-na.
556 1150 652 1227 Quod
661 1149 741 1217 dein
748 1173 782 1217 v.
794 1150 987 1240 'tscriptum
995 1155 1137 1216 vocatur
1149 1176 1165 1210 a
1176 1148 1336 1215 volumen
1346 1148 1493 1216 foederis
1507 1177 1535 1216 n.

206 1258 258 1325 Ab
274 1280 315 1324 eo
334 1257 459 1346 scripto
480 1257 632 1324 eximunt
651 1255 760 1346 aliqui
779 1255 999 1343 decalogum,
1018 1255 1111 1346 quod
1126 1277 1205 1322 eum
1225 1255 1374 1344 populus
1396 1256 1539 1322 auribus

205 1364 353 1432 audierit
369 1364 643 1453 promulgatum,
659 1363 757 1453 isque
777 1384 889 1430 mona
907 1367 972 1429 Deo
987 1361 1113 1428 tabulis
1132 1361 1284 1451 lapideis
1297 1361 1400 1428 fuerit
1415 1361 1537 1428 iuscri-

204 1471 348 1538 bendus.
366 1469 433 1537 Sed
445 1471 567 1537 merito
583 1471 720 1560 reponit
737 1469 825 1552 Cui,
841 1474 874 1535 et
887 1473 1021 1557 Moysen
1034 1473 1105 1535 tum
1122 1468 1296 1555 ignorasse
1312 1472 1418 1534 Deum
1432 1469 1537 1560 scrip-

204 1584 319 1644 turum
345 1576 552 1663 decalogum
574 1577 611 1643 in
634 1575 776 1658 tabulis,
804 1596 993 1664 eumque«
1019 1573 1189 1642 volumini
1212 1573 1360 1640 foederis
1388 1601 1403 1634 o
1434 1574 1537 1642 fuisse

205 1683 479 1766 inscribendum,
496 1682 590 1773 quod
605 1688 690 1749 esset
705 1704 784 1771 pars
796 1681 950 1748 foederis
963 1681 1104 1748 omnino
1116 1682 1312 1771 praecipua.
1328 1685 1444 1760 Porro,
1459 1702 1537 1747 cum

204 1789 270 1856 hoc
282 1789 444 1857 volumen
459 1811 540 1879 pars
554 1787 598 1854 sit
615 1789 854 1869 Pentateuchi,
871 1787 1047 1874 intelliges
1069 1786 1341 1854 pentateuchum
1361 1809 1433 1852 non
1445 1787 1536 1854 indi-

204 1895 308 1962 vidue
326 1917 397 1962 esse
411 1896 593 1984 scriptum,
610 1895 671 1963 sed
685 1895 761 1961 aliis
776 1895 860 1962 alias
873 1899 989 1984 parles
1002 1892 1230 1982 temporibus.
1248 1919 1264 1952 a
1285 1895 1330 1958 Et
1345 1915 1445 1958 mnne
1459 1915 1538 1959 corr-

203 2025 346 2092 surqens
365 2029 380 2064 o
397 2041 442 2052 -
461 2003 554 2092 quod
571 2023 672 2068 mane
691 2001 766 2069 Cui.
786 2005 901 2068 censet
919 2023 989 2068 non
1004 2000 1197 2068 necessario
1212 1998 1305 2066 idem
1326 2021 1414 2076 esse,
1434 2004 1536 2089 atque

206 2135 222 2169 a
240 2109 422 2199 prostridie
435 2130 535 2174 mane
552 2130 588 2191 »;
606 2113 641 2175 at
661 2109 691 2174 is
704 2108 761 2174 hic
777 2113 870 2175 certe
884 2111 934 2174 est
952 2128 1072 2174 sensus
1091 2105 1214 2172 obvius
1235 2145 1279 2156 -
1297 2133 1313 2166 a
1338 2104 1538 2192 aedificarit

204 2214 315 2282 ultore
332 2243 349 2276 o
364 2215 550 2282 secundum
566 2219 842 2296 normannum
858 2236 878 2280 a
896 2219 963 2280 [teo
977 2213 1140 2281 traditam
1159 2212 1296 2302 (Galen.)
1308 2239 1324 2274 «
1341 2211 1389 2278 nd
1402 2210 1535 2278 radices

205 2320 346 2404 montis,
372 2333 405 2388 et
420 2319 601 2388 duodecim
618 2320 738 2388 titulos
752 2343 819 2410 per
837 2319 1019 2386 desederint
1037 2320 1145 2386 tribus
1165 2317 1274 2385 lsrael
1291 2345 1322 2386 ».
1347 2319 1533 2408 Epatriar-

204 2428 347 2495 charum
365 2428 451 2495 actis
465 2427 638 2508 novimus,
654 2426 848 2514 insigniora
862 2426 922 2493 Dei
936 2426 1105 2494 beneficia
1118 2430 1231 2492 erecto
1247 2426 1349 2492 altari
1364 2425 1419 2492 vel
1434 2425 1534 2492 titulo

203 2532 257 2600 vel
266 2539 412 2623 utroque
420 2533 587 2601 celebrari
598 2535 823 2601 consuevisse.
835 2532 964 2600 Titulus
979 2537 1094 2599 autem
1109 2559 1125 2594 a
1138 2531 1266 2598 dicitur
1275 2531 1362 2620 lapis
1371 2531 1532 2618 insignis,

204 2640 354 2707 elevatus
372 2639 417 2707 ad
431 2639 723 2707 manifestandum
742 2639 878 2729 aliquid
897 2639 939 2706 de
959 2639 1036 2706 loco
1055 2666 1071 2701 »
1092 2637 1223 2728 (Post).
1244 2661 1275 2705 v.
1294 2645 1313 2706 5
1335 2665 1351 2700 a
1370 2637 1533 2727 Misitque

203 2747 340 2814 iuuenes
356 2773 373 2808 »
388 2784 433 2797 -
450 2747 619 2836 particula
636 2762 684 2809 nu
697 2745 829 2836 prodit,
846 2745 925 2812 illos
944 2747 1083 2812 iuvenes
1097 2745 1142 2811 ad
1156 2743 1193 2811 id
1207 2745 1360 2811 muneris
1376 2742 1534 2810 adhiberi

204 2855 417 2920 consuevisse
434 2852 581 2941 (Dillm.)
598 2893 642 2904 -
663 2880 680 2914 «
703 2850 768 2942 [de]
784 2851 871 2941 filiis
894 2851 1016 2934 Israel,
1047 2863 1079 2917 et
1098 2851 1295 2917 obtulerunt
1317 2848 1531 2930 holocausta,

207 2958 534 3049 immolaveruntque
547 2957 1027 3048 uictimaspucificusDomino
1034 3011 1044 3044 ‚
1055 2957 1181 3024 vitulos
1194 2985 1223 3023 ».
1237 2957 1325 3023 lllud
1335 2955 1419 3045 filiis
1428 2955 1536 3022 Israel

206 3064 335 3149 innuit,
349 3088 419 3133 non
431 3088 471 3132 ex
485 3089 555 3133 una
566 3065 679 3134 solum
693 3066 786 3132 tribu
801 3066 878 3132 illos
889 3065 1031 3133 iuvenes
1045 3086 1116 3131 esse
1131 3063 1247 3131 lectos
1266 3078 1317 3130 iss
1335 3084 1405 3128 non
1421 3085 1534 3130 ueces-

203 3173 295 3238 sario
306 3171 464 3239 iuvenem
478 3177 588 3240 aetate
599 3172 780 3259 significat.
799 3176 888 3250 Quos
902 3169 1022 3239 tuctu.
1038 3170 1158 3238 scribit
1166 3168 1467 3260 primopenitosltl
1477 3191 1534 3236 ex·
1610 3219 1612 3224 .

203 3277 440 3369 plicatquePs.
455 3281 528 3345 Ion„
545 3278 649 3346 luisse
660 3278 752 3369 ipsos
761 3277 955 3346 sacerdotes
968 3276 1103 3366 antiqui
1112 3276 1252 3344 ordinis.
1264 3281 1389 3343 Verum
1401 3275 1438 3341 id
1447 3275 1533 3342 falso

203 3383 324 3467 asseri,
341 3387 436 3472 patet
448 3405 527 3449 cum
547 3383 629 3449 inde
647 3385 739 3472 quod
755 3384 892 3450 irenenes
907 3387 1071 3450 vocentur
1092 3381 1306 3472 oppositione
1322 3379 1473 3470 quadam
1488 3381 1533 3446 ad

200 3489 390 3556 sacerdotes
405 3495 516 3573 19,2·2.
533 3495 588 3571 Mt,
605 3494 678 3556 tum
688 3490 782 3579 quod
797 3490 832 3556 h.
844 3488 869 3556 l.
884 3488 1090 3556 sacrificium
1100 3487 1316 3555 solummodo
1324 3493 1533 3577 praeparent

202 3595 358 3663 victimas
378 3595 613 3677 immolantes,
646 3597 730 3663 dum
760 3601 887 3683 Moyses
911 3595 1116 3682 sanguinem
1137 3615 1323 3683 aspergens
1344 3592 1532 3660 sacerdotis

203 3708 316 3790 partes
330 3707 422 3789 agat.
439 3723 472 3770 v.
489 3709 509 3768 6
524 3729 541 3763 e
560 3701 650 3768 Tulit
665 3702 784 3791 itaque
798 3705 932 3792 Moyses
947 3700 1128 3768 dimidium
1138 3713 1276 3791 purtem
1290 3699 1481 3788 ,sorrpuinin
1500 3710 1532 3764 et

201 3808 295 3874 misit
312 3808 351 3874 in
371 3820 520 3876 crateras
538 3837 554 3870 o
572 3809 628 3898 (cf.
646 3812 741 3876 Cant.
759 3816 833 3891 7‚3;
849 3814 891 3877 ls.
909 3808 1024 3896 mle)
1045 3837 1060 3868 «
1070 3820 1211 3896 portem
1225 3818 1342 3872 autem
1359 3803 1533 3872 residuum

197 3914 298 4003 fredit
316 3937 419 4005 super
433 3916 543 3982 ultore
559 3943 590 3996 »,
615 3943 630 3975 u
649 3915 742 4004 quod
764 3915 823 3982 Dei
838 3914 928 3981 vices
942 3914 1115 3980 referebat
1132 3941 1147 3975 n
1167 3912 1333 4002 (Euesa).
1350 3933 1382 3976 v.
1398 3919 1418 3976 7
1435 3939 1451 3972 u
1470 3912 1534 3976 As-

201 4043 408 4110 sumensque
429 4021 590 4088 columen
609 4020 777 4110 foederis,
801 4021 883 4110 lepit
905 4020 1067 4088 audiente
1085 4019 1231 4110 properie,
1258 4018 1318 4108 qui
1337 4017 1499 4084 dicerunt
1521 4041 1534 4084 .·

204 4128 345 4216 Omnia,
373 4151 464 4218 qetue
484 4128 618 4196 locutus
633 4141 683 4195 est
699 4128 881 4212 Dominus,
904 4127 1073 4216 feriemus
1091 4139 1123 4193 et
1145 4125 1271 4194 erimus
1292 4122 1530 4191 obedientes».

201 4258 233 4301 v.
249 4241 269 4302 8
289 4262 306 4296 u
323 4235 385 4302 llle
397 4258 474 4303 vcro
487 4248 661 4325 surnptum
678 4263 694 4295 n
709 4257 728 4302 e
741 4235 929 4302 crateribus
946 4233 1055 4322 (cai.)
1071 4261 1086 4296 a
1104 4233 1310 4322 coinquinent
1323 4231 1484 4321 respersit
1496 4231 1532 4298 in

198 4340 368 4431 populum
382 4353 415 4408 et
431 4342 511 4408 uit:
533 4341 599 4408 Hic
614 4353 666 4408 est
681 4342 821 4432 sanquis
835 4341 1001 4430 foederis,
1025 4339 1118 4430 quod
1132 4338 1272 4429 pepipit
1289 4338 1457 4404 Donn'nus
1473 4360 1532 4404 co·

201 4447 330 4514 discum
346 4470 449 4538 super
462 4448 591 4515 cernetis
604 4447 814 4515 sermonibus
828 4448 880 4514 bis
898 4476 927 4516 n.
946 4447 1039 4514 Idem
1057 4448 1185 4515 factum
1200 4447 1252 4511 his
1266 4446 1413 4511 refertur
1427 4444 1527 4510 Hebr.

201 4560 281 4638 9,1a
296 4577 347 4645 sq.
368 4578 376 4624 :
397 4584 412 4616 «
429 4559 529 4622 Lecto
544 4555 635 4621 enim
651 4555 745 4622 omui
765 4553 928 4622 mandato
943 4553 1031 4640 legis
1044 4575 1065 4620 a
1077 4559 1185 4640 Moyse
1202 4550 1363 4618 universo
1379 4547 1527 4639 populo,

201 4661 373 4752 accipiens
387 4661 591 4748 sanguinem
601 4661 788 4729 vitulorum
804 4667 837 4728 et
851 4661 1026 4727 hircorum
1038 4680 1115 4726 cum
1128 4681 1219 4748 aqua
1234 4665 1267 4725 et
1278 4657 1360 4724 lana
1372 4655 1529 4724 coccinea

202 4773 237 4836 et
249 4769 414 4859 hyssopo,
430 4768 545 4858 ipsum
560 4789 696 4857 quoque
711 4767 837 4833 librum
849 4773 882 4833 ct
895 4787 1032 4834 omnem
1048 4766 1215 4856 populum
1228 4762 1371 4854 aspersit
1386 4762 1503 4828 dicens
1518 4783 1525 4829 :
