3534 5384
736 380 785 423 εκ.
808 363 880 433 38,5
904 376 969 429 500·
1462 362 1523 423 ³45

188 517 466 592 natcum27,1-8
481 549 525 561 -
537 535 570 577 v.
592 520 612 579 5
635 540 651 573 «
662 511 754 599 [rests
766 523 916 602 quatuor
928 508 1069 577 annulis
1080 531 1144 599 pec
1157 509 1299 576 lotidem
1312 510 1474 578 retiaculi
1490 539 1520 596 n,

188 618 281 710 quod
297 616 399 685 modo
413 618 579 685 craticula
593 618 803 703 vertebatur,
823 647 839 679 «
853 616 1068 685 summitates
1074 668 1084 700 ,
1102 614 1149 682 acl
1163 615 1397 685 immittendos
1412 630 1520 685 vectes

188 722 237 789 ael
254 718 465 814 portandum
486 746 521 807 »ς
545 746 578 790 v.
599 731 619 791 6
641 753 657 787 u
678 738 808 816 quoset
832 724 922 815 ipsos
940 722 1029 814 fecit
1050 720 1092 788 cle
1118 720 1222 810 liquis
1249 725 1362 808 selim,
1378 737 1418 789 ct
1440 747 1519 814 ope-

187 830 258 896 ruit
273 829 412 897 laminis
424 831 538 897 aeneis
553 853 588 913 »3
603 854 635 897 v.
649 838 670 897 't
687 859 703 892 «
721 831 928 920 inducitque
945 828 1139 896 incirculos
1156 856 1186 911 a,
1202 829 1263 918 qui
1275 829 1378 896 modo
1395 831 1524 898 annrcli

188 936 388 1021 audiebant,
406 964 422 999 u
446 938 510 1027 qui
523 938 560 1003 in
579 936 740 1004 lateribus
757 937 879 1004 altaris
903 938 1110 1003 eminebant.
1132 936 1250 1025 [lasum
1270 950 1387 1003 uectem
1411 937 1522 1004 altare

187 1047 269 1130 [non
283 1056 356 1110 erat
371 1042 535 1127 solidum,
552 1043 622 1133 sed]
641 1066 762 1111 cautem
774 1066 818 1111 ec
829 1043 968 1125 tabellis,
989 1042 1139 1133 [elicitus
1155 1045 1311 1131 uacuum]
1331 1070 1360 1112 n.

648 1270 672 1330 β.
690 1266 799 1316 habrum
815 1282 919 1315 aeneum
936 1268 981 1316 Ex.
1001 1270 1062 1327 38,8.

232 1443 433 1513 uitiosum
455 1444 561 1512 refert
575 1467 669 1513 mare
684 1467 831 1514 aeneum
848 1466 856 1513 :
875 1445 918 1513 cf.
938 1450 1052 1527 30‚18.
1072 1448 1257 1521 Quaerere
1276 1450 1440 1525 uuae-m
1459 1447 1519 1513 ha-

188 1549 363 1618 bebantur
382 1550 425 1617 de
444 1550 679 1619 ablutionibus
692 1551 916 1641 peragendis,
931 1573 973 1618 ea
990 1573 1059 1618 non
1072 1552 1107 1619 h.
1128 1550 1167 1631 l.‚
1188 1549 1279 1639 quod
1297 1556 1376 1617 Lxx
1392 1552 1523 1619 iaciunt

192 1659 334 1746 (3837),
350 1663 449 1724 erant
462 1658 660 1747 repetenda,
673 1658 732 1725 sed
743 1663 907 1739 toas-30
924 1657 1054 1746 (30-32)
1071 1661 1300 1724 recensentur.
1318 1679 1350 1723 v.
1364 1663 1384 1725 8
1402 1659 1523 1724 «Fecit

189 1777 222 1829 et
236 1762 370 1829 labrum
383 1786 529 1831 aeneum
538 1785 616 1831 cum
630 1764 776 1831 basiano
787 1763 829 1831 dc
842 1764 989 1855 speculis
1001 1762 1199 1845 mulierum,
1209 1785 1297 1853 quae
1310 1764 1526 1831 excubabant

189 1872 225 1936 in
249 1870 336 1938 ostio
359 1870 572 1937 tabernaculi
598 1899 628 1939 ».
650 1870 804 1938 Mulieres
824 1872 908 1954 hae,
934 1898 950 1932 a
971 1893 1060 1959 quae
1085 1869 1316 1937 observabant
1337 1870 1381 1937 ad
1399 1872 1524 1937 ostium
1623 1862 1624 1865 ¹

189 1976 403 2048 tabernaculi
421 2004 452 2059 »,
475 1978 579 2044 etiam
597 1977 774 2045 habentur
790 1983 806 2043 1
823 1981 909 2064 Reg.
926 1984 1018 2061 affl,
1034 1976 1096 2045 ubi
1110 1977 1154 2043 cf.
1171 1998 1260 2065 quae
1275 1976 1435 2045 diximus.
1452 1982 1525 2043 Non

189 2082 298 2171 igitur
312 2084 355 2173 de
369 2084 610 2174 superstitione
628 2084 745 2173 aliqua
759 2104 871 2150 sermo
889 2091 955 2167 est,
972 2084 1033 2151 sed
1049 2084 1091 2150 de
1107 2083 1264 2169 legitimo
1279 2083 1392 2166 cultu;
1410 2105 1524 2172 nequo

191 2188 233 2255 de
252 2212 346 2257 mera
360 2189 497 2278 privata
513 2189 715 2273 devotione,
733 2211 812 2256 cum
830 2204 896 2254 uzu
910 2190 1028 2279 potius
1045 2211 1155 2275 genus
1174 2210 1290 2256 sacrae
1309 2188 1415 2256 veluti
1434 2189 1523 2255 mili-

188 2297 255 2363 tiae
280 2296 458 2363 turmatim
482 2296 712 2386 praestandae
741 2298 921 2385 exprimat.
945 2300 1110 2363 Notavere
1140 2317 1245 2385 porro
1274 2295 1419 2361 Balbini
1449 2318 1522 2361 rem

188 2402 225 2470 h.
249 2402 271 2469 l.
299 2404 451 2486 narrari,
471 2425 541 2469 non
565 2409 744 2493 tamquam
768 2404 887 2491 Moysis
913 2408 1070 2492 tempore
1094 2401 1246 2492 primurn
1270 2402 1345 2469 fieri
1367 2407 1523 2491 coeptam

189 2508 248 2575 sed
263 2513 439 2598 tamquam
456 2532 520 2576 usu
539 2515 785 2577 consecratam.
801 2510 865 2576 Ubi
879 2508 1075 2577 audiendus
1092 2508 1212 2597 Cyvill.
1230 2507 1328 2575 Alea.
1347 2510 1404 2598 (De
1424 2508 1519 2576 ador.

189 2615 225 2681 in
240 2637 306 2706 sp,
324 2615 386 2681 lib.
404 2620 462 2694 1x3
480 2617 528 2682 Μ.
547 2620 602 2682 68.
620 2622 684 2682 629
699 2615 780 2704 sq.),
796 2614 856 2705 qui
869 2615 990 2704 ipsein
1008 2622 1164 2705 Aegypto
1180 2616 1318 2682 vivebat
1333 2616 1524 2704 etantiqua

188 2721 436 2812 Aegyptiorum
446 2727 672 2797 monumenta
682 2722 791 2787 oculis
801 2721 1051 2811 conspiciebat:
1068 2752 1083 2782 «
1097 2720 1402 2789 Servierantidolis
1411 2721 1524 2807 longis

189 2828 403 2917 temporibus
429 2828 616 2908 Israelitae‚
642 2827 725 2893 dnm
755 2827 932 2916 Aegyptiis
958 2829 1120 2895 suberant
1148 2849 1337 2917 eorumque
1362 2827 1525 2893 vivebant

189 2934 337 3021 legibus.
353 2935 451 3001 Moris
458 2933 567 3020 igitur
579 2939 652 3001 erat
660 2934 833 3023 imprimis
843 2934 938 3024 apud
948 2934 1112 3001 mulieres
1123 2934 1321 3025 Aegyptias,
1332 2934 1424 3001 linea
1434 2939 1524 2999 veste

190 3039 328 3106 indutas
347 3040 444 3107 adire
463 3040 606 3130 templa,
628 3040 806 3130 speculum
825 3040 979 3121 sinistra,
996 3041 1133 3107 sistrum
1153 3039 1273 3107 dextra
1290 3062 1386 3107 sacro
1402 3040 1523 3105 habitu

191 3151 378 3233 gestantes3
392 3168 549 3235 quaeque
564 3168 646 3236 prae
661 3146 784 3213 ceteris
800 3147 928 3213 electae
943 3153 978 3213 et
988 3145 1142 3213 initiatae
1156 3152 1284 3227 essent,
1302 3168 1362 3214 eae
1383 3145 1524 3213 honoris

191 3251 264 3318 eins
280 3273 356 3336 seu,
374 3258 411 3319 ut
432 3253 546 3319 verius
558 3252 689 3333 dicam,
708 3253 936 3320 contumeliae
953 3252 1104 3343 plurima
1125 3252 1283 3319 adbibita
1298 3274 1404 3341 opera
1418 3253 1524 3342 parti-

191 3360 283 3448 cipes
297 3358 536 3425 efficiebantur
550 3385 582 3425 n.
602 3359 720 3447 cyrilli
735 3359 828 3427 dicta
842 3360 1048 3427 confirmant
1064 3364 1305 3440 monumenta,
1321 3380 1410 3449 quae
1423 3359 1523 3425 sistra

190 3464 426 3553 depinguntet
441 3464 621 3532 metallina
629 3467 768 3555 specula
782 3468 927 3555 (Erman
937 3490 972 3555 p.
991 3471 1055 3532 316
1072 3488 1122 3554 sq.
1136 3473 1201 3533 399
1218 3466 1425 3556 sq.)nosque
1443 3466 1522 3531 edo-

191 3578 284 3653 cent,
301 3571 447 3658 singulis
461 3572 597 3661 templis
609 3572 791 3640 attributas
805 3572 910 3639 fuisse
926 3571 1086 3639 mulieres
1100 3574 1247 3638 exomni
1261 3571 1389 3639 civium
1402 3573 1523 3639 ordine

190 3698 317 3765 magno
330 3699 473 3745 numero
487 3678 648 3760 selectas,
666 3701 755 3767 quae
770 3680 972 3747 cantatrices
986 3701 1048 3745 seu
1058 3679 1208 3745 musicae
1218 3678 1520 3769 nuncupabantur.

190 3784 285 3851 Ritus
304 3783 347 3850 de
366 3806 401 3851 se
424 3790 475 3852 est
488 3786 630 3852 omnino
650 3786 835 3866 innocens,
860 3785 920 3875 qui
934 3785 1046 3874 potuit
1068 3784 1160 3874 apud
1180 3785 1292 3851 varias
1308 3789 1430 3870 gentes
1444 3790 1522 3850 ante

190 3895 305 3958 natam
328 3890 562 3959 idololatriam
583 3891 679 3973 oriri,
697 3891 768 3958 imo
788 3914 828 3958 ex
843 3892 919 3980 ipsa
940 3889 1111 3977 religione
1130 3890 1310 3980 primitiva
1324 3895 1438 3957 ortum
1458 3889 1522 3955 du-

190 4018 276 4063 cere.
294 3997 440 4082 vigebat
460 3996 490 4064 is
508 3998 603 4087 apud
627 3998 797 4065 Hebraeos
813 4005 891 4064 ante
905 4003 1054 4084 Moysen,
1068 4019 1180 4086 neque
1202 4020 1223 4072 a
1238 4003 1348 4084 Moyse
1374 3994 1524 4061 abolitus

191 4109 240 4171 est
253 4108 337 4170 teste
354 4110 371 4169 1
386 4108 469 4191 Reg.
488 4110 581 4187 ψ.

677 4282 704 4331 g.
722 4269 831 4317 Atrium
847 4267 899 4317 Ex.
918 4265 1040 4329 tas-20.

233 4449 391 4515 Narratio
414 4451 607 4536 generatim
628 4451 815 4517 concordat
830 4471 909 4516 cunt
929 4457 1084 4534 ann-19,
1102 4457 1219 4519 tamen
1239 4452 1396 4541 pluribus
1417 4453 1521 4518 etiam

189 4556 315 4622 differt.
341 4578 374 4623 v.
393 4562 446 4623 9«
469 4558 564 4623 Fecit
579 4571 613 4623 et
624 4556 751 4623 atrium
758 4609 768 4640 ,
789 4557 827 4623 in
846 4556 945 4623 cuius
959 4555 1111 4624 australi
1127 4557 1237 4647 plaqa
1257 4570 1354 4625 erant
1372 4558 1521 4623 tentoria

190 4661 335 4750 clelysso
347 4673 491 4747 retorta,
509 4662 701 4729 cubitorum
715 4676 850 4729 centum
867 4691 897 4745 u,
915 4685 948 4731 v.
969 4671 1009 4730 10
1024 4691 1040 4724 a
1060 4664 1242 4731 columnae
1256 4686 1382 4731 aeneae
1394 4661 1522 4750 uiqinti

188 4790 267 4835 cum
286 4767 423 4836 basibus
438 4768 528 4853 anic,
544 4769 660 4860 capita
673 4769 910 4836 columnarum
926 4780 959 4836 et
978 4781 1049 4836 tota
1069 4768 1179 4859 operis
1198 4770 1376 4839 caelatura
1394 4790 1520 4857 arpen-
