3534 5384
242 353 281 411 32
687 365 796 410 uersis
818 365 896 409 aera
919 365 952 409 ru
974 365 1126 410 arerem.

245 499 307 567 illa
329 529 358 581 »‚
376 521 434 566 seu
456 499 570 588 potius
587 499 882 588 perorationem.
903 498 978 566 lud.
996 499 1104 586 210),
1124 519 1157 565 v.
1176 505 1196 564 7
1212 525 1228 558 α
1253 497 1323 586 filii
1340 497 1447 564 lsrael
1464 520 1575 564 crece-

245 619 326 672 rant
340 618 373 674 et
387 606 490 696 quasi
508 605 742 694 permittentes
758 603 984 694 rrurllr'pliceti
998 618 1094 689 serat,
1112 625 1153 671 ac
1167 604 1318 670 roborati
1332 603 1438 670 niueis
1457 603 1544 694 irrrpl
1561 643 1578 654 ·

247 725 366 780 cerunt
387 724 512 778 terram
536 739 552 772 t>
576 715 709 778 Gessen.
728 711 916 778 Cumulatis
934 710 1210 800 expressionibus
1229 717 1460 800 praeoccupat
1480 710 1578 800 quasi

244 843 270 885 s.
288 824 405 886 auctor
421 821 649 886 recentiorum
666 818 708 884 de
732 839 878 884 numero
898 818 1132 884 israelitarum
1150 824 1305 907 Aegypto
1325 816 1577 904 egredientium

245 926 384 992 cavillos
405 926 461 1012 (H.
479 927 520 990 A.
537 927 694 1014 Haryrer:
713 925 781 990 The
809 923 904 992 Bible
929 924 997 990 and
1022 923 1165 991 modern
1190 923 1412 1005 discoveries,
1440 923 1578 990 London

247 1037 333 1099 1890
347 1054 383 1121 p.
401 1031 471 1120 77).
491 1034 573 1098 Cum
595 1029 695 1096 Hedr.
714 1052 849 1097 versum
867 1030 1016 1096 hversui
1030 1037 1050 1095 7
1065 1051 1136 1096 uon
1152 1028 1353 1096 subordinat
1365 1029 1424 1096 sed
1443 1029 1577 1097 coordi-

246 1144 319 1219 nat,
341 1139 590 1204 incrementum
606 1159 638 1201 v.
656 1143 675 1201 7
696 1158 766 1202 non
786 1135 935 1202 obtinuit
959 1141 1091 1202 tantum
1111 1142 1204 1225 post,
1227 1135 1287 1202 sed
1307 1135 1478 1227 imprimis
1500 1141 1579 1202 ante

247 1243 446 1311 exstinctam
459 1243 555 1309 illam
575 1242 845 1328 generationem.
864 1243 913 1310 uf.
932 1247 1014 1309 Gen.
1031 1248 1111 1325 t,27
1126 1240 1265 1330 (Sylo.).

562 1506 594 1567 2.
613 1501 846 1566 Hebraeorum
866 1500 1037 1589 oppressio
1052 1504 1110 1565 Ex.
1135 1504 1266 1582 1,8-2·2.

629 1710 651 1741 a.
669 1694 765 1742 Primus
780 1695 870 1754 gradus
887 1713 894 1741 :
911 1695 1027 1754 angariae
1043 1695 1091 1741 Ex.
1108 1697 1199 1754 1,8-14.

294 1885 378 1970 Arg.
395 1920 440 1932 -
452 1880 596 1948 Hebraei
615 1903 636 1946 a
648 1880 788 1968 regibus
803 1880 999 1949 Pastoribus
1017 1880 1169 1968 benigne
1184 1879 1296 1948 habiti
1312 1880 1451 1970 vitaque
1467 1888 1582 1971 pasto·

251 2011 327 2056 rum
342 1991 511 2070 viventeS,
530 2007 608 2054 cum
623 1986 777 2054 numeris
796 2009 835 2054 ac
853 1986 977 2054 robore
993 1989 1176 2054 crevissent
1188 1994 1222 2054 et
1234 1995 1421 2054 extremam
1436 1987 1583 2077 Aegypti

251 2094 467 2186 proxinciam
496 2093 610 2160 Asiam
632 2115 749 2160 versus
779 2093 989 2176 obtinerent,
1019 2115 1110 2160 novo
1140 2093 1216 2181 regi
1243 2099 1419 2160 Pastorum
1444 2093 1582 2159 inimico

250 2200 417 2268 iuvidiam
433 2222 583 2267 movere.
600 2203 645 2265 Ne
661 2199 769 2284 igitur
785 2199 981 2267 Pastoribus
993 2200 1082 2267 forte
1097 2199 1261 2266 redituris
1277 2199 1387 2266 socios
1405 2221 1439 2266 se
1458 2198 1582 2287 iunge·

251 2312 344 2389 rent,
359 2328 477 2373 corum
492 2305 680 2395 permultos
695 2305 895 2391 agregibus
907 2305 976 2372 suis
987 2307 1044 2394 (cl.
1063 2305 1132 2395 9,t)
1144 2305 1333 2372 abstractos
1345 2305 1390 2372 ad
1402 2306 1583 2393 angariam

251 2412 370 2499 adegit
384 2412 534 2502 primum
558 2410 705 2478 duarum
727 2410 866 2477 urbium
887 2412 1189 2492 exstruendam,
1211 2410 1291 2478 dein
1311 2411 1458 2479 laterum
1479 2412 1584 2479 etiam

250 2518 510 2609 coquendorum
528 2539 762 2607 agrorumque
782 2515 1054 2604 irrigandorum.
1073 2524 1143 2596 Quo
1166 2523 1199 2584 et
1214 2515 1392 2584 laboribus
1410 2518 1584 2608 opprime-

249 2631 379 2705 rentur,
393 2630 426 2691 et
437 2622 480 2691 ad
490 2624 731 2711 generandum
740 2627 853 2690 essent
864 2623 1060 2712 ineptiores,
1072 2630 1107 2690 et
1116 2623 1316 2691 abinvicem
1329 2630 1582 2714 separarentur,

251 2756 292 2800 ne
307 2755 396 2800 unus
414 2736 524 2798 essent
543 2730 701 2820 populus.
1086 2800 1089 2808 ¹

295 2845 365 2906 v.8
389 2868 404 2900 a
421 2837 582 2906 Surrear't
610 2835 766 2925 [interea]
794 2859 854 2903 ree
882 2858 989 2902 necrus
1009 2857 1110 2927 sepior
1129 2838 1344 2927 Aegyptum,
1366 2837 1429 2926 qui
1449 2837 1586 2927 iquore-

255 2948 311 3012 bat
321 2943 440 3035 loseph
457 2972 485 3010 ».
508 2947 576 3010 Rex
589 2966 695 3008 noceas·
710 2949 843 3010 nonest
855 2965 948 3010 mere
962 2965 1021 3010 rex
1032 2942 1125 3008 alius
1136 2944 1269 3031 (LXX),
1284 2941 1344 3010 sed
1355 2965 1413 3010 rex
1434 2972 1449 3004 «
1466 2943 1587 3011 exalia

256 3052 386 3120 familia
401 3078 416 3112 r
432 3049 541 3140 (iord,
560 3049 682 3117 exalia
701 3048 858 3137 dynastia
870 3049 1002 3139 (Post).
1019 3052 1091 3116 Non
1104 3048 1228 3116 dicitur
1242 3049 1441 3118 immediate
1457 3071 1587 3116 succes-

256 3159 337 3226 sisse
351 3157 399 3240 ei,
416 3156 477 3247 qui
493 3157 675 3245 losephum
693 3154 918 3238 exaltaverat3
932 3155 1003 3223 imo
1016 3177 1130 3246 neque
1150 3154 1278 3222 dicitur
1293 3179 1312 3222 e
1326 3179 1416 3223 nova
1430 3155 1588 3245 dynastia

256 3263 416 3332 exstitisse
439 3264 582 3352 primus.
609 3266 711 3328 Sacer
733 3266 845 3328 textus
871 3283 928 3328 eos
953 3260 1037 3328 duos
1061 3262 1254 3351 pharaones
1279 3262 1376 3328 novit
1400 3262 1504 3344 solos,
1526 3262 1587 3352 qui

257 3370 368 3459 gentis
391 3367 517 3435 electae
546 3368 625 3434 latis
651 3367 942 3451 admiscebantur,
966 3367 1119 3456 reliquos
1142 3367 1281 3454 ignorat
1305 3391 1312 3437 :
1337 3367 1478 3435 illorum
1503 3369 1588 3435 alter

256 3475 367 3568 priorix
377 3480 593 3564 comparatus
606 3473 732 3540 exstitit
746 3497 864 3541 occurs.
883 3480 986 3541 Porro
1000 3495 1080 3541 cum
1094 3495 1113 3540 e
1126 3475 1357 3542 monumentis
1373 3497 1452 3542 cum
1471 3480 1587 3542 aucto·

257 3582 353 3650 ribus
365 3579 516 3671 antiquis
524 3578 656 3647 collatis
667 3579 830 3663 sciemus,
842 3580 1012 3648 Hebraeos
1024 3579 1088 3647 sub
1096 3579 1237 3666 regibus
1248 3581 1443 3648 Pastoribus
1452 3586 1588 3671 Aegyp-

255 3695 328 3756 tum
344 3710 416 3755 esse
429 3687 598 3774 ingressos
608 3738 615 3768 ,
626 3685 689 3752 sub
700 3685 860 3772 dynastia
872 3685 1032 3753 Thebaea
1043 3707 1214 3771 egressos,
1227 3708 1345 3774 regem
1357 3687 1450 3755 hunc
1459 3709 1589 3755 novum

256 3817 323 3865 nou
345 3793 518 3862 immerito
540 3791 706 3859 Thebaeis
731 3791 997 3860 accensebimus.
1017 3796 1047 3859 ls
1067 3815 1138 3860 non
1159 3805 1262 3860 norat
1287 3793 1408 3884 loseph
1428 3816 1436 3862 ε
1459 3815 1589 3863 nomen

256 3905 397 3970 fortasse
420 3906 454 3967 et
480 3905 557 3967 acta
577 3899 750 3981 audierat3
775 3898 834 3966 sed
862 3897 913 3965 uti
933 3898 1165 3981 Pharaonem,
1187 3898 1243 3966 cui
1265 3900 1387 3990 loseph
1404 3901 1587 3983 servierat,

258 4014 496 4098 usurpatorem
507 4004 691 4095 reputabat
710 4004 856 4093 ideoque
879 4003 954 4071 sine
973 4004 1080 4072 dubio
1099 4006 1174 4093 ejus
1193 4028 1321 4073 nomen
1334 4011 1369 4073 et
1382 4006 1552 4094 imagines
1570 4029 1588 4074 e

259 4113 489 4182 monumentis
500 4110 656 4192 dolebat,
673 4110 723 4177 ita
734 4110 928 4200 principem
947 4111 1022 4178 eius
1036 4111 1233 4179 ministrum
1251 4113 1370 4203 loseph
1384 4113 1587 4200 ignorabat,

259 4221 353 4308 leges
372 4218 416 4286 ab
435 4218 495 4284 illo
513 4218 600 4284 latas
618 4216 823 4307 repudiabat
847 4215 1010 4304 (Chald),
1028 4217 1101 4306 ejus
1124 4218 1335 4286 contribules
1351 4219 1586 4288 aversabatur.

261 4349 293 4392 v.
309 4333 341 4394 9.
359 4353 374 4387 «
391 4327 437 4391 Er
449 4324 500 4390 ait
514 4323 562 4391 ad
570 4323 740 4413 poprrlrrm
754 4346 855 4390 saum
868 4345 879 4390 :
893 4326 981 4391 Ecce
991 4325 1142 4415 popalus
1153 4324 1309 4415 filiorum
1322 4325 1431 4393 Israel
1442 4327 1586 4407 multus,

261 4446 292 4499 et
305 4431 434 4522 sortior
450 4428 548 4498 nobis
565 4443 613 4496 est
633 4459 662 4498 ».
681 4435 749 4498 Vox
765 4429 861 4498 nodis
875 4431 1042 4518 iungatur
1061 4452 1140 4499 cum
1152 4431 1304 4522 fortiam·
1314 4455 1383 4500 non
1396 4433 1588 4501 necessario

260 4539 342 4607 item
363 4560 439 4605 cum
460 4536 601 4604 medrus.
627 4537 737 4604 Verba
756 4559 818 4627 per
836 4536 1053 4626 hyperbolen
1077 4536 1170 4605 dicta
1191 4543 1292 4629 putat
1318 4537 1450 4624 Calm.;
1467 4539 1587 4607 Dillrr.

261 4644 350 4712 illud
369 4643 464 4711 nobis
480 4643 645 4731 intelligit
669 4665 739 4710 non
757 4650 795 4712 ut
814 4647 945 4710 sonet«
964 4665 1068 4732 quam
1086 4667 1149 4711 nos
1172 4673 1207 4728 v,
1225 4645 1285 4712 sed
1308 4673 1324 4706 a
1340 4667 1403 4736 pro
1421 4646 1522 4713 nobis
1545 4674 1561 4710 a
1579 4669 1587 4716 τ

260 4751 382 4820 fortior
400 4756 463 4833 est,
478 4771 582 4840 quarn
601 4771 662 4817 nos
675 4749 863 4839 prudenter
875 4751 966 4818 ferre
979 4771 1170 4840 possumus.
1187 4750 1320 4843 Optime
1339 4753 1462 4836 Ebers,
1481 4757 1589 4821 Gosen
