3534 5384
747 378 798 421 ux.
821 361 925 432 23,18.
1442 362 1501 420 243

173 514 291 564 chalem.
315 516 447 579 Appellat
461 517 522 580 ipse
541 517 703 565 contextum
717 528 779 564 eum
802 529 829 564 v.
858 514 889 564 15
912 513 1008 564 :leste
1026 514 1168 577 paschalis
1187 513 1316 564 comedes
1337 527 1433 578 azyma
1457 520 1500 576 et,

172 602 265 666 quoad
279 603 476 654 fermentatum
491 604 557 668 quid
570 603 655 655 luerit
669 606 697 653 ln
709 603 802 664 domo,
819 616 925 665 agnum
939 602 1100 668 paschalem
1116 615 1174 654 non
1185 602 1351 653 immolabis.
1365 603 1417 653 llic
1432 617 1501 654 con-

173 693 265 741 textus
277 705 334 742 non
348 698 391 743 est
412 694 441 742 ln
456 708 479 744 s.
496 694 599 753 literis,
622 691 672 744 scd
686 691 810 743 studiose
829 692 858 740 in
878 692 942 742 illas
961 693 1138 756 importatur.
1158 691 1260 742 Verius
1279 692 1364 754 igitur
1383 691 1503 742 affirmat

173 782 260 842 Prae,
277 794 303 830 v.
323 782 354 831 18
369 796 411 846 sq.
435 795 520 846 egere
540 783 575 833 de
592 781 736 834 sacrifieiis
755 782 919 831 universim.
936 781 1035 844 Neque
1058 781 1139 831 obest
1151 781 1239 832 verba
1259 781 1306 830 vix
1327 794 1384 831 non
1404 781 1500 832 eadem

173 869 253 928 3135
268 884 311 934 sq.
328 871 464 922 adsolum
478 873 584 935 pasche
597 870 695 922 relerri
711 885 718 921 :
734 871 852 930 etenim,
868 871 893 922 si
902 882 971 920 vera
980 872 1036 920 sint
1050 870 1085 919 de
1106 870 1236 920 omnibus
1251 867 1395 920 sacrificiis
1417 869 1501 920 trium

173 960 396 1021 solemnitatum,
410 961 477 1024 quid
492 961 597 1020 obstet,
612 961 761 1024 quominus
781 959 919 1023 311551]-
938 959 1036 1010 eadem
1057 959 1091 1009 dc
1111 959 1179 1009 solis
1197 959 1339 1022 paschatis
1358 958 1501 1010 sacrificiis

173 1048 390 1112 praedicentur?

464 1275 490 1312 e.
508 1261 628 1312 Novella
643 1263 678 1312 de
691 1261 823 1325 primitiis
834 1261 1029 1325 persolvendis
1040 1259 1092 1311 Ex.
1107 1259 1213 1322 23,l9³.

216 1455 298 1543 Arq.
322 1491 367 1503 -
387 1457 413 1518 E
431 1453 570 1520 nemine
592 1453 694 1520 [altre
713 1457 822 1543 patet,
846 1452 960 1538 legem
985 1453 1051 1519 hac
1071 1451 1184 1518 forma
1206 1473 1277 1518 non
1301 1474 1372 1519 esse
1395 1456 1504 1540 lloysc

172 1559 413 1648 antiquiorem.
429 1563 556 1626 Tamen
567 1561 642 1649 ipsa
653 1558 887 1649 primitiarum
897 1558 950 1624 lex
963 1563 1037 1625 erat
1046 1559 1253 1647 perantiqua
1268 1558 1323 1648 (cl.
1337 1558 1382 1626 ad
1394 1560 1502 1648 133),

170 1664 315 1754 ideoque
330 1665 486 1754 loquitur
500 1665 543 1731 de
560 1665 623 1731 illa
635 1671 759 1752 Moyses
774 1663 1046 1754 expressionibus
1065 1663 1254 1753 antiquitus
1273 1667 1433 1755 receptiS,
1451 1664 1503 1731 lo-

171 1772 288 1860 quitur
305 1770 347 1837 de
362 1770 528 1861 fracidus
546 1783 670 1852 terrae,
694 1771 773 1838 licet
792 1771 911 1856 fruges
935 1775 1009 1836 tum
1028 1771 1066 1836 in
1086 1768 1251 1836 Sinaitide
1273 1770 1418 1837 Hebraei
1432 1793 1503 1837 non

171 1877 352 1944 haberent.
377 1882 434 1960 At,
457 1899 572 1945 nonne
591 1876 793 1945 brevissimo
806 1875 972 1966 temporis
987 1875 1189 1957 intervallo,
1212 1876 1374 1944 uilicum
1396 1877 1504 1943 ellen-

172 1983 315 2064 dissent‚
331 1984 368 2050 in
382 1989 510 2051 terram
525 1983 732 2075 premissam
747 1987 846 2050 erant
859 1981 1121 2050 introducendi!

215 2113 248 2158 v.
278 2097 357 2157 19«
381 2091 561 2157 Primitiae
585 2093 733 2180 fraqam
757 2103 866 2157 terroe
887 2103 966 2156 tuae
986 2088 1118 2178 deseres
1142 2089 1179 2155 iri
1206 2088 1346 2155 dorium
1364 2091 1505 2156 Domini

172 2197 237 2263 Dei
250 2197 303 2263 tui
324 2225 360 2278 n,
380 2198 404 2263 i.
426 2220 457 2264 e.
478 2198 663 2278 inlocum,
687 2197 746 2263 ubi
760 2201 836 2263 tum
857 2195 928 2263 iam
943 2200 1018 2263 erat
1032 2195 1157 2276 altare,
1176 2200 1210 2262 et
1225 2196 1447 2284 postmodum
1468 2197 1506 2272 in

173 2303 287 2370 locum
301 2302 520 2370 tabernaculi
536 2302 707 2370 foederis:
724 2302 818 2370 locus
830 2302 978 2393 quippe,
995 2301 1033 2368 in
1045 2325 1116 2392 quo
1132 2307 1219 2368 Deus
1233 2323 1331 2370 suam
1347 2303 1505 2370 manifes-

173 2415 224 2476 tat
241 2409 490 2500 praesentiam,
509 2409 584 2476 inre
597 2416 738 2477 vocatur
751 2409 873 2475 domus
886 2410 942 2476 Dei
964 2409 1058 2498 (Gen.
1077 2407 1507 2498 28,17).1nculcaturrur-

172 2538 248 2583 sum
268 2518 322 2583 lex
344 2522 445 2599 2229
470 2517 708 2607 promulgata3
733 2514 927 2582 distinctius
946 2516 1087 2582 effertur
1113 2537 1183 2581 non
1204 2515 1275 2581 sola
1302 2515 1504 2584 animalium

171 2622 419 2712 primogenita,
445 2623 505 2689 sed
523 2622 693 2713 primitias
717 2621 820 2688 etiam
836 2621 1011 2688 fructuum
1029 2626 1141 2688 terrae
1161 2644 1232 2689 esse
1252 2621 1442 2703 offerenda;
1463 2624 1506 2690 ai-

173 2730 245 2795 mul
259 2730 371 2811 loeus,
393 2751 462 2817 quo
485 2735 595 2795 essent
615 2727 855 2818 producenda,
876 2727 1133 2795 demonstratur
1153 2727 1274 2818 (cat).
1296 2730 1397 2794 Hedr.
1420 2729 1506 2796 verti

173 2840 285 2925 potest
298 2835 354 2902 vel
373 2834 515 2901 initium
528 2835 768 2924 primitiarum
787 2846 897 2899 terrae
920 2834 1055 2922 (LXX),
1078 2833 1134 2900 vel
1153 2833 1311 2919 initium,
1327 2833 1505 2924 prirrrilics

175 2954 284 3008 terrae
307 2942 476 3032 (Mesoa).
503 2941 619 3008 Altera
644 2941 849 3008 constructio
874 2941 1088 3007 commodior
1111 2938 1168 3030 (cl.
1191 2943 1244 3006 Ez.
1273 2941 1407 3030 blatto),
1426 2964 1505 3008 cum

174 3070 294 3136 reapse
308 3070 376 3114 non
392 3071 472 3138 pars
489 3045 741 3138 primitiarum,
755 3046 815 3114 sed
834 3069 953 3114 omnes
967 3045 1141 3137 primitiae
1161 3048 1219 3113 Dei
1236 3047 1375 3114 fuerint.

346 3300 365 3350 1.
380 3300 500 3351 Novella
514 3301 548 3352 de
563 3300 656 3352 hoedo
670 3312 728 3350 non
742 3299 889 3364 coquendo
904 3301 933 3349 in
948 3299 1029 3364 arlipe
1042 3301 1203 3350 matrialis.
1221 3295 1327 3362 23,19¹¹.

217 3503 301 3590 Arq.
322 3539 367 3552 —
389 3506 540 3591 (loquere
561 3500 714 3569 hoedum
733 3522 804 3568 non
823 3502 858 3567 in
880 3500 985 3585 laete,
1003 3501 1064 3568 sed
1082 3502 1120 3568 in
1134 3501 1237 3592 adipe
1262 3503 1382 3569 matris
1402 3503 1503 3570 luisse

176 3607 319 3675 «ritum
343 3606 606 3674 idololatrarum
633 3634 649 3669 n
680 3607 806 3697 (Cui),
832 3605 973 3675 difficile
996 3607 1209 3692 admiserim,
1241 3631 1320 3676 cum
1346 3609 1428 3698 quia
1451 3632 1504 3676 cc-

174 3713 303 3802 quendi
326 3713 472 3780 verbum
491 3736 562 3781 non
581 3713 748 3782 sacrificia
771 3715 908 3804 respicit
930 3714 990 3780 sed
1014 3713 1133 3803 epula,
1163 3719 1234 3780 tum
1261 3715 1341 3804 quia
1367 3716 1502 3782 nullum

173 3819 340 3886 eiusmodi
355 3821 440 3887 ritus
460 3820 641 3908 vestigium
664 3819 756 3910 apud
775 3819 925 3887 diversas
945 3828 1064 3907 gentes
1084 3821 1240 3888 ethnicas
1259 3822 1500 3911 comperimus.

173 3926 240 3994 Sed
253 3926 317 3994 illa
335 3927 507 4016 coquendi
525 3927 613 3994 ratio
630 3928 665 3993 h.
683 3927 706 3992 l.
724 3948 803 3993 eum
819 3926 896 3994 aliis
911 3927 955 4016 (r.
976 3929 1044 4015 18),
1061 3950 1149 4016 quae
1163 3926 1419 3995 immunditiam
1439 3928 1501 3994 ha-

171 4033 271 4115 bent,
293 4034 528 4123 proscribitur,
546 4055 614 4123 quc
630 4032 755 4100 certius
770 4032 832 4099 illa
848 4033 1043 4100 abstineant
1060 4032 1215 4101 Hebraei.
1234 4038 1340 4111 Quam
1354 4033 1501 4123 explica-

172 4139 303 4206 tionem
316 4139 497 4206 confirmat
506 4145 601 4206 Dent.
621 4145 734 4222 11,21,
751 4139 813 4206 ubi
825 4139 888 4206 illa
902 4140 945 4207 de
958 4161 1028 4206 non
1040 4139 1219 4230 coquendo
1230 4139 1267 4206 in
1281 4140 1398 4208 matris
1411 4139 1502 4210 lacte

172 4245 285 4312 hoedo
300 4245 488 4336 prohibitio
504 4246 676 4337 reperitur
688 4245 862 4336 adscripta
875 4246 918 4313 ad
934 4246 1064 4314 calcem
1079 4246 1227 4328 elenchi,
1246 4246 1306 4336 qui
1321 4246 1500 4316 immunda

173 4351 330 4419 ciborum
346 4372 475 4439 genera
485 4358 650 4420 recenset.

219 4484 235 4518 u
251 4459 331 4526 Non
344 4480 466 4548 coques
479 4457 627 4525 hoedum
642 4459 679 4524 in
694 4460 780 4527 laete
797 4460 917 4527 reatris
929 4483 1011 4527 setae
1024 4487 1053 4528 n.
1068 4459 1115 4527 ci.
1134 4465 1252 4544 aaa&
1270 4465 1365 4527 Deut.
1386 4466 1499 4545 imi.

172 4561 274 4631 Vctiti
288 4564 458 4631 rationem
473 4564 670 4652 assignabat
684 4565 899 4647 Theodorei,
916 4568 1009 4656 quod
1025 4589 1064 4634 ea
1077 4568 1209 4633 ratione
1221 4566 1378 4634 videatur
1390 4572 1500 4634 mater

175 4671 274 4760 ecqui
291 4692 370 4738 cum
389 4671 497 4761 prole.
518 4699 534 4732 ι(
551 4677 686 4761 Spectet
698 4695 779 4740 vero
794 4675 879 4740 haee
893 4673 947 4739 lex
967 4671 1012 4740 ad
1032 4694 1170 4741 emnem
1191 4672 1444 4754 crudelitatem,
1467 4679 1501 4740 et

175 4776 344 4867 quidquid
359 4779 505 4868 speciem
517 4778 623 4845 habet
637 4779 859 4863 crudelitatis,
875 4779 1113 4862 avertendam3
1131 4779 1300 4868 siquidem
1314 4777 1499 4870 quamdam
