3534 5384
728 418 778 461 11.
800 402 982 473 3111111.
1461 408 1519 466 333

188 550 238 617 bis
254 550 291 617 in
307 564 488 640 conspecta
499 571 574 617 meo
589 571 718 616 cacuus
732 578 762 617 n.
781 551 830 617 Cf.
850 557 951 633 13,11
968 572 1019 640 sq.
1032 572 1039 632 ;
1052 557 1165 633 rati.
1184 575 1215 617 v.
1237 558 1306 618 111
1322 554 1391 619 Sec
1405 553 1522 621 diebus

188 657 397 748 operaberis,
424 655 480 723 die
498 656 642 745 septimo
671 656 811 724 cessabis
829 679 929 723 arare
959 668 991 723 et
1016 668 1193 725 1111111»,
1220 658 1414 727 Efferuntur
1428 662 1453 726 ii
1468 662 1522 727 la·

188 765 305 846 borea,
322 785 387 853 pro
401 762 527 853 quibus
541 762 715 849 agricolae
732 762 866 829 facilius
884 763 1135 852 exemptionem
1158 764 1269 850 alege
1284 774 1518 854 praesumunt.

189 870 347 938 Severius
374 871 493 956 igitur,
523 892 628 959 quam
650 875 768 953 antea,
791 870 878 936 haec
898 868 951 935 lex
976 871 1187 937 enuntiatur.
1214 875 1411 961 Sequuntur
1437 875 1522 940 leste

189 981 399 1045 Pentecostes
408 982 441 1043 11
456 975 767 1044 Tabernaeulorum
785 998 816 1041 v.
835 981 877 1041 11
894 996 901 1041 :
919 1002 935 1037 «
952 975 1211 1043 solemnitatem
1231 976 1522 1045 bebrlomadarnm

184 1083 298 1173 [acies
318 1082 383 1149 tibi
399 1082 436 1149 in
451 1082 622 1172 primitiis
637 1083 785 1171 stirpeam
803 1082 920 1148 messis
930 1093 1009 1148 tuac
1020 1082 1174 1149 triticeae
1179 1104 1194 1168 ;
1208 1095 1240 1149 et
1256 1083 1519 1168 solennitatem,

190 1189 329 1279 quando
344 1189 507 1257 redeunte
526 1188 613 1255 anai
635 1202 786 1279 tempore
801 1201 925 1255 11111111
941 1187 1137 1256 conduntur
1156 1218 1186 1255 n.
1202 1192 1305 1256 Hebr.
1325 1212 1336 1257 :
1352 1204 1384 1257 11
1397 1191 1522 1258 solera-

188 1296 333 1363 nitatem
356 1297 474 1363 mcssis
493 1296 675 1383 fructuum
697 1296 734 1361 in
757 1293 852 1360 exitu
875 1295 972 1361 anai.
995 1295 1045 1363 Cf.
1066 1302 1182 1377 23,lb.
1207 1295 1521 1388 Inculcaturporro

187 1405 298 1470 trinus
313 1402 459 1488 singulis
479 1404 579 1468 annis
597 1401 641 1469 ad
657 1400 890 1468 sanctuarium
911 1424 1062 1469 accessus
1083 1425 1115 1467 v.
1137 1409 1178 1468 13
1197 1424 1205 1471 :
1223 1430 1240 1465 κ
1258 1403 1375 1470 Tribus
1391 1416 1520 1495 terripa-

190 1510 282 1575 ribus
301 1509 388 1575 anni
401 1508 579 1599 apparebit
602 1530 701 1574 omae
720 1508 950 1575 rrrascalinum
974 1521 1071 1575 1111111
1094 1507 1132 1573 ia
1153 1522 1334 1599 cortspecta
1353 1511 1520 1601 [cornipe-

190 1616 303 1702 tcntis]
327 1614 468 1683 Domini
482 1614 552 1680 ‘Dei
575 1615 684 1681 lsrael
704 1642 733 1680 ».
760 1615 808 1681 Cl.
830 1620 944 1696 13,17.
970 1614 1038 1681 Sed
1059 1614 1270 1683 adiiciuntur
1291 1616 1412 1697 verba,
1432 1640 1521 1706 quae

189 1729 266 1812 post
280 1728 381 1803 23,st
405 1743 475 1789 non
495 1721 725 1808 legebantur:
743 1743 775 1787 v,
800 1727 843 1788 11
864 1748 880 1781 u
911 1721 995 1786 Cam
1015 1720 1107 1799 enim
1122 1720 1231 1788 tulero
1250 1736 1366 1811 pentes
1385 1746 1407 1789 a
1426 1724 1521 1813 facie

192 1840 263 1912 tua,
281 1839 314 1895 et
328 1827 517 1895 dilatavero
533 1827 694 1894 terminas
705 1840 780 1893 tuas
795 1854 810 1889 1
828 1826 962 1916 (13,31;
978 1831 1073 1894 Deut.
1093 1828 1197 1916 tas),
1216 1828 1328 1895 leocro
1345 1829 1423 1897 illos
1435 1831 1521 1906 latos

190 1943 292 2024 teque
316 1940 508 2025 potentem,
528 1960 545 1995 a
571 1933 690 2000 nullus
714 1931 936 2000 insidiabitur
961 1945 1071 1999 terrae
1096 1946 1196 2019 tuac,
1217 1934 1419 2002 ascendente
1444 1948 1475 2001 te
1490 1949 1522 2000 rt

191 2053 377 2133 apparente
397 2042 434 2107 in
454 2053 634 2131 conspectu
653 2040 793 2106 Domini
810 2039 875 2105 Dei
887 2040 941 2105 tui
951 2051 1000 2105 ter
1014 2040 1052 2105 in
1065 2061 1156 2107 anno
1179 2068 1208 2107 n.

227 2249 321 2301 Verba
332 2249 492 2300 referuntur
506 2249 542 2298 ad
554 2254 665 2311 tempus
677 2250 831 2311 occupatae
842 2249 934 2299 terrae
944 2249 1066 2299 sanctae.
1080 2248 1178 2307 Quoad
1193 2229 1296 2323 urbii:
1311 2254 1406 2301 monet
1418 2250 1521 2309 bitin„

190 2336 288 2390 eodem
312 2316 671 2402 1111111111111111111511
694 2338 812 2400 exprimi
833 2338 1013 2387 consuevisse
1031 2350 1178 2388 ascensum
1201 2324 1434 2401 Hierosolymam.
1454 2339 1522 2389 Om-

192 2430 260 2478 nino
271 2429 311 2477 ita
323 2429 352 2477 et
365 2428 510 2491 aptissime
529 2425 656 2490 quidem,
671 2425 861 2476 sanctuarium
880 2426 999 2489 quippe,
1016 2424 1183 2490 ubicumque
1202 2428 1253 2486 sit,
1269 2426 1350 2478 lacile
1369 2430 1524 2490 concipitur

193 2523 223 2567 ut
235 2516 314 2567 locus
331 2514 442 2575 editior,
458 2514 494 2565 ad
514 2527 599 2578 quem
615 2513 665 2564 frat
681 2526 824 2565 ascensus.
839 2514 904 2563 Nan
919 2516 962 2564 est
976 2526 1044 2577 ergo
1063 2527 1194 2575 necesse,
1209 2515 1244 2565 ob
1264 2527 1326 2565 eam
1345 2528 1443 2567 1111111
1459 2530 1522 2566 ver·

191 2619 253 2656 sum
270 2616 429 2669 supponere
447 2611 511 2668 post
529 2606 702 2655 exstructum
722 2603 859 2666 templum
878 2614 941 2653 esse
960 2604 1102 2666 scriptum.
1119 2604 1252 2666 suggerit
1273 2604 1322 2654 illa
1341 2607 1457 2655 omnino
1477 2607 1521 2668 agi

192 2695 226 2745 de
244 2695 325 2743 unico
347 2694 520 2753 sanctuario,
535 2705 593 2743 non
612 2691 648 2742 de
665 2691 801 2742 altaribus
819 2691 906 2741 variis
925 2704 974 2755 per
993 2692 1137 2753 regionem
1157 2692 1225 2742 locis
1246 2694 1396 2743 exstructis
1414 2707 1420 2741 :
1438 2694 1521 2756 idque

191 2796 301 2835 rursum
325 2782 471 2832 confirmat
494 2793 680 2831 1111111111
702 2780 913 2829 masculinum»
933 2792 960 2828 v.
983 2778 1014 2829 13
1038 2778 1202 2845 (Haonactcr
1221 2794 1249 2843 p.
1265 2779 1302 2845 5).
1320 2780 1426 2839 Quodsi
1447 2784 1521 2831 enim

191 2885 243 2936 per
262 2873 349 2921 totam
371 2871 517 2933 regionem
536 2881 636 2933 sparsa
654 2868 827 2918 haberentur
844 2868 959 2927 altaria,
976 2869 1000 2917 si
1015 2869 1116 2931 cuique
1135 2872 1200 2918 anic
1224 2868 1299 2919 iores
1323 2871 1452 2933 proprias
1477 2884 1522 2919 ex-

190 2960 318 3010 struendi
335 2958 432 3008 altaris
453 2957 496 3007 las
517 2959 605 3013 esset.
622 2969 722 3020 reapse
744 2969 801 3006 non
822 2956 991 3020 perspicitur
1011 2969 1060 3006 cur
1076 2972 1089 3004 1
1106 2956 1275 3007 ascendendi
1297 2957 1461 3019 »obligatio
1488 2959 1522 3006 ad

191 3048 268 3099 solos
280 3059 372 3097 mares
385 3047 610 3108 restringeretur.
626 3072 660 3081 —
673 3045 775 3095 liebus
791 3044 916 3109 auferam
930 3046 1001 3093 enim
1015 3051 1105 3111 pentes
1123 3047 1203 3107 (Sam.
1220 3044 1329 3109 mattas)
1347 3061 1363 3094 a
1383 3045 1451 3109 [acie
1466 3053 1522 3107 trra,

192 3143 217 3185 et
237 3134 359 3185 dilatabo
380 3135 506 3183 terminas
526 3140 598 3196 tuor,
621 3148 706 3198 neque
727 3134 870 3197 qumquam
891 3134 1072 3183 insidiabitur
1091 3140 1178 3182 terrae
1200 3140 1275 3194 tuae,
1298 3136 1453 3185 ascendente
1475 3142 1525 3185 etc.

194 3226 237 3275 lta
256 3225 359 3274 clarius
376 3224 463 3273 etiam
480 3225 571 3286 patet,
587 3223 663 3287 quod
683 3235 764 3273 secus
784 3234 836 3286 per
856 3222 988 3284 epikeian
1005 3225 1080 3272 esset:
1100 3221 1289 3283 inferendum,
1311 3223 1437 3286 tempore
1461 3224 1527 3273 belli

194 3326 252 3364 non
266 3311 353 3363 tuisse
371 3324 465 3361 mares
484 3311 624 3375 obligatos
643 3311 679 3363 ad
698 3309 770 3361 fines
788 3310 989 3373 relinquendos
1008 3311 1179 3361 indefensos.
1196 3311 1294 3376 Dices,
1310 3311 1408 3362 haberi
1426 3313 1526 3362 saltem

195 3403 320 3453 divinam
334 3401 550 3465 promissionem
567 3399 769 3464 posterioribus
789 3399 960 3462 temporibus
980 3399 1054 3449 haud
1074 3400 1229 3463 expletam,
1247 3412 1342 3450 earum
1360 3403 1525 3463 peregrina·

194 3493 303 3542 tionum
324 3502 419 3540 annua
441 3493 568 3552 tempora
590 3501 702 3552 semper
721 3488 781 3539 lore
802 3491 905 3552 pacata
919 3500 926 3537 ι
942 3500 1040 3538 verum
1058 3487 1189 3549 adverte,
1203 3489 1276 3539 hanc
1294 3490 1335 3539 uti
1355 3489 1427 3539 altas
1448 3491 1525 3552 pacis

194 3579 411 3643 promissionem
432 3577 552 3640 intelligi
569 3580 699 3641 oportere
717 3576 949 3637 conditionatam,
964 3578 988 3626 si
1005 3590 1043 3626 sc.
1057 3576 1178 3627 Hebraei
1195 3577 1280 3627 Iahve
1300 3577 1439 3628 mandatis
1455 3577 1523 3627 fide·

193 3668 256 3718 liter
270 3666 463 3719 adhaererent.

239 3873 271 3916 v.
286 3857 328 3917 15
337 3848 462 3941 repetit
472 3849 587 3936 legem
597 3854 699 3929 13,18
712 3847 849 3925 editam,
862 3853 896 3914 et
907 3849 943 3915 h.
956 3848 978 3914 l.
993 3847 1135 3937 quidem
1146 3848 1261 3938 quoad
1270 3849 1382 3917 solum
1392 3849 1497 3915 Plrase
1514 3871 1520 3913 :

197 3986 213 4019 1
234 3960 314 4024 Ν11
331 3954 525 4023 immolabis
547 3977 648 4044 super
667 3956 835 4044 sarmenta
848 3954 1050 4043 sanquinem
1070 3954 1200 4022 bestiae
1221 3976 1332 4035 meae,
1350 3977 1524 4044 11111111-

194 4064 320 4131 sidcbit
342 4085 443 4129 mane
464 4061 506 4128 de
525 4061 666 4128 uictima
686 4060 914 4127 soleamitatis
932 4060 1041 4127 Pbase
1063 4089 1092 4127 n.
1115 4084 1147 4127 v.
1172 4068 1214 4128 16
1239 4061 1364 4151 repetit
1388 4068 1490 4144 23,19
1514 4082 1521 4127 :

197 4199 213 4232 a
230 4168 411 4237 Primitiae
423 4171 571 4258 scapum
586 4181 695 4234 terrac
710 4180 788 4233 tuae
803 4167 925 4256 offeres
946 4167 984 4234 in
1003 4169 1102 4235 danea
1126 4168 1263 4235 Domini
1281 4167 1344 4235 Dei
1359 4168 1423 4235 tui.
1446 4172 1525 4235 Noa

195 4298 318 4365 coques
334 4274 482 4342 baedam
500 4274 537 4341 in
557 4274 643 4341 lacte
662 4273 879 4342 matrissuae
899 4302 929 4341 ».

239 4406 271 4449 v.
299 4387 341 4447 17
370 4409 386 4443 a
410 4380 575 4470 Dicitque
597 4380 765 4448 Dominus
784 4379 833 4447 ad
854 4383 996 4468 Moysen
1020 4402 1033 4445 .·
1052 4380 1168 4449 Scribe
1193 4382 1257 4449 tibi
1276 4384 1378 4449 verba
1404 4382 1488 4448 lracc
1511 4412 1526 4442 n

191 4514 225 4557 v.
242 4495 346 4557 10-16
362 4486 494 4578 (Post),
511 4515 528 4549 1
545 4486 670 4577 quibas
685 4515 714 4568 »‚
731 4510 790 4555 seu
803 4485 1090 4576 acciendumquae
1103 4488 1197 4579 (Gen.
1213 4490 1319 4577 W),
1337 4518 1352 4551 «
1365 4499 1398 4556 et
1415 4501 1524 4554 1111111

190 4609 224 4663 11
242 4619 319 4664 cum
335 4595 445 4662 Israel
453 4593 576 4685 pepiqi
585 4594 711 4685 scedas
726 4620 756 4660 n.
779 4616 810 4660 v.
832 4600 875 4661 18
893 4622 909 4655 1
930 4593 1012 4661 Fuit
1028 4617 1109 4684 erqo
1126 4594 1266 4663 ibicum
1282 4596 1424 4662 Domina
1444 4620 1527 4684 11111-

191 4704 358 4793 draqinta
369 4701 442 4769 dies
452 4714 484 4768 et
497 4700 731 4791 quadraqinta
745 4714 880 4785 nactes;
889 4722 1021 4791 panem
1035 4724 1103 4767 nan
1115 4700 1261 4770 comedit
1272 4714 1306 4769 11
1319 4724 1445 4792 aquam
1456 4725 1525 4766 11111

192 4810 294 4896 bibit,
311 4823 345 4877 ct
359 4808 495 4900 scripsit
518 4836 534 4869 n
559 4812 684 4895 Moyses
698 4808 798 4897 (Auq.
807 4829 823 4894 ,·
836 4808 879 4874 cf.
898 4830 985 4896 quae
1005 4808 1152 4874 diximus
1171 4808 1214 4875 ad
1231 4832 1263 4874 v.
1281 4810 1312 4896 1)
1335 4836 1350 4870 1
1369 4808 1406 4872 in
1428 4807 1525 4873 taba-
