3534 5384
753 413 801 455 nr.
826 395 917 466 lodi
941 411 985 464 so.
1477 404 1533 458 liti

202 552 296 615 Dent.
325 552 634 629 5,2'10mnes-<‹
660 569 730 612 erton
748 569 897 630 aereum,
922 569 992 612 recu
1018 545 1201 626 ancillam,
1224 571 1294 614 aaa
1316 549 1447 634 berem,
1463 575 1531 616 noa

204 653 343 720 asiacam
369 683 404 737 n,
422 693 467 703 -
489 675 600 742 aeque
624 675 721 720 ocreae
746 653 938 719 lrnaenlum
962 651 1095 719 addunt
1116 655 1207 720 LXX
1230 659 1374 745 utroque
1395 656 1471 724 loco
1489 696 1533 707 -

205 790 220 822 a
237 782 299 827 nec
312 760 439 843 cuculo,
462 782 551 849 qrcae
566 759 752 826 illitus-unt
767 789 797 826 r.
816 764 911 827 Dent.
932 765 1008 840 aar
1029 781 1150 826 omnes
1162 781 1303 827 acorem
1318 767 1530 853 anteponunt

200 866 318 932 dorrrui
340 888 353 932 .·
377 866 534 957 hancque
562 867 747 934 lectionem
769 872 952 956 tamquam
981 867 1081 954 unice
1109 865 1296 953 genuinam
1323 871 1463 936 tuentur
1487 871 1529 953 ii,

200 973 261 1063 qui
273 973 341 1040 duo
356 996 388 1041 v.
407 980 447 1040 17
460 972 551 1040 tradi
569 972 731 1040 mandata
745 972 952 1050 detendunt,
975 973 1056 1040 dum
1072 971 1199 1063 reliqui
1213 979 1395 1063 utramque
1415 976 1531 1044 lectio-

199 1101 279 1147 nem
304 1081 392 1147 tneri
419 1085 572 1170 possunt.
599 1079 794 1147 Secundum
821 1079 882 1145 hos
901 1078 1046 1146 verbum
1072 1103 1143 1146 riou
1165 1081 1383 1169 concupisces
1406 1084 1530 1172 repetit

199 1186 234 1252 b.
262 1186 286 1252 l.
312 1190 442 1265 auctor,
469 1210 537 1276 quo
559 1187 654 1254 varia
678 1185 839 1275 explicet,
862 1208 950 1274 quae
972 1208 1039 1252 una
1058 1207 1139 1253 voce
1167 1185 1307 1252 (lectrum
1328 1187 1430 1256 modo
1451 1195 1524 1255 erat

202 1292 400 1382 complexus
415 1294 426 1381 (
435 1294 539 1382 Vel).

235 1459 306 1506 Sam.
324 1458 351 1506 b.
364 1458 383 1506 l.
400 1457 506 1507 inducit
521 1457 610 1507 Deum
625 1457 781 1516 iubentem,
798 1457 829 1506 ut
842 1457 987 1508 Israeliten
1003 1461 1107 1506 terram
1123 1457 1290 1520 promissam
1309 1460 1430 1522 ingressi
1445 1473 1530 1524 prope

201 1547 322 1596 Gerizim
337 1547 407 1596 dues
426 1547 570 1597 columnas
588 1548 698 1609 erigant
716 1547 814 1611 eisque
829 1545 963 1596 mandata
982 1545 1150 1606 inscribant,
1167 1546 1270 1597 ibidem
1289 1549 1356 1598 item
1375 1550 1463 1600 altare
1483 1563 1531 1598 ex-

201 1637 309 1684 struant
327 1649 333 1685 :
353 1635 469 1685 evidens
487 1642 529 1686 est
547 1633 716 1686 desiderium
735 1635 890 1685 sanctitatis
910 1635 1014 1685 montis
1030 1634 1150 1685 Gerizim
1166 1635 1201 1684 ab
1227 1637 1287 1699 ipsa
1307 1637 1484 1700 legislatione
1504 1641 1530 1686 in

202 1723 280 1774 Sinai
295 1723 369 1774 taeta
389 1724 568 1787 repetendae.
585 1723 662 1774 idem
685 1725 750 1787 post
763 1736 789 1773 v.
819 1722 849 1772 is
871 1724 970 1774 inserit
986 1735 1030 1784 ea,
1047 1737 1120 1787 qnae
1135 1724 1219 1775 Dent.
1237 1725 1299 1785 sat
1317 1739 1360 1789 sq.
1382 1725 1529 1776 habentur.

200 1816 229 1862 et
242 1825 270 1861 v.
286 1811 316 1862 18
331 1812 483 1863 introducit
499 1814 701 1864 correctionem
718 1813 786 1864 satis
802 1811 983 1876 superfluam,
1000 1817 1031 1862 ut
1054 1813 1175 1876 populus
1190 1811 1317 1863 audierit
1334 1819 1486 1874 rocasels.
1509 1819 1534 1864 rt

205 1902 304 1951 cicera
319 1900 474 1965 lampades.

480 2073 513 2134 3.
543 2065 779 2156 Tlreoplraaiae
803 2065 974 2132 conclusio
999 2071 1055 2134 Ex.
1082 2073 1256 2149 acuent.

244 2265 325 2351 itaq.
344 2300 389 2312 —
405 2262 553 2352 Populus
572 2262 805 2352 theophaniae
831 2263 974 2328 horrore
998 2267 1189 2352 correptus,
1214 2268 1317 2353 atque
1339 2264 1526 2350 denegatae

201 2368 415 2436 obedientiae
440 2390 586 2458 poenam
604 2368 671 2435 sibi
697 2368 884 2458 aliquando
904 2368 1028 2435 timens
1052 2368 1309 2450 exterminium,
1328 2375 1427 2457 rogat
1442 2375 1479 2438 ut
1496 2374 1530 2437 in

200 2481 375 2565 posterum
399 2479 486 2542 Deus
509 2496 580 2540 non
605 2474 670 2565 ipsi
689 2473 902 2557 immediate,
924 2474 985 2542 sed
1005 2474 1205 2564 interposito
1226 2481 1335 2563 lloyse
1356 2477 1528 2568 loquatur.

201 2588 411 2672 Responsum
431 2604 464 2648 v.
486 2587 528 2647 20
547 2602 619 2647 non
638 2580 682 2646 ad
707 2580 915 2661 sacerdotes,
937 2581 997 2648 sed
1019 2581 1063 2648 ad
1082 2581 1249 2671 populum
1270 2580 1442 2670 dirigitur,
1465 2607 1531 2652 non

201 2711 222 2754 a
236 2689 351 2769 lahvc,
368 2687 429 2755 sed
447 2710 468 2754 a
486 2692 593 2776 lloyse
605 2687 842 2777 proficiscitur,
862 2687 939 2754 licet
955 2687 983 2754 is
999 2688 1116 2777 utique
1133 2688 1236 2756 lehre
1253 2693 1400 2756 mentem
1413 2690 1535 2779 loqua-

201 2802 258 2861 tur
275 2817 282 2861 :
299 2795 432 2862 animos
446 2795 636 2883 componit,
658 2793 764 2883 petita
789 2792 955 2860 concedit.
976 2793 1059 2860 Hinc
1086 2795 1301 2884 approbante
1326 2797 1395 2862 iam
1419 2801 1528 2884 Moyse

203 2900 751 2991 populusv.21intraterminos
772 2901 978 2982 continetur,
1003 2899 1095 2965 solus
1123 2905 1246 2988 Moyses
1269 2902 1312 2968 ad
1331 2903 1455 2970 labren
1478 2929 1529 2971 ac-

203 3008 305 3076 cedit.

249 3138 280 3182 v.
299 3121 339 3182 18
358 3141 374 3176 n
398 3117 549 3183 Grauius
572 3126 688 3181 aretem
705 3113 857 3203 paruulus
881 3113 1017 3180 videbat
1041 3137 1135 3180 ooccs
1161 3141 1191 3198 n,
1210 3115 1234 3181 i.
1257 3138 1287 3182 e.
1305 3115 1483 3206 tonitrua(
1508 3120 1528 3183 i.

207 3221 326 3288 Cltalcl.
353 3221 388 3288 h.
413 3222 437 3288 l.
466 3226 499 3288 et
520 3221 564 3287 ad
583 3226 675 3302 939.
699 3226 753 3286 33.
776 3220 847 3308 34),
876 3249 891 3280 «
915 3233 947 3286 et
967 3219 1145 3310 laucpades
1161 3233 1192 3287 el
1207 3223 1356 3288 sonitum
1371 3223 1532 3290 buccinae

202 3341 417 3418 montemque
430 3328 624 3416 sacrantem
641 3356 670 3393 n.
688 3331 753 3407 So,
769 3326 827 3393 nbi
843 3326 946 3392 lahve
962 3327 1058 3415 loqui
1071 3347 1166 3394 orsus
1186 3332 1235 3393 est
1251 3349 1283 3393 v.
1303 3334 1323 3394 2
1339 3351 1430 3418 sqq.,
1448 3353 1531 3397 oon-

201 3437 329 3502 ticuere
341 3435 491 3501 tonitrua
506 3439 539 3500 et
554 3434 721 3501 buccinae
740 3433 871 3518 fragor,
890 3455 959 3521 quo
976 3434 1101 3500 certius
1115 3433 1223 3500 verba
1237 3433 1528 3521 intelligerentur:

203 3546 322 3630 postea
336 3543 461 3608 iterum
476 3539 748 3608 exaudiebantur
763 3538 883 3628 (Cat).
902 3543 955 3605 An
967 3540 1053 3606 torte
1067 3539 1205 3627 singula
1220 3563 1356 3630 quoque
1370 3542 1531 3609 mandata

203 3647 370 3714 eiusmodi
382 3647 550 3738 portentis
562 3645 883 3732 distinguebantur?
898 3644 991 3712 idem
1006 3647 1135 3713 lactum
1154 3651 1250 3715 Dent.
1269 3654 1350 3729 532
1369 3657 1529 3716 narratur

202 3753 275 3823 ita:
300 3782 316 3814 (ι
331 3759 418 3822 llaec
438 3753 543 3822 verba
560 3753 694 3820 locutus
709 3758 758 3819 cst
778 3752 941 3820 Dominus
957 3751 1001 3818 ad
1022 3775 1160 3820 omnem
1180 3753 1438 3820 multitudinem
1454 3778 1528 3820 ves-

201 3866 288 3928 tram
310 3862 348 3929 in
375 3867 490 3928 monte
519 3858 695 3927 demedio
721 3860 811 3944 ignis
837 3865 870 3924 et
893 3858 995 3926 nubis
1020 3865 1053 3926 et
1072 3860 1248 3945 caliginiS,
1278 3882 1360 3926 voce
1388 3882 1531 3947 magna.

204 3967 291 4034 nihil
318 3967 446 4034 addens
468 3966 658 4057 emplius...
683 3971 746 4031 Vos
763 3970 894 4046 autem,
910 3970 1092 4054 postquem
1108 3965 1248 4032 audistis
1264 3988 1381 4032 vocem
1402 3966 1444 4032 de
1462 3989 1534 4032 nte-

203 4074 260 4140 dio
276 4074 498 4141 tenebrarum
523 4078 556 4138 et
581 4077 734 4139 montem
749 4071 870 4137 ardere
892 4070 1039 4152 vidistis,
1055 4071 1239 4138 accessistis
1259 4071 1391 4156 adme,
1414 4095 1532 4139 omnes

204 4180 379 4270 principes
402 4181 555 4247 tribuum
573 4184 607 4246 et
625 4178 775 4244 maiores
793 4183 877 4244 natu
895 4205 929 4260 u,
953 4216 996 4227 -
1008 4182 1164 4246 tacentur
1183 4178 1286 4245 etiam
1302 4179 1359 4245 hic
1374 4179 1532 4246 sacerdo-

205 4294 309 4354 tes-
331 4315 345 4346 «
363 4292 465 4375 atque
479 4286 608 4353 dixistis
625 4314 639 4344 »
658 4309 665 4353 :
684 4292 717 4350 et
730 4290 922 4374 sequnntur
939 4285 1053 4367 verba,
1072 4307 1160 4374 quae
1172 4285 1440 4375 correspondent
1454 4311 1533 4353 ver-

203 4393 459 4475 bisianense.
479 4423 494 4453 u
519 4395 561 4457 lli
573 4391 751 4482 perterriti
766 4420 780 4449 n
798 4391 911 4458 -sed
926 4391 1051 4480 reliqui
1067 4389 1165 4458 aliter
1181 4397 1383 4480 punctantes
1399 4393 1531 4460 elvidis

205 4499 396 4590 (populns);
419 4501 508 4564 LXX
531 4521 648 4565 vocem
676 4499 839 4584 ignorant
865 4536 909 4547 -
939 4527 953 4558 a
978 4520 1166 4587 capracora
1193 4498 1348 4566 coacturi
1369 4512 1533 4566 statement

200 4606 376 4694 procul»,
399 4605 491 4672 intra
510 4605 684 4672 terminos.
710 4606 758 4672 el.
781 4627 869 4693 qnae
884 4603 1082 4672 dicebamus
1096 4604 1141 4671 ad
1162 4612 1273 4686 1933.
1293 4607 1529 4692 lloyseS,du1n

204 4713 306 4780 labro
329 4713 532 4798 decalogum
553 4711 805 4802 promulgaret,
833 4733 900 4776 non
923 4711 1059 4777 videtur
1078 4711 1122 4776 ad
1145 4711 1272 4778 lahvon
1297 4712 1452 4794 rediisse,
1472 4715 1530 4798 qui

203 4820 299 4886 nullo
312 4819 381 4888 iam
394 4819 581 4907 interprete
594 4818 809 4908 loquebatur,
825 4817 885 4882 sed
898 4816 992 4905 apud
1011 4819 1176 4905 populum
1200 4817 1338 4899 stetisse,
1362 4817 1420 4907 qui
1439 4817 1530 4884 illico
