3534 5384
231 373 292 433 320
631 386 777 431 uovorum
798 386 958 431 siccorum
980 386 1165 431 rusrrrurro.

230 544 305 589 cero
321 544 398 587 eune
414 520 636 610 deprecari»,
653 518 756 587 Hebr.
772 519 931 610 placare,
950 550 965 581 α
980 540 1044 609 pro
1058 519 1182 587 scelere
1195 532 1304 585 cestro
1322 547 1352 585 ».
1371 540 1403 584 v.
1425 523 1464 585 rt
1481 524 1569 586 Deus

230 634 459 709 concesserat,
486 650 522 693 se
548 626 718 716 populum
741 648 811 693 non
834 648 904 693 esse
931 624 1143 710 deleturum;
1164 630 1200 692 at
1224 646 1447 714 nequaquam
1468 624 1569 715 plene

228 734 384 824 placatus
392 734 505 801 luerat
513 754 721 821 omnemque
729 731 985 799 condonaverat
992 754 1153 823 poenam.
1164 733 1356 799 Revertitur
1364 731 1435 797 iam
1443 736 1570 819 Moyses

231 841 274 907 ad
292 846 399 907 Deum
423 840 459 906 in
486 843 657 922 montem;
679 838 761 906 inde
785 845 866 920 33,t
887 838 931 905 ad
944 838 1114 929 populum
1130 838 1235 917 redit3
1256 836 1479 927 sequentibus
1496 838 1568 905 die-

230 946 294 1014 bus
312 953 452 1030 asu-11
467 966 546 1013 cum
561 950 629 1012 Deo
649 949 871 1013 conversatur
886 945 923 1011 in
935 943 1159 1013 tabernaculo
1178 943 1238 1010 illo
1254 943 1447 1034 antiquiore
1462 967 1480 1011 a
1495 967 1569 1013 eas·

230 1054 291 1119 tris
313 1060 408 1119 extra
431 1058 542 1119 castra
564 1050 747 1133 translat03
764 1050 896 1117 ibidem
918 1052 1089 1140 imprimis
1115 1056 1276 1132 seua-23
1301 1050 1438 1140 plenam
1460 1073 1480 1117 a
1503 1056 1568 1117 lieo

231 1158 371 1225 veniam
392 1158 574 1249 impetrat,
595 1156 805 1246 iubeturque
829 1163 910 1237 ‘sitsi
934 1159 1090 1247 sequenti
1114 1178 1214 1225 mane
1235 1156 1348 1224 redire
1367 1178 1438 1223 non
1457 1156 1502 1224 ad
1516 1164 1568 1223 ia-

229 1264 475 1346 bernaculum,
498 1263 558 1330 sed
577 1262 616 1329 in
631 1271 801 1345 montem,
819 1264 855 1328 in
873 1269 1059 1354 quo3t,28
1074 1263 1397 1353 quadragintorum
1413 1269 1481 1330 Deo
1496 1263 1568 1329 dies

229 1370 442 1460 totidemque
461 1377 579 1436 noctes
595 1374 803 1459 perseverat.
825 1373 946 1436 'lextus
967 1375 1062 1436 Deut.
1083 1376 1174 1452 ara.
1195 1376 1254 1449 253
1279 1376 1380 1452 taio
1394 1391 1467 1436 rem
1487 1369 1567 1437 bre-

230 1477 343 1543 viario
358 1482 670 1543 commemorantes
689 1480 799 1542 totum
823 1476 1110 1543 reconciliationis
1126 1499 1211 1567 opus
1228 1476 1322 1542 intra
1336 1474 1567 1566 quadraginta

231 1581 311 1648 illos
326 1582 398 1649 dies
413 1581 637 1649 concludunt.
655 1581 769 1648 Potuit
784 1586 899 1649 tamen
919 1581 1126 1664 etiamtiam,
1149 1588 1187 1649 ut
1201 1587 1256 1648 Ex.
1277 1588 1476 1665 32‚30-3t‚t
1492 1590 1567 1649 acta

231 1690 336 1756 etiam
349 1689 443 1755 intra
460 1688 598 1755 eosdem
622 1687 701 1754 illos
719 1688 953 1777 quadraginta
969 1688 1042 1756 dies
1056 1690 1254 1769 evenerint,
1273 1711 1340 1755 non
1358 1688 1450 1754 enim
1466 1688 1567 1755 nimis

232 1801 324 1863 arcte
342 1795 544 1883 accipienda
556 1800 606 1861 est
629 1817 694 1860 vox
723 1793 773 1860 ibi
792 1800 906 1876 stae.
929 1818 962 1861 v.
980 1802 1021 1862 31
1046 1822 1061 1856 u
1079 1798 1307 1884 Reversusque
1323 1794 1370 1861 ad
1384 1794 1567 1861 Dominum

231 1901 283 1966 uit
297 1924 310 1968 :
333 1902 493 1987 Obsecro,
511 1900 670 1990 peccauit
679 1899 830 1990 populus
846 1901 908 1967 iste
915 1913 1097 1991 peecatum
1112 1900 1321 1982 musinium,
1342 1902 1567 1989 feceruntque

231 2007 299 2074 sibi
317 2006 396 2073 deos
415 2029 547 2073 cereces,
568 2010 638 2072 Aut
653 2004 786 2073 dimitte
801 2007 850 2073 eis
868 2007 957 2073 hane
976 2030 1104 2074 noram
1120 2034 1150 2087 »,
1170 2046 1214 2055 -
1233 2009 1334 2075 Hebe.
1358 2028 1370 2073 :
1389 2009 1434 2073 Et
1457 2029 1563 2091 nune,

231 2114 265 2180 si
281 2112 428 2181 dimittis
452 2123 635 2202 peccatum
654 2133 791 2198 eorum,·
810 2116 905 2181 Sam.
929 2130 996 2187 su,
1018 2113 1173 2195 dimitte;
1195 2113 1238 2181 cl.
1265 2115 1367 2181 LXX.
1393 2112 1429 2179 Si
1452 2112 1567 2180 dimit·

230 2220 285 2300 tis,
300 2242 354 2287 res
365 2221 453 2286 bene
465 2218 580 2300 habet,
599 2218 755 2308 nihilque
765 2226 815 2286 est
826 2218 920 2309 quod
936 2220 1063 2287 addam
1073 2242 1158 2287 -v.
1178 2226 1221 2287 32
1236 2248 1252 2282 u
1267 2231 1329 2286 eut
1339 2219 1370 2285 si
1380 2242 1449 2285 nori
1461 2220 1564 2308 facie,

232 2325 378 2393 deleme
396 2323 438 2391 de
459 2323 545 2390 libro
570 2338 644 2410 tac,
664 2347 766 2413 quem
780 2325 947 2415 strepsirti
973 2352 1002 2391 a.
1026 2349 1057 2393 v.
1078 2331 1119 2392 33
1137 2354 1153 2386 u
1177 2324 1244 2394 Cui
1259 2324 1433 2417 respondit
1446 2324 1565 2393 Domi-

231 2454 296 2498 nus
308 2452 321 2495 .·
344 2430 410 2511 Qui
424 2430 619 2520 peccaverit
638 2430 742 2517 milti,
762 2430 877 2497 delebo
897 2454 976 2498 eum
994 2430 1036 2497 de
1051 2430 1139 2499 libro
1158 2454 1231 2498 meo
1253 2460 1283 2499 ».

270 2621 371 2684 Agitur
385 2619 420 2669 de
440 2619 513 2669 libro
533 2620 644 2684 aliquo,
661 2632 745 2684 equo
764 2622 879 2671 nomina
902 2621 1089 2685 quorumdam
1109 2621 1238 2673 delentur
1252 2634 1258 2670 :
1273 2634 1341 2685 ergo
1362 2636 1420 2672 non
1439 2625 1481 2672 ost
1496 2621 1566 2672 liber

231 2709 509 2774 praedestinatorum¹
524 2704 616 2775 (rost,
636 2706 722 2774 ναι),
738 2722 754 2760 e
769 2723 825 2774 quo
839 2710 918 2761 nulla
937 2710 1065 2761 delentur
1083 2712 1207 2765 nomina.
1225 2710 1376 2775 Monetque
1390 2710 1496 2775 licata,
1512 2712 1566 2760 im-

231 2799 308 2863 piam
328 2796 452 2848 futuram
470 2796 558 2847 tuisse
577 2800 793 2862 precationem:
810 2799 908 2850 Exime
930 2812 974 2850 me
996 2812 1013 2849 a
1034 2799 1307 2863 praedestinatorum
1325 2812 1453 2849 numero.
1469 2799 1567 2863 Neque

232 2889 309 2937 iuvat
330 2899 394 2937 cnm
413 2888 481 2949 itaq.
496 2884 652 2947 affirmare,
671 2899 829 2938 «securum
851 2904 863 2936 r
884 2888 939 2939 hoc
958 2888 1072 2951 Moysen
1094 2888 1213 2949 dixisse,
1229 2888 1305 2953 quod
1322 2889 1407 2939 sciret
1425 2888 1514 2937 Deum
1535 2900 1567 2938 se

232 2989 290 3026 non
304 2988 368 3026 esse
382 2975 540 3025 deleturum
555 2988 564 3023 t
580 2976 664 3025 etiam
674 2976 715 3026 sic
729 2979 845 3040 accepta
862 2977 987 3040 precatio
1006 2976 1093 3041 impia
1114 2981 1174 3026 erat
1189 2978 1273 3041 atque
1291 2978 1459 3028 irreverens.
1474 2974 1567 3035 Quare

231 3076 367 3115 censuere
386 3064 435 3113 alii
453 3064 501 3125 agi
522 3064 558 3113 de
580 3063 652 3114 libro
671 3066 747 3115 vitae
761 3078 768 3113 ε
784 3066 861 3114 Hier.
874 3064 963 3129 Epist.
987 3064 1033 3115 itt
1056 3064 1091 3114 ad
1112 3065 1208 3128 sigas.
1225 3078 1287 3129 cap.
1304 3066 1320 3116 9
1343 3064 1388 3129 (it.
1405 3064 1449 3115 22.
1471 3062 1563 3129 iciam

233 3156 308 3216 Grep.
326 3154 362 3202 ii.
376 3152 473 3203 Morai.
495 3151 530 3201 X.
551 3151 576 3201 6.
599 3148 672 3220 tlt.
691 3154 734 3203 75.
757 3151 975 3219 satyromata
999 3154 1053 3204 hoo
1074 3153 1179 3218 populo
1202 3154 1269 3205 nolo
1292 3154 1413 3218 amplius
1434 3154 1530 3204 rivere
1553 3170 1564 3199 ι

231 3240 312 3305 (Est.‚·
328 3241 356 3291 et
370 3238 406 3289 cl.
418 3240 502 3291 Num.
518 3240 619 3306 tt,15).
633 3240 694 3292 Hoc
707 3244 803 3292 tamen
815 3244 915 3292 mortis
929 3242 1099 3293 desiderium
1112 3244 1182 3293 alias
1196 3254 1252 3292 non
1267 3244 1430 3293 enuntiatur
1443 3243 1566 3305 imagine

231 3329 304 3379 libri.
319 3329 419 3392 Neque
440 3342 538 3380 verum
553 3332 609 3390 est,
623 3342 722 3381 omnes
740 3333 903 3395 peccatores
926 3335 1104 3395 praemature
1123 3332 1260 3391 interimi;
1277 3344 1368 3395 neque
1387 3330 1500 3394 probari
1518 3342 1567 3393 po·

230 3420 299 3478 test,
313 3430 426 3477 omnes,
449 3418 496 3481 qni
520 3422 587 3468 tunc
608 3420 786 3482 peccaverint
809 3420 887 3470 cultu
910 3420 991 3470 vituli
1012 3422 1104 3480 aurei,
1121 3421 1298 3482 praemature
1319 3434 1334 3470 e
1358 3420 1415 3469 vita
1436 3420 1563 3469 cessisse.

232 3506 331 3557 Melius
346 3507 414 3555 Mea.
432 3520 440 3554 :
456 3505 526 3557 Dela
540 3518 585 3557 me
600 3523 611 3554 r
629 3506 665 3557 de
683 3520 801 3559 numero
816 3520 929 3567 eorum,
946 3520 1017 3571 quos
1036 3521 1129 3569 arnas,
1146 3506 1247 3571 quibus
1265 3508 1344 3559 iares
1356 3524 1367 3557 r
1376 3522 1383 3570 ;
1404 3509 1483 3560 tir:
1502 3522 1514 3554 r
1530 3506 1566 3556 de

231 3596 296 3647 albo
318 3596 473 3645 amicorum
495 3600 606 3645 tuorum
623 3612 647 3645 r.
665 3611 677 3644 ι
698 3596 819 3647 Exhibet
842 3597 934 3648 Deum
955 3604 1098 3661 tamquam
1122 3598 1288 3662 principem,
1310 3599 1357 3661 qui
1381 3608 1478 3649 servos
1499 3606 1566 3646 suos

231 3696 344 3745 ornnes,
362 3684 481 3745 milites,
497 3685 603 3734 amicos
623 3685 709 3735 habet
728 3687 757 3734 in
777 3698 864 3736 censu
886 3686 1068 3749 descriptos»
1094 3681 1214 3754 (Cala).
1231 3684 1379 3749 Monetque
1398 3687 1472 3735 Hirr.
1489 3686 1507 3734 i.
1526 3696 1564 3741 c.‚

234 3788 245 3820 r
269 3770 390 3823 eundem
412 3783 475 3823 esse
496 3771 601 3835 Moysis
623 3776 651 3823 et
675 3774 757 3824 Pauli
781 3787 848 3838 erga
870 3775 1006 3826 creditum
1030 3775 1084 3824 sibi
1108 3786 1223 3838 gregem
1247 3774 1377 3825 affectum
1404 3788 1432 3833 i,
1456 3773 1566 3823 dicente

234 3858 262 3911 S.
280 3860 368 3910 Paulo
383 3860 464 3911 Rom.
482 3862 526 3921 9,3
543 3874 550 3910 ι
570 3877 582 3910 r
600 3861 739 3926 Optabam
754 3864 829 3914 enim
844 3876 899 3927 ego
914 3864 988 3927 ipse,
1005 3864 1157 3913 anathema
1171 3875 1233 3913 esse
1247 3877 1264 3912 a
1279 3861 1392 3913 Christo
1408 3875 1459 3927 pro
1474 3860 1567 3911 tratri·

231 3948 284 4000 bus
298 3950 369 3999 meis
385 3964 408 3997 r.
423 3976 459 3985 -
473 3950 604 4002 Ceterum
624 3953 791 4016 metaphora
810 3966 827 4002 a
845 3950 917 4001 libro
936 3953 1023 4015 petita
1043 3948 1088 4013 (ot.
1106 3950 1195 4014 itui)
1215 3952 1244 4000 in
1266 3950 1405 4015 colloquio
1425 3962 1487 4001 cum
1506 3950 1566 3999 Deo

231 4038 290 4088 iere
305 4040 445 4101 suggerit,
461 4038 605 4090 Hebraeos
620 4053 678 4090 non
691 4040 785 4090 solum
804 4040 893 4091 tuisse
911 4044 972 4091 tum
990 4052 1094 4103 gnaros
1112 4039 1185 4103 apud
1204 4040 1274 4089 alias
1294 4040 1408 4102 gentes,
1420 4052 1447 4088 v.
1464 4052 1492 4101 g.
1510 4040 1566 4088 Ae·

232 4127 358 4190 gyptios,
374 4129 492 4190 reperiri
512 4129 614 4190 libros,
631 4129 681 4179 sed
696 4130 773 4193 ipsos
792 4130 878 4179 etiam
899 4129 1008 4191 aliquos
1028 4130 1083 4177 iam
1102 4128 1188 4179 libros
1210 4129 1328 4192 scriptos
1343 4128 1488 4186 habuisse,
1503 4140 1566 4176 cum

232 4214 343 4277 Moyses
356 4217 404 4265 vix
418 4216 575 4269 credendus
590 4218 627 4267 sit
642 4219 835 4281 metaphoram
848 4218 988 4281 petiturus
1007 4215 1094 4267 luisse
1114 4229 1130 4266 a
1150 4228 1180 4266 re
1199 4216 1283 4279 plane
1302 4221 1445 4267 extranea.
1463 4215 1567 4278 Estque

231 4302 301 4353 iilud
314 4308 392 4354 tanto
406 4305 525 4356 similius
544 4307 618 4367 reri,
636 4319 699 4356 cum
715 4307 851 4367 sciamus,
866 4306 962 4369 plures
978 4318 1011 4356 eo
1029 4318 1099 4355 aevo
1112 4306 1142 4354 in
1164 4304 1324 4355 Palaestina
1343 4306 1370 4355 et
1391 4304 1472 4367 Syria
1489 4304 1567 4354 urbis

232 4391 390 4455 praetactos
405 4391 537 4458 irequens
553 4408 615 4445 cum
631 4395 826 4446 pharaonibus
839 4394 971 4445 hahuisse
986 4394 1130 4444 literarum
1145 4395 1350 4448 commercium.

277 4572 309 4616 v.
328 4555 370 4617 3t
391 4578 406 4611 u
426 4552 453 4616 T
453 4573 474 4616 rt
485 4564 601 4617 cutem
615 4550 714 4634 cade,
728 4564 760 4617 et
774 4549 842 4616 duc
849 4550 1021 4641 propicium
1037 4550 1158 4631 istum,
1174 4573 1241 4639 quc
1253 4550 1383 4616 locutus·
1396 4572 1471 4616 sum
1484 4548 1566 4633 tibi,-

233 4654 375 4746 ortqeltts
390 4679 484 4723 riscus
498 4657 687 4746 praecedet
711 4670 743 4724 te
761 4684 790 4723 r.
817 4658 987 4724 Promittit
998 4657 1183 4724 adventum
1199 4655 1236 4723 in
1250 4663 1377 4724 terram
1391 4663 1561 4737 sanctam,

233 4762 320 4831 duce
334 4765 459 4851 angelo
474 4764 528 4855 (cl.
551 4765 661 4855 33,a);
679 4786 827 4854 poenam
843 4786 923 4831 vero
939 4786 1010 4831 non
1021 4784 1159 4830 omnem
1173 4762 1363 4831 condonat:
1380 4790 1396 4825 ι(
1414 4765 1489 4852 Epo
1504 4786 1565 4829 ctr-
