3534 5384
264 407 323 466 530
818 421 905 466 traua
926 421 1039 466 nauus.

266 557 402 623 divinae
410 554 600 644 punitionis
616 554 851 621 admirantes»
867 554 1029 646 (biensa).
1049 577 1079 620 v.
1096 559 1137 620 33
1151 581 1167 614 «
1191 556 1253 622 Vos
1267 565 1382 620 aretem
1397 553 1601 644 disperqarn

266 662 304 729 in
316 675 451 752 qenter,
467 673 499 728 et
512 660 699 750 evaginabo
708 674 789 751 post
802 684 859 728 uos
871 659 1030 751 qladiurn
1046 690 1076 744 »‚
1094 683 1165 727 non
1182 683 1190 729 :
1212 661 1457 751 entittampost
1472 683 1529 728 uos
1541 683 1601 728 oc·

265 769 387 836 risores
401 767 521 858 qlodio
534 766 702 857 (dbold),
721 768 895 834 nonenim
908 773 1055 857 opusest
1070 766 1187 854 gladio
1202 767 1240 834 in
1256 789 1326 850 eos,
1346 768 1406 857 qui
1420 772 1501 835 ante
1513 768 1601 836 sub-

266 877 331 943 acti
347 874 386 942 in
400 875 557 942 exsilium
576 873 814 956 abducuntur;
828 873 910 942 sed:
928 879 1109 964 postquam
1132 873 1322 962 dispersero
1338 873 1445 940 cosin
1461 879 1597 960 gantae,

265 1010 280 1043 κ
308 981 463 1050 districto
491 980 607 1067 gladio
632 986 710 1070 post
736 1002 794 1047 eos
822 979 982 1048 minabor
1013 1008 1029 1041 »
1058 979 1145 1070 (Dill
1188 979 1230 1068 .)‚
1251 1002 1295 1046 ne
1319 978 1445 1068 pedem
1467 980 1601 1048 referre

264 1088 425 1155 audeant.
442 1087 537 1154 Unde
555 1092 808 1175 consequetur:
828 1114 844 1147 «
862 1088 993 1177 eritque
1006 1097 1096 1153 terra
1113 1097 1224 1154 vestra
1238 1085 1381 1168 deserta,
1397 1099 1430 1153 ct
1442 1086 1600 1154 civitates

263 1205 393 1261 uestrae
403 1193 541 1260 dirutae
553 1221 584 1260 a.
597 1217 629 1260 v,
644 1198 686 1259 33
698 1215 761 1282 per
771 1215 1042 1282 prosopopoeam
1053 1198 1146 1260 terra
1156 1191 1355 1259 dicitursibi
1365 1193 1596 1284 complacere,

264 1321 341 1368 cum
356 1301 496 1390 proprie
511 1297 779 1388 complacentiae
795 1299 838 1365 sit
853 1301 1000 1389 incapax
1020 1299 1097 1388 (Syl
1119 1297 1157 1388 .)‚
1175 1304 1294 1389 estque
1316 1298 1440 1366 acerba
1455 1299 1571 1368 ironia
1587 1324 1595 1367 :

263 1414 367 1489 terra,
386 1428 474 1496 quae
491 1412 594 1474 antea
606 1405 772 1492 neglectis
787 1406 888 1472 annis
902 1404 1087 1474 sabbaticis
1101 1406 1174 1474 sine
1189 1403 1442 1473 intermissione
1459 1406 1600 1495 subige-

265 1513 380 1596 batur,
402 1511 560 1580 abductis
576 1511 616 1579 in
635 1511 793 1578 exsilium
811 1511 933 1578 incolis
950 1511 1077 1578 fruitur
1094 1511 1245 1580 sabbatis
1263 1511 1356 1581 suis:
1376 1539 1392 1574 «
1412 1513 1505 1580 Trina
1517 1513 1599 1604 pla-

266 1618 391 1687 cebunt
412 1632 522 1687 terrac
544 1620 685 1686 sabbata
704 1641 768 1686 sua
789 1618 922 1684 cunetis
948 1617 1065 1685 diebus
1088 1616 1287 1685 solitudinis
1311 1639 1396 1686 suae
1419 1640 1432 1685 .·
1457 1619 1598 1710 quando

261 1725 435 1814 fueritis»
450 1748 482 1792 v.
505 1731 547 1793 35
562 1752 579 1788 u
596 1725 635 1792 in
650 1738 743 1792 terra
756 1723 886 1810 bostili,
903 1723 1129 1794 sabbatizabit
1143 1736 1177 1792 ct
1193 1725 1380 1815 requiescet
1394 1725 1431 1792 in
1447 1727 1597 1794 sabbatis·

266 1831 465 1899 solitudinis
482 1853 580 1916 suae,
604 1854 642 1898 eo
662 1829 755 1922 quod
771 1854 842 1897 non
859 1830 1065 1920 requieverit
1084 1831 1122 1899 in
1140 1831 1290 1900 sabbatis
1308 1832 1441 1914 uestris,
1457 1833 1595 1922 quando

268 1937 475 2006 habitabatis
494 1937 531 2004 in
550 1960 591 2005 ea
612 1966 643 2005 a.
665 1940 820 2004 Ceterum
835 1937 994 2021 adverte,
1015 1927 1205 2005 secundum
1219 1943 1261 2005 Is.
1283 1939 1597 2020 303101οῶ031]-

269 2046 352 2113 dere
374 2045 420 2112 ad
438 2043 724 2132 significationem
742 2042 970 2134 persolvendi,
993 2066 1077 2131 ergo
1098 2066 1106 2114 :
1129 2044 1367 2134 persolventur
1386 2050 1500 2113 terrae
1519 2046 1598 2114 sab-

264 2152 345 2220 bata
354 2174 427 2235 sua,
446 2151 526 2217 anni
540 2149 708 2218 sabbatici
719 2150 846 2239 quibus
857 2149 919 2217 illa
932 2157 1052 2217 contra
1062 2151 1113 2219 fas
1122 2151 1298 2242 compulsa
1308 2155 1358 2219 est
1369 2156 1503 2238 segetes
1513 2173 1596 2242 pro-

267 2258 402 2326 ducere.
424 2280 457 2325 v.
476 2264 551 2324 36«
569 2260 614 2324 Et
635 2257 697 2348 qui
711 2256 753 2323 de
769 2257 863 2324 uobis
877 2257 1115 2345 remanserint,
1136 2256 1223 2324 dabo
1240 2279 1403 2348 pavorem
1424 2285 1440 2322 n
1461 2299 1506 2309 -
1529 2273 1596 2346 qun

265 2367 344 2446 ἅπαξ
355 2371 537 2451 >tenueram
553 2365 646 2430 LXX
657 2362 884 2452 praeferenda
898 2362 997 2430 lectio
1013 2372 1122 2432 δειλίαν
1138 2386 1221 2454 prae
1233 2371 1364 2434 δουλίαν.
1382 2383 1439 2456 'pa
1455 2386 1598 2432 sensum

266 2470 372 2538 habet
394 2483 649 2553 teneraetenerae,
666 2468 750 2536 binc
770 2467 929 2535 timidum
947 2491 1015 2536 esse
1032 2509 1076 2519 -
1093 2498 1108 2530 «
1132 2469 1168 2535 in
1183 2467 1340 2540 cordibus
1360 2492 1478 2537 eorum
1493 2470 1531 2537 in
1546 2494 1598 2538 re·

264 2574 428 2666 qionibus
450 2575 614 2660 bostium,
636 2575 774 2642 terrebit
796 2598 852 2642 eos
872 2573 1008 2642 sonitus
1029 2573 1285 2663 subinductis,
1303 2587 1335 2644 et
1352 2577 1563 2668 itafuqient
1577 2607 1594 2638 »

264 2682 383 2749 folium
405 2681 560 2749 volans«
583 2682 686 2768 quasi
705 2681 867 2771 gladium
893 2703 905 2750 .·
932 2680 1056 2749 cadent
1076 2682 1172 2748 nullo
1188 2695 1417 2773 persequente
1442 2711 1472 2767 a,
1492 2706 1525 2752 v.
1554 2691 1595 2752 37

266 2816 283 2852 «
302 2803 336 2856 et
353 2798 512 2856 corruent
529 2788 664 2878 sinquli
679 2810 781 2880 super
794 2790 925 2879 fratres
944 2811 1024 2856 suos
1043 2814 1073 2872 a,
1098 2815 1115 2850 ι(
1135 2793 1174 2855 ut
1191 2811 1292 2880 saepe
1312 2789 1438 2857 accidit
1455 2791 1492 2858 in
1511 2790 1597 2878 fuga

264 2894 444 2985 praecipiti
465 2923 480 2955 r
501 2894 579 2984 (Cal
618 2897 655 2982 .)‚
680 2921 697 2956 «
715 2895 818 2986 quasi
837 2893 927 2962 bella
945 2893 1122 2984 supienter
1143 2923 1179 2978 »,
1195 2896 1331 2963 nemine
1354 2909 1576 2987 persequente
1582 2919 1595 2981 ‚·

265 3031 282 3066 ι(
301 3025 401 3069 eterno
424 3015 575 3070 uestrum
590 3000 739 3068 inimicis
762 2999 902 3067 audebit
920 3001 1073 3068 resistere
1100 3029 1130 3070 ».
1153 3025 1186 3068 v.
1214 3010 1256 3072 38
1281 3029 1297 3064 «
1323 3003 1483 3070 Peribitr's
1508 3005 1596 3070 enter

262 3121 396 3199 pentes,
415 3122 448 3175 et
470 3107 603 3176 bostilir
621 3114 679 3174 uos
699 3121 789 3174 terra
810 3119 984 3174 consumet
1005 3135 1035 3173 n.
1054 3111 1117 3175 Pro
1131 3108 1334 3178 secundaria
1353 3109 1452 3180 verbi
1468 3125 1531 3176 mu
1548 3109 1595 3177 si-

262 3216 484 3303 gnificatione
492 3214 610 3305 perire
623 3213 802 3282 retinenda
817 3219 866 3279 cst
880 3213 1046 3304 primaria
1055 3214 1177 3305 oaqari
1191 3215 1250 3304 (cl.
1270 3220 1309 3283 ls.
1325 3222 1443 3299 27,13;
1460 3221 1514 3285 Pa.
1530 3221 1594 3284 118

264 3321 363 3412 [110],
383 3328 463 3405 11ος
484 3325 580 3389 Dent.
603 3327 682 3404 26‚5
702 3323 797 3408 etc).
813 3324 885 3386 Nou
906 3320 944 3386 in
960 3341 1065 3387 unam
1081 3321 1252 3388 coloniam
1274 3322 1471 3390 coalescetis
1497 3345 1506 3392 :
1526 3321 1593 3390 dis-

263 3428 458 3518 pergemini
478 3435 512 3494 et
525 3425 806 3495 absorbebimini.
824 3450 856 3494 v.
882 3433 924 3494 39
942 3455 958 3488 «
980 3427 1109 3508 Quodsi
1119 3439 1153 3495 et
1175 3427 1217 3494 de
1233 3427 1275 3496 iis
1291 3429 1405 3519 aliqui
1422 3451 1592 3497 remanse-

263 3534 351 3618 rint,
373 3536 543 3601 tabescent
563 3534 601 3600 in
625 3533 867 3623 iniquitatibus
881 3533 953 3599 suis
980 3561 1009 3615 n,
1028 3535 1051 3600 i.
1071 3555 1101 3600 e.
1124 3541 1269 3624 propter
1291 3535 1381 3620 illas,
1408 3564 1424 3598 α
1446 3536 1483 3604 in
1505 3549 1593 3602 terra

263 3639 483 3707 inimicorum
505 3662 660 3727 suorum,
679 3652 712 3706 et
726 3652 868 3729 propter
876 3653 1022 3729 peccata
1037 3652 1179 3730 patrum
1201 3663 1344 3709 suorum
1364 3654 1396 3710 et
1410 3665 1475 3709 sua
1493 3641 1592 3732 affli-

262 3760 390 3836 qentur
406 3775 436 3828 o,
454 3769 486 3812 v.
505 3753 546 3814 30
564 3774 580 3807 «
597 3745 725 3835 [donec]
741 3747 967 3834 confiteantur
979 3745 1180 3837 iniquitates
1192 3771 1271 3815 suas
1286 3761 1320 3815 et
1331 3749 1502 3818 maiorum
1515 3771 1593 3816 suo-

263 3875 352 3935 rum,
378 3854 501 3944 quibus
525 3851 758 3942 praevaricati
781 3864 863 3919 sunt
888 3850 926 3918 in
944 3873 1016 3934 me,
1040 3865 1105 3919 et»
1126 3853 1209 3920 item
1234 3855 1474 3940 confiteantur,
1499 3855 1594 3946 quod

265 3985 283 4020 «
306 3959 567 4027 ambulaverunt
581 3981 624 4054 ea
637 3959 779 4026 aduerso
796 3957 883 4024 mibi
900 3986 930 4024 n.
955 3963 1055 4026 Recte
1077 3957 1173 4050 Vulq.
1191 3959 1335 4029 inseruit
1351 3961 1470 4050 donec,
1491 3985 1525 4030 v.
1551 3969 1593 4032 30

264 4065 418 4134 intimius
432 4067 582 4153 iungens
596 4064 882 4155 praecedentibus
900 4086 908 4134 :
927 4086 960 4132 v.
979 4070 1018 4132 31
1036 4065 1167 4156 quippe
1184 4088 1293 4135 novus
1306 4067 1443 4136 orditur
1458 4074 1595 4138 contex-

262 4178 318 4239 tus
330 4173 560 4262 recapitulans
575 4170 831 4261 praecedentia.
848 4171 1025 4238 Sententia
1039 4173 1212 4258 suggerit,
1228 4195 1300 4242 non
1312 4195 1412 4265 posse
1427 4182 1487 4243 aut
1501 4179 1593 4243 carte

264 4277 319 4343 vix
333 4300 429 4368 posse
443 4278 630 4347 humanam
647 4276 864 4345 insolentiam
879 4275 1058 4344 indefinite
1073 4277 1198 4346 divinis
1213 4279 1362 4368 flagellis
1377 4283 1546 4351 resistere.

307 4383 430 4452 Ultima
449 4408 482 4453 v.
501 4393 542 4454 30
557 4385 680 4466 verba,
696 4383 774 4451 illos
789 4383 983 4456 ambulasse
1003 4388 1122 4452 contra
1143 4389 1260 4470 Iteum,
1283 4409 1400 4456 ansam
1422 4387 1594 4480 praebent

265 4491 361 4558 brevi
374 4492 526 4559 formula
544 4491 811 4582 repetendarum
830 4489 1025 4558 divinarum
1041 4513 1074 4557 v.
1098 4496 1201 4560 33-39
1221 4492 1413 4579 minarum,
1438 4495 1495 4563 cui
1512 4495 1593 4564 dein

263 4599 443 4688 promissio
468 4599 590 4666 veniae
611 4597 868 4687 poenitentibus
889 4596 1127 4665 concedendae
1156 4599 1344 4689 expressius
1369 4621 1473 4693 quam
1492 4624 1525 4670 v.
1551 4609 1593 4670 30

264 4703 506 4791 subiungatur.
532 4728 564 4772 v.
584 4709 622 4771 31
642 4732 658 4765 «
680 4703 870 4770 Ambulabo
890 4703 996 4794 iqitur
1010 4715 1043 4770 et
1060 4725 1120 4793 eqo
1141 4732 1158 4767 n
1177 4706 1334 4775 -idem
1353 4723 1463 4802 tanqu
1485 4707 1592 4777 habes

264 4831 298 4878 r.
315 4816 358 4878 28
372 4849 417 4861 -
432 4840 448 4874 «
478 4825 598 4880 contra
617 4835 685 4892 eos,
709 4823 741 4876 et
754 4808 917 4876 inducant
933 4809 1011 4876 illos
1029 4809 1066 4876 in
1090 4823 1217 4878 terram
1237 4810 1395 4880 bostilern
1415 4841 1446 4899 n,
1465 4853 1511 4864 -
1528 4814 1591 4881 ad-
