3534 5384
196 383 255 447 270
588 399 730 443 uovosttt
752 400 909 444 sacrabunt
930 395 1116 445 lusrltullo.

195 539 286 590 tronto
302 538 474 588 tabernaculi
488 537 628 600 replicari,
645 538 733 587 instar
748 553 759 584 ι
777 536 882 600 fastigii
898 540 925 587 et
939 539 1063 600 porticus
1077 553 1101 598 r,
1113 539 1143 586 ut
1155 550 1211 587 non
1226 539 1319 601 inepte
1334 538 1459 600 suggerit
1471 538 1523 588 lor.

194 629 281 678 Vides
304 629 398 691 igitur,
416 626 530 677 ansulas
553 628 582 674 ct
600 626 762 686 uncinulos,
778 626 879 689 qulbus
900 638 1032 689 sagorum
1056 631 1149 689 tapeta
1170 626 1368 690 iungebantur,
1385 639 1441 676 non
1463 639 1525 676 esse

193 723 323 767 accurate
337 717 513 779 superposita
525 715 632 765 ansulis
646 718 674 766 et
688 714 837 773 uncinulis,
853 727 925 777 quae
939 718 1035 777 tapeta
1052 714 1166 777 byssina
1181 714 1375 774 continebant,
1390 714 1440 765 sed
1454 715 1524 766 duo·

193 819 256 855 rum
270 805 426 856 cubitorum
440 805 587 854 intervallo
601 804 637 854 ab
650 805 686 853 iis
697 804 831 854 distitisse
848 814 854 851 z
869 804 948 853 nulla
965 803 1022 854 illis
1042 803 1198 854 intervallis
1216 804 1245 852 ln
1261 804 1451 854 sanctuarium
1470 806 1524 853 irn-

195 894 357 945 mittebatur
372 894 429 943 lux.

584 1051 609 1101 l.
632 1049 789 1096 Tabernaeuli
806 1049 973 1109 operimentum
990 1049 1036 1094 Ex.
1055 1051 1131 1108 2⁰2¹&

237 1233 271 1280 v.
291 1214 331 1277 tt
348 1237 365 1270 «
383 1209 501 1275 Facies
516 1221 548 1274 et
563 1208 811 1298 operimentum
828 1208 953 1294 [aliud]
970 1220 1056 1274 tecto
1074 1235 1090 1270 n
1107 1246 1151 1258 -
1164 1209 1267 1274 Hebr.
1289 1207 1522 1290 tabernacula,

194 1317 278 1383 hinc
291 1339 363 1382 non
376 1315 486 1402 aliud,
499 1337 578 1382 cum
594 1315 660 1381 hoc
674 1315 717 1381 sit
732 1317 882 1404 primum
898 1315 1122 1396 tabernaculi,
1136 1319 1173 1381 ut
1188 1315 1232 1381 ab
1244 1314 1442 1381 habitaculo
1458 1315 1524 1382 dis·

193 1423 377 1510 tinguitur,
398 1423 651 1511 operimentum
672 1459 716 1470 -
734 1449 749 1482 α
772 1419 815 1487 de
827 1420 978 1511 pellibus
996 1422 1142 1487 arietum
1160 1419 1363 1498 rubricatis·
1379 1433 1411 1486 ct
1424 1443 1525 1510 super

192 1529 256 1596 lrac
268 1550 403 1595 rursum
423 1525 525 1594 aliud
536 1527 787 1617 operimentum
801 1526 842 1594 de
858 1526 1180 1616 iautlrinispellibus
1198 1555 1227 1594 u.
1246 1527 1293 1594 ef.
1311 1533 1403 1610 25,5.
1425 1532 1523 1594 Putat

196 1637 283 1722 eat,
298 1636 381 1702 haec
393 1636 461 1702 duo
477 1634 691 1723 operimenta
700 1635 811 1700 solum
825 1633 1040 1700 tabernaculi
1051 1639 1178 1700 tectum
1191 1633 1310 1701 texisse
1320 1638 1353 1700 et
1366 1633 1522 1722 apluviis

192 1742 402 1826 defendisse,
420 1764 491 1808 non
505 1742 628 1821 latera;
644 1746 689 1822 et,
705 1741 789 1806 dum
801 1745 929 1807 tectum
945 1740 1194 1831 essetplauum,
1207 1741 1292 1808 baec
1309 1741 1520 1830 operimenta

191 1871 324 1916 sursum
338 1849 374 1915 in
395 1847 563 1935 angulum
580 1847 807 1936 conspirasse,
825 1869 893 1936 quo
911 1847 1045 1914 lucilius
1062 1849 1197 1937 pluviae
1217 1847 1417 1914 defluerent.
1436 1851 1524 1913 llaec

191 1955 341 2042 gratuito
365 1954 600 2022 adstruuntur.
626 1953 712 2020 lllud
739 1976 820 2021 vero
846 1953 1030 2020 indubium
1055 1953 1202 2036 videtur,
1225 1953 1279 2020 his
1300 1953 1522 2045 operimentis

192 2062 333 2129 omnino
346 2065 501 2128 contecta
516 2082 588 2126 esse
604 2059 818 2126 tabernaculi
832 2062 1032 2149 posteriora,
1048 2082 1136 2148 quse
1152 2059 1291 2126 cortinis
1304 2059 1453 2148 byssinis
1464 2083 1523 2127 ne-

192 2189 384 2258 quaquam,
407 2166 497 2253 sagis
515 2187 597 2231 vero
615 2165 753 2232 nonnisi
773 2187 813 2234 ex
834 2172 932 2255 parte
950 2167 1166 2253 tegebantur.

605 2407 632 2455 Ἴ.
652 2405 789 2451 Itablmcult
801 2406 908 2466 parietes
928 2407 971 2453 Ea.
989 2407 1107 2466 ‘luit-w.

235 2569 320 2655 Arq.
338 2603 382 2612 -
401 2563 607 2630 Constabant
619 2564 768 2654 parietes
783 2564 910 2630 tabulis
925 2563 967 2630 de
990 2564 1095 2650 lignis
1109 2567 1225 2648 setim,
1244 2588 1332 2654 quae
1346 2566 1521 2634 habebant

192 2673 289 2739 bases
314 2677 347 2738 et
371 2669 533 2759 capitella
560 2675 724 2757 argentea
755 2676 788 2737 et
816 2671 1081 2738 continebantur
1109 2671 1262 2739 vectibus
1291 2694 1353 2762 per
1376 2675 1521 2740 annulos

192 2801 315 2846 aureos
333 2775 549 2844 transmissis.

233 2909 265 2951 v.
281 2891 321 2952 15
339 2911 355 2944 «
372 2883 492 2949 Facies
506 2896 539 2949 et
553 2884 689 2950 tabulas
707 2909 723 2944 n
737 2905 796 2950 seu
811 2884 927 2949 trabes
940 2912 955 2944 «
968 2895 1097 2950 stantes
1112 2911 1142 2965 u,
1153 2884 1176 2951 i.
1195 2906 1225 2950 e.
1241 2890 1371 2952 erectas
1385 2885 1515 2974 (Tusa),

190 3012 338 3083 quarum
353 3011 423 3057 una
438 2989 481 3056 sit
492 2989 637 3056 altitudo
655 2993 687 3056 el
703 2988 897 3076 longitudo,
918 3017 933 3052 a
953 2989 1182 3071 tabernaculi,
1196 2989 1237 3056 de
1253 2989 1360 3078 liqnis
1371 2991 1469 3058 setim
1486 3020 1516 3060 ».

188 3098 252 3166 Sed
264 3120 327 3186 pro
342 3096 566 3178 tabernaculi,
589 3098 688 3161 Hebr.
711 3094 902 3162 habitaculi
918 3095 1069 3164 :adhoc
1087 3098 1216 3186 quippe
1237 3098 1327 3164 redit
1343 3099 1468 3179 oratio,
1486 3106 1517 3166 et

187 3203 363 3271 constabat
379 3203 613 3270 habitaculum
627 3201 817 3292 parietibus
831 3202 955 3289 ligneis
966 3225 1042 3270 cum
1055 3202 1277 3293 superpositis
1290 3203 1428 3272 cortinis
1438 3205 1517 3292 bys·

187 3310 280 3376 sinis.
297 3312 389 3376 LXX
402 3319 544 3393 στύλους,
562 3308 757 3390 columnas,
771 3311 820 3375 ita
833 3315 1001 3376 vertentes
1015 3325 1120 3376 nituit
1137 3317 1171 3377 et
1186 3312 1382 3396 ignorantes
1398 3333 1517 3379 vocem

189 3432 322 3509 ntotptt.
340 3438 373 3483 v.
395 3423 434 3482 16
451 3443 467 3476 «
487 3419 580 3496 Quae
592 3415 751 3504 empulae
765 3415 870 3482 denos
886 3416 1013 3481 cubitos
1029 3416 1066 3482 in
1077 3415 1296 3506 loupitutlinc
1311 3416 1466 3502 labeant,
1484 3431 1516 3486 et

188 3525 226 3590 in
235 3521 419 3589 latitudine
431 3521 587 3611 singulos
600 3543 640 3589 ac
649 3522 823 3590 semissem
837 3551 867 3589 u.
883 3545 915 3588 v.
936 3528 975 3588 17
994 3522 1265 3609 similutudine]
1282 3523 1418 3590 tabellae
1428 3525 1515 3593 duae

186 3632 435 3698 incastraturae
449 3628 550 3717 fient,
567 3627 690 3718 quibus
705 3628 847 3711 [tabula]
859 3628 962 3695 alteri
981 3628 1143 3717 [tabulae]
1160 3643 1399 3716 connectatur;
1413 3645 1515 3722 atque

185 3739 223 3803 in
232 3734 472 3804 litucmoclum
484 3746 625 3802 stinctae
636 3736 772 3802 tabulae
779 3738 999 3826 plorabuntur
1012 3763 1041 3803 u.
1056 3737 1209 3804 Gratuita
1221 3737 1330 3804 latera
1340 3738 1376 3804 in
1387 3743 1514 3805 textum

184 3843 374 3911 introduxit
396 3842 515 3926 Hier.,·
532 3841 615 3908 hinc
637 3841 775 3909 devenit
794 3842 831 3908 in
853 3842 1104 3910 incastraturas
1124 3865 1182 3910 scu
1205 3865 1404 3934 compageS,
1428 3867 1515 3934 quae

186 3951 370 4033 habentur,
387 3948 524 4039 quando
538 3948 575 4014 in
590 3949 690 4015 unius
705 3949 813 4015 trabis
824 3949 930 4015 latere
940 3950 1130 4016 secundum
1146 3955 1251 4016 totam
1263 3949 1514 4039 longitudinem

185 4055 395 4124 exscinditur
419 4077 500 4144 pars
524 4055 640 4143 aliqua
658 4055 872 4143 prominens,
897 4057 1040 4144 quaein
1060 4062 1195 4146 partem
1214 4078 1332 4122 cavam
1354 4057 1391 4124 in
1409 4059 1514 4125 latere

182 4163 323 4231 alterius
336 4161 445 4229 trabis
466 4160 682 4251 impingitur.
705 4165 831 4228 lamen
848 4185 881 4226 v.
908 4167 946 4229 19
968 4164 1069 4229 vertit
1093 4162 1259 4252 anqrrlos,
1280 4169 1414 4232 secutus
1433 4186 1514 4231 sane

182 4272 274 4336 LXX
283 4291 316 4336 v.
330 4275 370 4335 17
386 4272 599 4355 ἁγκωνίσκους.
616 4273 732 4356 Neque
748 4268 835 4334 illud
848 4268 998 4335 affirmat
1011 4274 1132 4350 textus,
1150 4291 1212 4358 per
1228 4268 1304 4337 illas
1320 4297 1336 4332 «
1351 4272 1514 4339 incastra-

181 4383 275 4443 turas
305 4403 321 4436 »
343 4374 496 4441 tabulam
514 4374 652 4442 tabulae
674 4395 745 4440 esse
770 4396 970 4442 connexam.
999 4375 1101 4442 llebr,
1123 4397 1136 4440 .·
1157 4381 1253 4443 Ilrrae
1272 4399 1396 4444 mantes
1414 4389 1514 4444 erunt

182 4480 319 4551 tabulae
329 4481 403 4562 arri,
412 4479 602 4570 parallelae
615 4480 771 4546 inuicem.
789 4482 931 4548 Nomine
946 4504 1068 4546 tttatllts·
1082 4482 1199 4549 venire
1210 4489 1329 4572 potest,
1344 4483 1514 4573 quidquid

181 4588 397 4681 protruditur
408 4593 441 4655 et
455 4588 553 4656 alteri
570 4586 819 4677 prehendenda
835 4587 989 4656 inservit.
1005 4593 1072 4654 llae
1085 4611 1206 4656 manus
1220 4595 1302 4657 teste
1314 4615 1347 4656 v.
1364 4597 1403 4658 19
1416 4597 1513 4658 erant

182 4725 198 4759 a
221 4697 259 4763 in
278 4694 490 4763 extremitate
510 4695 672 4762 inferiore
690 4693 892 4762 tabularum
914 4724 929 4754 »
950 4693 1077 4785 (Vae),
1099 4701 1133 4762 et
1152 4697 1187 4762 in
1205 4696 1302 4762 bases
1321 4696 1508 4765 intrabant.

183 4801 412 4870 Probabih‘ter
425 4801 532 4888 igitur
550 4801 653 4868 vertit
665 4803 797 4889 Spuma.
813 4818 968 4891 κατεχεϊς,
988 4803 1185 4886 manubria;
1205 4803 1324 4872 Clrald.
1340 4806 1417 4892 Syr.
1437 4827 1511 4872 car-
