3534 5384
750 409 800 452 ax.
824 393 895 467 221
918 409 982 461 soe.
1472 395 1529 458 att

197 559 307 624 tiones
323 580 394 624 non
415 557 480 624 nisi
497 570 599 623 noctu
618 557 708 624 effici
728 559 979 628 consueverint.
1002 582 1034 626 v,
1052 565 1070 625 3
1093 585 1109 620 «
1140 559 1268 640 Quodsi
1288 572 1360 626 orto
1380 561 1449 628 sole
1468 562 1529 628 hoc

198 664 334 752 fecerit,
357 662 584 730 homicidium
591 665 805 754 perpetravit
818 676 851 730 et
864 665 936 756 ipse
946 665 1112 732 morietur
1128 693 1158 732 ».
1178 665 1374 734 Subiectum
1389 673 1438 736 est
1454 691 1531 758 per·

194 792 320 837 cussor.
348 771 446 837 Nefas
465 792 535 846 esse
556 771 750 838 affirmatur
773 772 885 839 furem
913 771 1066 840 interdiu
1085 771 1252 852 occidere,
1272 774 1367 862 quod
1380 774 1532 842 interdiu

198 878 255 943 fur
266 877 402 944 facilius
415 900 435 943 a
448 877 571 944 sicario
584 878 807 964 dignoscatur
822 878 963 969 (Arm),
980 879 1114 946 facilius
1129 883 1335 966 agnoscatur
1354 887 1387 947 et
1406 882 1531 971 depre-

198 983 375 1051 hendatur
398 983 537 1073 (Mem),
552 983 689 1052 facilius
709 986 812 1051 etiam
834 985 931 1056 salve
952 986 1022 1052 vita
1042 985 1231 1075 repellatur
1252 985 1415 1076 (donst).
1438 989 1532 1056 Furis
1570 1001 1574 1021 ¹

199 1095 315 1158 autem
334 1089 480 1157 diurnus
501 1089 631 1157 occisor
646 1089 810 1179 plectitur
827 1091 1017 1158 seeundum
1036 1092 1148 1178 legem
1169 1097 1287 1175 21‚12;
1305 1093 1334 1160 si
1348 1093 1532 1162 lectionem

200 1196 353 1286 sequaris
363 1199 455 1263 LXX
467 1197 579 1286 Vulp„
590 1197 737 1287 quinum
754 1213 817 1262 mn
827 1197 953 1284 legunt
963 1198 1039 1265 loco
1052 1188 1133 1263 obul
1158 1187 1411 1267 mastdhaec
1424 1202 1532 1268 altere

202 1303 303 1370 lectio
319 1309 353 1369 et
364 1303 482 1370 critice
497 1311 530 1370 et
543 1303 727 1370 intrinsece
742 1309 792 1371 est
804 1303 1022 1394 probabilior
1036 1327 1044 1370 ε
1060 1302 1291 1390 metuebatur,
1309 1305 1436 1372 iudicio
1450 1329 1531 1374 sane

200 1409 369 1477 iudicum.¹
385 1416 527 1499 Propter
545 1410 656 1476 solum
678 1408 840 1477 deficiens
859 1409 1084 1478 moderamen
1101 1410 1296 1500 inculpatae
1319 1414 1445 1480 tutelae
1464 1436 1533 1480 uon

202 1521 276 1583 erat
294 1517 397 1582 morti
412 1515 546 1583 dandus
565 1537 751 1606 possessor,
770 1516 831 1606 qui
844 1538 907 1583 sua
923 1540 944 1582 a
965 1518 1041 1584 fure
1058 1516 1278 1585 defendisset.
1299 1546 1314 1579 «
1330 1518 1371 1586 Si
1386 1541 1455 1586 nort
1473 1519 1533 1586 lto-

201 1622 326 1704 buerit‚
344 1621 511 1712 quodpro
524 1624 621 1710 furto
633 1621 772 1702 reddet,
787 1623 858 1712 ipse
873 1621 1141 1689 vertumdobitztr
1159 1651 1190 1689 ».
1205 1625 1307 1690 Hebr.
1326 1626 1534 1693 :certissime

201 1727 339 1813 reddet‚·
352 1728 385 1794 si
395 1751 465 1795 rton
477 1727 594 1810 hebet,
608 1727 779 1795 vendatur
789 1742 931 1819 propter
939 1729 1078 1817 furtum
1088 1751 1207 1812 sturm,
1224 1731 1411 1799 serviturus
1427 1755 1532 1822 usque

200 1835 245 1901 ad
268 1834 452 1924 septimum
468 1856 596 1901 annum
622 1835 691 1922 (Pa.
714 1835 819 1924 loru).
846 1839 1025 1902 tlonentur
1045 1836 1152 1919 fures,
1171 1834 1267 1901 illam
1285 1859 1317 1903 v.
1341 1845 1357 1904 1
1379 1839 1533 1929 quinque

199 1940 306 2007 boum
321 1963 385 2030 pro
400 1964 468 2008 uno
484 1946 548 2008 ete.
566 1940 817 2008 restitutionem
830 1948 903 2008 tam
919 1941 1006 2008 serio
1016 1941 1147 2028 urgeri,
1165 1947 1202 2007 ut
1219 1943 1247 2009 si
1260 1964 1337 2010 eam
1349 1943 1406 2010 fur
1420 1966 1534 2034 praes-

200 2055 273 2114 tare
290 2054 450 2138 nequeat,
468 2046 643 2135 obligetur
657 2047 702 2114 ad
717 2068 751 2113 se
764 2047 878 2136 ipsum
893 2046 1163 2128 attendendum,
1184 2055 1217 2114 et
1232 2051 1382 2137 pretium
1402 2071 1532 2141 posses-

201 2154 269 2220 sori
288 2154 339 2220 rei
358 2153 494 2221 ablatae
509 2153 787 2242 persolvendum.
805 2159 854 2220 En
872 2153 935 2220 tibi
950 2152 1122 2243 duplicem
1138 2155 1309 2222 servitutis
1329 2157 1499 2243 originem
1522 2180 1529 2225 :

202 2283 306 2327 unam
326 2261 540 2350 captivorum
556 2258 651 2326 bello
667 2259 913 2342 abductorum,
931 2259 1075 2326 alteram
1085 2260 1201 2326 furum
1215 2260 1268 2326 vel
1283 2263 1387 2328 etiam
1402 2262 1533 2331 debito·
1645 2306 1648 2312 ,

201 2389 277 2434 rum
293 2366 561 2433 divenditorum.
580 2389 613 2433 v.
636 2373 655 2433 t
670 2365 793 2433 transit
816 2365 859 2432 ad
876 2387 1008 2447 cesum,
1025 2388 1093 2455 quo
1114 2387 1169 2432 res
1187 2367 1280 2435 furto
1295 2368 1431 2436 sublata
1445 2391 1532 2436 non-

202 2471 285 2541 dum
300 2473 344 2540 sit
363 2472 541 2540 divendita
558 2477 617 2538 a'ut
632 2479 834 2562 consumpta
855 2472 901 2560 (v,
922 2471 971 2559 1),
989 2470 1048 2538 sed
1070 2473 1205 2559 integra
1224 2494 1329 2562 penes
1342 2475 1456 2542 furem
1473 2476 1532 2544 de-

200 2579 437 2670 prehendatur
466 2600 474 2646 :
499 2585 573 2647 tum
588 2577 736 2668 duplum
754 2577 842 2660 eius,
869 2578 962 2666 quud
985 2577 1139 2644 ablatum
1153 2579 1267 2646 fuerat
1292 2579 1349 2669 (cl.
1368 2604 1401 2648 v.
1417 2589 1456 2667 st.
1477 2583 1529 2672 9),

201 2685 450 2753 restituendum
464 2691 525 2752 est.
551 2708 584 2752 v.
602 2692 621 2752 t
641 2713 656 2746 «
677 2685 718 2751 Si
732 2684 910 2752 t'rtoentum
929 2684 1040 2771 fecerit
1060 2684 1158 2772 raptat
1171 2708 1263 2769 euru,
1285 2686 1380 2776 qttocl
1391 2688 1532 2775 [cerutus

202 2804 268 2873 est,
287 2791 417 2876 uiueres,
443 2790 607 2873 streties,
632 2792 702 2857 siue
721 2791 854 2877 asinus,
882 2790 952 2856 siue
978 2791 1063 2873 eois,
1083 2789 1228 2881 drtplum
1255 2791 1409 2860 restituet
1435 2822 1465 2860 n.
1488 2799 1532 2861 Ex

202 2898 334 2968 adiecto
348 2897 446 2964 usiuo
465 2897 570 2965 infert
592 2898 686 2981 eat,
702 2897 804 2964 etiam
821 2920 855 2962 v.
879 2903 894 2962 1
916 2897 1039 2963 bovem
1058 2903 1091 2963 ct
1108 2919 1208 2963 ovem
1230 2903 1365 2965 tantum
1385 2903 1530 2990 exempli

203 3027 287 3093 ergo
303 3005 433 3086 efferri,
451 3009 484 3070 et
498 3004 633 3093 reliqua
647 3001 812 3070 animalia
832 3001 1019 3070 domestica
1033 3002 1182 3084 includi,
1197 3005 1246 3070 ita
1263 3009 1300 3070 ut
1315 3027 1378 3094 pro
1397 3006 1533 3073 maiori-

202 3111 267 3177 bus
277 3110 327 3178 ib.
347 3110 585 3202 quintuplum,
601 3133 664 3201 pro
679 3109 871 3176 minoribus
887 3109 1121 3198 quadruplum
1137 3111 1313 3176 restituere
1329 3113 1528 3200 oportuerit.

316 3353 338 3416 β.
352 3351 530 3400 Conclusiones
543 3352 606 3400 duae
619 3352 651 3402 do
662 3349 818 3414 reparatione
831 3363 877 3409 pro
894 3355 1010 3410 corrupta
1023 3353 1108 3410 segete
1124 3349 1237 3397 facienda
1250 3349 1297 3400 Er.
1314 3351 1368 3411 225
1384 3367 1421 3412 sq.

247 3540 331 3630 Arp.
350 3577 394 3588 -
411 3539 512 3606 Cuius
525 3539 717 3605 iumentum
732 3535 911 3628 depastum
927 3541 975 3602 est
987 3535 1127 3603 alterius
1141 3536 1207 3604 viri
1223 3541 1388 3624 segetem,
1410 3539 1439 3605 is
1457 3543 1534 3606 tan-

204 3649 277 3712 tum
297 3645 468 3726 restituat,
499 3650 666 3734 quantum
699 3643 920 3733 absumptum
944 3649 1008 3725 est;
1035 3647 1069 3709 et
1092 3642 1273 3732 absumpta
1299 3651 1534 3734 supponantur

203 3752 305 3819 fuisse
326 3751 399 3818 cius
415 3752 491 3839 agri
513 3751 655 3840 optima.
673 3751 774 3818 Cuius
794 3750 931 3820 incuria
944 3749 1037 3840 ignis
1058 3748 1163 3815 vicini
1182 3755 1333 3836 segetem
1349 3751 1490 3836 invasit,
1506 3753 1534 3818 is

204 3857 371 3926 damnum
390 3857 563 3927 resarciat.

248 3966 369 4053 Agitur
383 3964 426 4032 de
449 3963 577 4031 damno
595 3963 724 4030 inflicto
742 3990 759 4024 «
781 3964 852 4030 sive
875 3983 937 4052 per
952 3962 1157 4032 industriam
1178 3962 1249 4029 sive
1270 3985 1332 4050 per
1350 3964 1533 4051 negligen-

203 4072 288 4139 tiam
305 4099 322 4133 »
349 4071 517 4159 (Bottia).
535 4094 567 4138 v.
592 4077 612 4136 5
634 4097 650 4131 u
673 4070 715 4137 Si
734 4069 870 4137 laeserit
892 4096 909 4131 n
930 4108 975 4118 -
998 4071 1113 4136 verius
1131 4067 1290 4158 depastus
1302 4069 1427 4156 fecerit,
1452 4092 1531 4138 nam

203 4179 324 4246 eadem
338 4200 403 4245 vox
423 4177 526 4244 bisin
542 4176 663 4243 eodem
678 4198 779 4243 versu
800 4175 1006 4265 acceptabis
1023 4176 1159 4257 eodem,
1182 4174 1247 4242 nisi
1267 4175 1407 4242 evidens
1424 4177 1534 4245 obstet

205 4286 309 4368 ratio,
329 4283 532 4375 accipienda
546 4287 596 4350 est
611 4304 711 4350 sensu
726 4321 770 4332 -
791 4311 807 4343 (ι
825 4282 999 4373 quispiam
1013 4304 1139 4372 aprum
1150 4281 1206 4348 uel
1218 4283 1371 4363 otricum,
1386 4295 1419 4350 et
1431 4283 1533 4350 elimi-

205 4392 288 4458 serit
312 4391 503 4458 inurentem
522 4412 638 4475 sutem,
662 4402 700 4456 ut
718 4389 922 4480 deposcatur
940 4389 1073 4474 otierto,
1097 4386 1272 4478 quidquid
1292 4389 1460 4479 optimum
1476 4391 1535 4459 lto-

209 4497 320 4564 buerit
333 4497 371 4563 ta
383 4521 468 4586 opro
483 4500 568 4582 [suo]
584 4496 639 4564 rel
652 4496 690 4562 ire
702 4497 819 4581 vineo,
837 4499 916 4586 [pro
933 4493 1055 4562 (lemni
1063 4494 1313 4576 aestimatione]
1331 4496 1487 4564 restituet
1503 4527 1533 4565 a.

209 4609 329 4672 Vocem
341 4627 402 4670 suo
417 4601 591 4694 supplevit
615 4602 714 4692 Vrtlp.
731 4624 744 4670 .·
761 4603 882 4693 quaeri
894 4607 1020 4692 potest,
1038 4605 1207 4688 agaturna
1225 4601 1267 4668 de
1279 4601 1421 4669 laeseris
1435 4624 1478 4669 an
1493 4602 1536 4670 de

208 4711 291 4779 laesi
306 4732 403 4798 agro.
420 4709 524 4779 Hebr.
545 4731 558 4775 .·
579 4709 710 4800 optimo
727 4711 806 4799 apri
822 4721 855 4776 et
875 4708 1005 4799 optimo
1018 4708 1136 4775 vineoe
1150 4707 1314 4774 restituet.
1332 4709 1536 4795 Longiorem

209 4821 305 4886 Sam.
318 4819 410 4884 LXX
416 4816 546 4885 habent
559 4822 705 4898 textum,
718 4819 795 4906 post
810 4831 872 4881 'tna
883 4815 1071 4882 inserentes
1084 4829 1231 4878 unauna
1241 4829 1353 4879 intur:
1369 4803 1451 4879 ntur
1469 4802 1538 4880 ubo·
