3534 5384
722 421 787 464 rev.
813 407 905 476 tais
928 421 991 472 soo.
1468 407 1525 464 157

194 554 342 644 ideoque
359 553 476 642 utique
494 552 721 641 separabitur.
745 555 868 621 Fluxus
893 553 1070 622 consuevit
1093 553 1281 642 quatriduo
1308 552 1452 636 durare,
1474 555 1528 620 lex

194 666 328 749 tempus
342 658 500 724 nonnihil
514 659 684 747 protrahit
698 660 755 746 (cf.
775 661 881 748 120),
900 683 969 750 quo
985 659 1109 726 certius
1126 659 1371 727 contaminatio
1385 683 1528 749 praeca-

194 771 324 834 veatur.
348 766 448 831 Hebr.
469 787 483 831 :
503 764 641 848 Mulier,
664 789 753 855 patae
766 768 903 856 patitur
913 767 1063 854 sirtarim,
1082 765 1179 831 citius
1195 765 1231 832 in
1247 789 1349 832 corne
1365 765 1421 854 (cl.
1438 789 1470 833 v.
1494 769 1526 855 3)

192 871 404 962 0009010000
425 883 474 938 est
489 871 625 960 liunus,
648 885 712 939 otc.
736 878 776 940 Et
797 896 917 964 reapse
942 895 1004 940 vox
1019 871 1207 962 sarrpttinis
1227 872 1349 938 melius
1373 895 1393 938 a
1413 871 1530 963 priore

193 979 301 1046 inciso
326 978 482 1067 (Moser.)
507 984 699 1067 separatur,
721 1001 800 1045 oum
825 1001 923 1046 secus
949 979 1094 1045 incisum
1119 978 1267 1044 alterum
1292 979 1396 1066 (LXX
1417 979 1526 1068 Syn),

195 1084 288 1175 quod
323 1083 421 1173 Vulq.
448 1083 590 1174 quidem
611 1087 754 1166 omittit,
781 1085 947 1153 abundet.
967 1109 999 1152 v.
1025 1091 1066 1151 20
1091 1112 1106 1144 «
1133 1084 1266 1166 Orrutis,
1294 1085 1355 1174 qui
1380 1085 1530 1174 tetiqerit

195 1213 285 1273 eam,
302 1189 499 1257 0000001100
511 1191 576 1258 erit
589 1214 696 1282 usquc
708 1192 758 1259 od
772 1214 953 1282 vesperum
969 1219 984 1252 0
997 1215 1005 1274 ;
1019 1215 1051 1257 v.
1069 1197 1111 1257 21
1131 1219 1146 1252 o
1164 1203 1196 1258 ct
1212 1190 1249 1257 in
1265 1213 1332 1282 quo
1351 1191 1529 1258 domnisrit

196 1299 251 1366 cel
267 1296 390 1365 sederit
412 1295 556 1386 [dicbus]
580 1299 808 1388 separationis
826 1321 928 1379 suae,
952 1297 1135 1388 polluetur
1156 1317 1190 1377 »3
1218 1320 1251 1363 v.
1280 1303 1322 1364 22
1343 1310 1376 1364 et
1399 1297 1526 1374 omisis,

198 1432 214 1465 «
232 1403 295 1494 qui
313 1403 468 1492 tetiqerit
482 1403 608 1470 lectum
621 1404 709 1490 eius,
727 1404 858 1472 lavabit
872 1404 1075 1472 vestimento
1092 1426 1169 1490 suc,
1190 1416 1223 1469 et
1241 1403 1313 1494 ipse
1332 1403 1422 1472 lotus
1436 1427 1528 1493 aquo

194 1510 395 1577 immundus
408 1510 593 1601 eritisque
614 1509 663 1577 ad
675 1533 850 1601 respucrem
870 1538 900 1577 u.
918 1533 950 1577 v.
969 1517 1010 1576 23
1028 1539 1044 1572 «
1070 1513 1176 1576 Omne
1196 1533 1254 1576 ocs
1276 1539 1310 1594 a,
1328 1510 1351 1576 i.
1370 1533 1399 1577 e.
1417 1512 1527 1577 omnis

195 1617 364 1707 supellex,
381 1645 396 1678 ι
411 1638 513 1706 super
524 1638 590 1706 quo
602 1616 668 1684 illc
678 1616 821 1703 sederit,
839 1617 994 1708 quisquis
1006 1616 1169 1707 atttpcrit,
1186 1616 1527 1684 looobitcestimcntc

193 1747 271 1807 suc,
286 1725 409 1812 etipse
424 1724 513 1790 lotus
527 1746 622 1814 aquo
630 1723 789 1813 pollutus
804 1723 871 1792 erit
887 1746 996 1814 usque
1010 1722 1058 1790 od
1068 1745 1244 1812 vesperum
1264 1751 1293 1788 0.
1309 1723 1442 1812 Reliqui
1456 1729 1527 1791 tex-

196 1837 251 1897 tus
265 1831 300 1897 h.
322 1830 346 1897 i.
362 1851 500 1896 versum
515 1830 662 1913 habent,
685 1831 745 1920 qui
764 1836 894 1898 tractat
908 1831 951 1897 de
965 1851 1015 1910 re,
1037 1852 1125 1919 quac
1147 1830 1244 1896 illum
1260 1829 1388 1896 lectum
1401 1830 1456 1898 vel
1473 1853 1529 1896 su-

196 1934 403 2025 pellectilem
429 1936 615 2022 contigerit
639 1958 646 2003 :
669 1937 709 2004 Si
728 1950 851 2003 cirtem
877 1959 979 2027 super
1002 1937 1127 2003 lectum
1148 1936 1254 2024 suerit
1279 1958 1330 2002 res
1352 1948 1415 2002 ortt
1431 1958 1531 2026 super

195 2041 442 2131 supellectilem
449 2093 458 2125 ,
477 2064 580 2131 super
599 2065 705 2132 quom
718 2043 793 2133 ipsa
809 2042 961 2132 (mulier)
978 2043 1084 2123 sedit,
1100 2043 1163 2128 ptri
1177 2042 1334 2132 ottiqerr't
1353 2064 1429 2108 eom
1445 2065 1527 2124 rem,

195 2146 397 2214 immundus
410 2148 475 2214 erit
486 2161 614 2238 septem
630 2148 760 2233 diebos,
779 2155 982 2217 nontamen
999 2149 1175 2217 tenebitur
1188 2171 1223 2216 se
1241 2150 1354 2238 ipsum
1370 2154 1403 2215 et
1423 2155 1529 2215 vestes

196 2255 323 2322 lavare.
341 2259 425 2321 Nam
439 2253 609 2321 eiusmodi
623 2256 934 2323 contaminationes
948 2277 1015 2322 non
1032 2262 1132 2322 erant
1144 2254 1322 2322 indefinite
1337 2254 1525 2344 producen·

196 2360 274 2427 dae.
292 2383 324 2426 v.
345 2366 386 2428 st
406 2391 420 2420 «
435 2360 477 2425 Si
489 2360 610 2428 coierit
625 2383 703 2428 cum
718 2385 757 2430 eo
771 2363 821 2428 cir
840 2374 996 2452 tempore
1011 2361 1193 2452 scripsistis
1208 2361 1443 2444 0000100110,
1462 2361 1526 2427 im-

196 2464 347 2533 mundus
364 2467 430 2532 crit
444 2479 577 2556 'septem
602 2467 736 2552 diebos,
752 2481 786 2535 ct
801 2491 900 2535 (0000
918 2482 1080 2550 stratam,
1107 2468 1143 2534 iri
1161 2491 1228 2558 quo
1245 2467 1437 2550 dormierit,
1451 2468 1528 2557 pol-

196 2573 312 2639 luetur
330 2601 359 2640 0.
377 2572 443 2640 Sed
467 2576 567 2640 chr.
586 2596 599 2639 .·
612 2576 653 2643 Si
666 2575 821 2642 cubrtcrit
841 2599 918 2643 cum
933 2597 974 2642 ea
988 2575 1052 2661 vir,
1069 2577 1132 2641 erit
1149 2574 1331 2664 impuritas
1349 2575 1423 2642 citis
1443 2573 1530 2664 (mu-

196 2679 300 2766 lieris)
315 2702 418 2770 super
430 2702 519 2767 crim,
537 2681 574 2747 in
590 2702 670 2748 sum
686 2682 863 2764 transibit,
882 2695 916 2749 ct
930 2680 1131 2748 1000000100
1143 2682 1207 2748 crit
1222 2693 1286 2748 etc.
1304 2680 1394 2748 Licet
1408 2683 1530 2748 cithare

195 2808 276 2854 cum
295 2785 439 2853 mortiers
464 2786 672 2876 quandoque
695 2788 940 2876 euphemistice
955 2789 1070 2877 ipsam
1089 2787 1248 2877 copulam
1270 2788 1456 2876 perlectam
1473 2811 1530 2854 ex-

196 2892 340 2982 primat,
365 2898 482 2959 tamen
503 2915 566 2981 per
589 2915 624 2960 se
647 2899 682 2959 et
702 2894 738 2960 h.
764 2897 788 2958 i.
816 2893 1006 2960 secundum
1028 2897 1222 2960 contextum
1243 2893 1410 2982 expressio
1431 2893 1530 2960 latius

197 3002 293 3087 patet
312 2997 531 3088 includitque
549 2998 789 3081 concubitum,
811 3000 872 3089 qui
893 2999 1052 3088 copulam
1075 2999 1215 3066 omnino
1231 3020 1302 3066 non
1324 2999 1450 3066 habeat
1473 3006 1529 3064 ant

198 3103 309 3170 solum
329 3108 484 3171 attentet.
502 3108 688 3171 Praeterea
706 3111 809 3189 21018
830 3105 980 3172 babetur
996 3127 1093 3173 casus
1116 3107 1315 3172 attentantis
1331 3103 1529 3193 coniugium

199 3230 278 3276 curn
300 3209 446 3276 muliere
463 3211 558 3277 iluxu
577 3210 776 3295 debilitata,
795 3212 831 3278 h.
850 3212 874 3280 1.
897 3233 994 3279 00000
1013 3211 1200 3300 imprimiS,
1218 3211 1300 3279 licet
1318 3233 1390 3278 non
1411 3211 1528 3291 unice,

198 3315 325 3382 meriti.
346 3314 406 3382 iiic
427 3316 540 3384 solam
555 3318 963 3409 incurritimpuritatem‚
981 3318 1038 3385 ille
1057 3318 1161 3405 longe
1181 3319 1334 3385 severius
1355 3318 1526 3407 plectitur.

235 3523 347 3574 Similes
365 3524 457 3587 leges,
472 3527 501 3574 ct
519 3537 606 3588 saepe
624 3527 794 3588 severiores,
808 3527 883 3591 apud
904 3528 999 3590 plnres
1018 3527 1139 3591 populos
1158 3525 1340 3588 offendimus,
1355 3539 1381 3575 v.
1401 3539 1428 3590 g.
1445 3525 1530 3576 Indos

198 3609 291 3675 (Manu
310 3611 373 3672 tio
394 3611 459 3677 sip),
476 3613 579 3664 Persas
592 3610 748 3681 (Vendidad
767 3613 848 3675 5,165
865 3628 921 3679 sq.;
939 3615 1000 3675 7,-15
1021 3614 1085 3681 sq.).
1101 3614 1180 3666 idem
1198 3615 1258 3665 iore
1276 3616 1402 3666 sensisse
1420 3617 1530 3666 veteres

199 3699 304 3750 Arabes
318 3701 437 3764 ooiiigss
455 3715 471 3752 e
489 3701 564 3752 iacto
576 3701 773 3753 Mahummetis
793 3703 906 3769 (Koran.
926 3703 989 3754 Sur.
1004 3703 1030 3754 2.
1048 3703 1107 3768 iii]
1123 3715 1191 3754 suos
1212 3715 1229 3754 a
1247 3703 1428 3754 menstruatis
1447 3715 1530 3765 sepa-

196 3789 293 3838 rantis.
310 3787 471 3840 conieceris
485 3790 578 3855 legem
592 3793 621 3841 in
635 3793 721 3855 stirpe
736 3793 825 3842 010010
837 3791 925 3842 101000
944 3793 1149 3856 perantiquam.
1167 3791 1304 3842 Veterum
1320 3791 1420 3842 deinde
1434 3791 1530 3854 piures

195 3875 233 3924 de
253 3877 345 3927 noxiis
365 3880 512 3943 sanguinis
532 3881 712 3931 menstrualis
732 3878 878 3931 eiiectibus
897 3881 1094 3944 superstitiose
1113 3879 1283 3932 sentiebant.
1300 3879 1343 3932 Oi.
1364 3879 1438 3928 Ptin.
1456 3878 1527 3928 Hist.

198 3963 262 4014 Nat.
279 3964 304 4014 7.
322 3965 363 4015 13.
379 3966 486 4019 Varum
504 3981 568 4018 cum
581 3972 818 4020 menstruatarum
835 3969 998 4034 segregatio
1012 3971 1040 4019 et
1053 3970 1168 4019 sanitati
1188 3969 1317 4019 00000101
1331 3972 1359 4018 01
1374 3968 1527 4025 decentiae,

197 4052 276 4102 nulia
288 4055 404 4106 omnino
417 4059 461 4106 est
476 4058 548 4107 ratio
562 4056 738 4116 adstruendi,
755 4058 828 4107 hanc
841 4062 967 4108 nostram
986 4058 1079 4122 legem
1098 4069 1133 4108 ex
1148 4057 1305 4107 istiusmodi
1319 4056 1528 4121 superstitioni-

197 4139 249 4190 bus
260 4139 384 4192 iiuxissc.
398 4143 498 4209 Neque
509 4147 641 4209 primaria
655 4149 768 4196 nostrae
779 4147 852 4210 legis
865 4147 937 4196 ratio
957 4153 1017 4196 orat
1032 4148 1153 4206 sanitas,
1172 4146 1222 4196 sed
1237 4146 1374 4194 munditia
1389 4159 1397 4194 :
1413 4147 1529 4208 sangui-

196 4241 262 4278 nem
276 4241 343 4280 vero
359 4235 533 4284 menstruum
546 4247 610 4286 essa
623 4235 797 4285 immundum
811 4235 893 4299 quid,
912 4236 1042 4286 similiter
1057 4240 1143 4299 atquo
1160 4235 1276 4286 seminis
1293 4233 1473 4294 allusionem,
1490 4234 1531 4282 lc-

196 4328 277 4378 pram
289 4319 435 4370 domorum
450 4323 514 4383 010,
531 4324 594 4386 quis
609 4337 664 4374 non
679 4323 772 4374 videt?

267 4516 297 4577 t.
316 4513 365 4576 Dc
378 4512 478 4599 sluaa
499 4515 684 4604 conquiris
701 4529 841 4605 promer
864 4516 1170 4584 menstruatioucru
1188 4521 1265 4583 LeV.
1286 4520 1457 4596 tassio.

242 4702 455 4772 infirmitatis
473 4700 538 4766 hoc
564 4707 613 4767 est
633 4701 670 4767 in
698 4701 859 4783 muliere,
882 4701 1040 4768 similiter
1063 4707 1165 4790 atque
1189 4701 1328 4768 seminis
1355 4701 1465 4765 fluxus
1491 4700 1524 4763 iu

198 4813 283 4878 viro,
302 4836 335 4880 v,
353 4816 395 4878 25
411 4834 427 4869 «
445 4805 581 4890 illulier,
598 4829 688 4894 qrtoc
697 4808 832 4895 potitur
849 4808 965 4873 010110·
982 4807 1099 4873 dicbrts
1111 4809 1249 4896 sitarum
1265 4805 1445 4895 scnprtirrt's
1458 4829 1524 4872 000
