3534 5384
268 371 305 430 ’16
721 384 827 430 uersis
847 385 923 430 acra
946 385 978 428 m
999 382 1146 428 ascvrro.

265 525 335 575 haee
358 523 525 587 genealogia
548 536 605 574 non
630 522 714 573 iirerit
736 525 841 574 inserta
861 528 927 574 ante
947 535 1008 586 cap.
1035 522 1060 572 ἱ).
1082 522 1229 581 Fortasse,
1254 520 1423 586 quodiam,
1446 523 1597 583 antequam

264 615 442 673 insereretur,
460 613 575 664 exordio
595 613 623 662 et
641 611 754 675 epilogo
773 612 856 662 iuerit
875 612 958 662 ancta
976 614 1004 660 et
1027 612 1142 662 nomina
1160 611 1290 660 habuerit
1309 608 1413 670 Moysis
1431 611 1460 659 et
1476 610 1597 660 aaronis

264 703 383 752 invicem
402 706 539 752 conserta.
557 701 622 752 Non
641 713 709 764 ergo
727 700 790 750 visa
813 702 856 750 est
876 700 1039 761 inserenda,
1057 712 1114 764 qno
1133 700 1196 748 loeo
1215 698 1293 748 nulla
1312 698 1463 748 haberetur
1477 698 1597 747 aaronis

264 793 379 840 mentio.
397 790 505 841 Inserta
519 796 563 841 est
576 792 641 854 post
658 777 735 854 6',l‘l,
752 790 801 839 ubi
817 789 1039 854 conquerebatur
1054 788 1165 850 Moyses
1178 801 1209 838 se
1224 788 1259 838 ab
1277 786 1412 838 Israelitis
1430 799 1488 837 non
1507 785 1598 835 audiri

264 891 356 942 neque
372 893 389 929 a
404 878 551 930 Pharaone
565 879 692 929 auditum
707 879 750 929 iri.
769 878 830 929 lieo
842 878 930 941 igitur
942 878 1004 927 loco
1020 890 1087 928 suas
1101 877 1204 939 Moysis
1217 878 1245 926 et
1260 877 1380 926 Aaronis
1397 875 1496 926 laudes
1510 877 1598 924 assuit

263 967 350 1018 levita
369 974 474 1019 auctor.
494 969 583 1028 Quem
598 969 766 1031 inspiratum
786 966 872 1017 luisse
894 968 1009 1017 minime
1028 978 1188 1029 negamus:
1205 967 1297 1030 potest
1315 966 1418 1028 quippe
1436 969 1534 1014 auctor
1552 964 1597 1012 in·

264 1058 400 1120 spiratus,
417 1059 457 1108 uti
476 1058 633 1108 solecismis
652 1056 745 1120 loqui,
763 1058 802 1105 lta
819 1057 882 1106 loco
903 1056 996 1106 minus
1015 1057 1080 1119 apto
1102 1053 1240 1118 quaedam
1257 1056 1392 1104 inserere.
1413 1053 1485 1103 Eum
1503 1054 1597 1103 autem

263 1146 405 1195 auctorem
425 1147 588 1196 conileimus
608 1159 624 1194 a
640 1145 736 1208 Moyse
751 1145 894 1195 diversum
915 1143 1028 1195 obeam
1042 1144 1219 1207 potissimum
1233 1143 1385 1202 rationem,
1399 1141 1474 1206 quod
1488 1140 1598 1203 Moyses

263 1235 327 1295 apte
342 1238 370 1284 et
382 1234 459 1298 loqui
473 1239 501 1286 et
515 1235 636 1286 scribere
651 1234 815 1286 assueverit.

574 1409 611 1455 De
627 1409 724 1468 Moysis
740 1408 879 1468 originibus
897 1407 1094 1456 additamentum
1111 1407 1161 1455 Ex.
1181 1408 1284 1467 arnas

309 1607 342 1653 v.
363 1590 403 1650 13
423 1611 437 1646 r
454 1589 667 1675 Locutusque
682 1598 730 1652 est
744 1586 918 1652 Dominus
932 1584 981 1651 nd
993 1589 1135 1674 lioysen
1149 1596 1182 1650 et
1193 1587 1326 1666 Aaron,
1343 1598 1376 1651 et
1390 1583 1485 1651 dedit
1497 1607 1597 1650 mnn-

266 1690 448 1758 deleminci
460 1690 553 1781 filios
567 1692 674 1758 [srael
691 1720 706 1752 ›>
728 1731 772 1742 —
793 1715 880 1782 quos
894 1692 1059 1778 ignorant
1072 1695 1221 1759 LXX-
1238 1718 1254 1754 a
1272 1704 1305 1757 et
1321 1691 1369 1757 ad
1381 1690 1595 1758 Pharaonem

266 1819 381 1888 repom
398 1799 565 1888 Aepppii,
582 1812 620 1864 ut
633 1797 814 1866 educerent
837 1827 852 1860 »
869 1804 998 1886 Moyses
1016 1803 1049 1864 et
1063 1803 1176 1866 Aaron
1192 1825 1208 1859 e
1220 1797 1312 1887 filios
1330 1795 1490 1864 israelite
1506 1809 1597 1864 terra

265 1903 418 1994 Aepypti
431 1931 462 1970 a.
486 1927 518 1970 v.
539 1911 579 1972 lt
598 1933 613 1966 «
637 1903 698 1971 Isti
717 1917 800 1971 sient
811 1905 988 1994 principes
1005 1905 1183 1971 domorum
1201 1926 1268 1994 per
1280 1886 1441 1993 familiai
1460 1927 1540 1970 sues
1564 1932 1593 1970 a.

300 2075 390 2124 nnus
418 2075 474 2124 ΝΞ
491 2073 568 2124 tnui
584 2047 654 2130 iibri,
671 2069 720 2120 esu
731 2076 794 2118 sunt
808 2070 900 2133 capito
914 2069 1006 2118 domus
1018 2075 1132 2133 petram
1143 2068 1323 2128 suorum;ubi
1336 2067 1467 2118 suisrxum
1483 2081 1541 2118 non
1550 2081 1597 2118 re·

264 2157 351 2209 iertur
366 2157 401 2208 ad
414 2157 529 2220 Moysen
540 2163 568 2208 et
579 2158 682 2217 Aaron,
693 2169 755 2208 cum
766 2157 894 2222 plerique
903 2157 1080 2217 citandorum
1091 2170 1148 2207 non
1157 2157 1261 2207 tuerint
1272 2157 1373 2208 horum
1384 2157 1506 2206 virorum
1517 2158 1597 2220 prin-

265 2249 341 2311 cipes
350 2245 519 2296 lamiliarum
526 2259 533 2306 ;
550 2259 607 2294 non
618 2245 653 2295 ed
663 2245 765 2306 Israel,
782 2259 846 2296 eum
860 2246 941 2296 multi
952 2247 1000 2296 alii
1011 2249 1225 2297 recenserentur
1233 2247 1373 2310 principes
1380 2259 1386 2305 ;
1403 2246 1452 2296 sed
1463 2245 1499 2296 ad
1509 2247 1595 2309 ipsos,

264 2337 312 2400 qui
325 2337 515 2393 recensentur,
531 2345 651 2398 quorum
662 2335 780 2397 quisque
790 2336 924 2398 princeps
938 2340 998 2385 erat
1010 2334 1134 2384 larniliae
1147 2347 1215 2385 suae
1227 2347 1278 2386 seu
1292 2334 1461 2385 lamiliarum
1471 2346 1595 2384 suarum.

265 2430 343 2478 nibli
356 2428 412 2478 niz
426 2436 483 2473 non
499 2423 629 2485 designat
639 2423 722 2472 unice
737 2422 892 2486 familiam,
909 2436 981 2486 quae
996 2435 1062 2486 pars
1075 2424 1112 2471 sit
1124 2424 1217 2486 gentis
1229 2429 1364 2482 nntium,
1381 2423 1450 2473 sed:
1470 2422 1494 2488 l)
1505 2435 1597 2486 quan-

264 2512 357 2574 doque
372 2511 501 2576 designat
517 2513 607 2574 ipsam
624 2511 737 2570 tribum,
754 2523 827 2574 quae
844 2516 878 2562 et
897 2512 959 2573 ipsa
973 2524 990 2560 a
1009 2512 1149 2561 communi
1163 2517 1280 2574 parente
1293 2517 1386 2563 ertum
1407 2511 1483 2562 ducit
1499 2511 1594 2576 (Num.

269 2600 435 2661 l't,17;10s.
454 2595 563 2666 tt,1l);
580 2597 735 2664 llssepius
755 2608 860 2662 pentes,
877 2600 907 2648 in
928 2612 1003 2663 quas
1024 2601 1152 2663 proxime
1172 2601 1261 2650 tribus
1282 2601 1476 2652 subdividatur
1501 2599 1594 2665 (Num.

265 2688 342 2751 3,24;
360 2688 440 2750 30,35
456 2694 484 2740 et
505 2688 540 2739 el.
565 2686 635 2754 i,i);
659 2691 707 2739 aut
724 2687 748 2754 3)
765 2689 858 2752 gentis
878 2688 1099 2749 subdivisiones,
1114 2691 1170 2739 i.e.
1187 2688 1311 2752 familias
1327 2689 1391 2756 (Ex.
1409 2689 1484 2751 ia‚3;
1505 2687 1514 2737 l
1530 2688 1595 2739 Par.

266 2777 326 2840 7,7;
340 2777 417 2840 23,st
428 2791 435 2838 ;
448 2777 511 2840 tae
522 2773 587 2845 etc.)
604 2777 658 2828 Ubi
675 2779 822 2841 expressio
836 2777 920 2828 alteri
934 2777 1105 2841 expressioni
1116 2783 1237 2835 ritis-nin
1252 2780 1408 2842 copulatur,
1420 2779 1457 2827 ibi
1472 2791 1534 2828 eam
1549 2785 1597 2828 ant

264 2869 391 2931 sequltur
406 2865 501 2934 (Num.
519 2866 541 2928 l,
559 2866 585 2916 2.
609 2866 651 2917 18.
669 2866 713 2916 20.
735 2865 769 2917 tt
783 2870 836 2916 etc.
846 2880 852 2926 ;
868 2864 941 2933 234)
957 2869 1007 2915 aut
1029 2866 1169 2917 antecedit
1185 2867 1281 2932 (Num.
1297 2868 1323 2929 3,
1341 2866 1399 2933 ii),
1413 2881 1469 2931 quo
1486 2880 1596 2917 rursum

269 2955 398 3006 clarescit
412 2957 601 3020 expressionis
620 2968 720 3006 sensus
743 2968 833 3018 vagus
852 2958 881 3005 et
900 2956 1035 3005 incertus.
1053 2953 1147 3004 Ditlm.
1165 2954 1252 3005 Porro
1275 2957 1303 3005 h.
1321 2957 1339 3006 1.
1355 2961 1434 3012 nius
1451 2963 1509 3012 nr:
1522 2955 1595 3006 idem

265 3049 307 3094 est
321 3051 405 3109 atque
420 3049 561 3104 tinnulis:
579 3043 615 3095 cl.
628 3057 655 3094 v.
671 3043 712 3093 ll.
732 3044 772 3096 17.
794 3043 834 3094 19,
852 3043 895 3093 st.
910 3043 954 3094 25.

311 3202 326 3233 a
345 3171 433 3240 Filii
453 3177 587 3256 thben,
613 3171 838 3262 primopeuiti
860 3171 1026 3239 israelis:
1045 3173 1184 3240 Henoclr
1204 3187 1237 3241 et
1255 3174 1400 3257 Ptattc,
1417 3177 1550 3242 Hesron
1563 3189 1597 3242 et

268 3278 416 3348 Charmi.
440 3282 515 3346 Hae
536 3279 760 3369 separationes
782 3282 900 3347 Ruben
925 3307 957 3347 a.
978 3302 1010 3347 v.
1040 3286 1079 3347 15
1102 3309 1118 3342 (ι
1139 3280 1227 3346 Filii
1240 3281 1406 3348 Simeon:
1420 3280 1555 3348 Ieiirieel
1564 3295 1598 3349 et

268 3385 383 3454 iamin
398 3397 430 3451 et
446 3385 547 3452 Aloe
560 3399 593 3453 et
610 3385 733 3454 lachin
747 3399 778 3454 et
797 3386 885 3453 Scor·
900 3397 933 3452 et
945 3387 1034 3454 Saul
1042 3387 1138 3476 filius
1158 3385 1415 3478 chananitidis,
1430 3389 1503 3454 Hae
1516 3411 1599 3479 pro·

262 3491 377 3582 qenies
391 3491 531 3559 Simeon
543 3519 573 3560 a.
591 3491 644 3559 ad
659 3493 797 3560 nomina
812 3493 855 3560 cf.
874 3498 956 3561 Gen.
973 3501 1052 3575 t6,9
1066 3513 1139 3582 sq.;
1162 3495 1243 3560 item
1258 3498 1357 3561 Num.
1374 3501 1416 3560 26
1431 3502 1464 3560 el
1485 3501 1500 3560 i
1518 3499 1592 3562 Par.

263 3603 341 3682 tait
357 3604 390 3665 et
405 3605 459 3681 5,1
475 3621 549 3690 sqq.
569 3622 603 3666 v.
624 3606 665 3666 16
687 3626 703 3660 u
721 3601 766 3665 Et
782 3597 864 3666 lance
879 3600 1025 3666 nornine
1034 3599 1190 3689 filiorum
1205 3601 1360 3691 Leviper
1375 3601 1595 3690 eoqnationes

261 3727 341 3772 siens
359 3727 371 3769 .·
390 3707 516 3774 Gerson
540 3717 572 3771 et
598 3707 706 3773 Gnatlr
726 3719 759 3772 et
779 3705 909 3773 Merari
932 3735 968 3786 »‚
994 3707 1036 3773 cf.
1062 3712 1144 3774 Gen,
1175 3713 1287 3791 t6,t1.
1306 3695 1436 3772 enaim
1456 3729 1524 3774 non
1546 3714 1596 3775 est

262 3838 279 3873 «
298 3833 362 3900 pro
380 3834 525 3879 numere
548 3818 792 3898 generaturum
819 3834 1045 3902 personarum
1074 3841 1090 3874 a
1120 3815 1245 3904 (llos),
1270 3819 1360 3880 certe
1387 3820 1489 3881 natae
1516 3821 1596 3882 sunt

262 3918 370 4001 filiae,
392 3918 605 4007 probabilius
629 3919 691 3984 filii
715 3919 818 3985 etiam
841 3941 988 3986 numero
1010 3920 1140 4009 plures;
1165 3943 1238 3987 non
1262 3950 1278 3982 (ι
1299 3920 1488 3988 secundum
1506 3927 1595 3988 aeta-

264 4029 333 4091 tem
355 4053 371 4086 »
391 4025 503 4114 (lr'n.);
521 4025 581 4091 sed
599 4052 615 4086 e
637 4024 826 4092 secundum
845 4027 1158 4112 generationem»,
1180 4028 1338 4116 quivere
1354 4050 1371 4094 e
1390 4029 1469 4095 Levi
1486 4028 1596 4116 geniti

264 4137 387 4198 erant:
406 4134 447 4199 cl.
463 4153 495 4198 v.
520 4139 571 4198 19.
595 4170 637 4181 -
659 4159 674 4192 «
692 4131 788 4198 Anni
807 4146 922 4198 nectem
936 4133 1027 4200 citae
1041 4132 1123 4199 Leni
1133 4133 1280 4220 serenent
1298 4147 1434 4200 centum
1448 4133 1596 4222 tripinta

265 4251 392 4325 septem
414 4267 444 4303 ».
468 4237 670 4327 Aliquorum
695 4238 849 4305 virorum
876 4244 969 4306 aetas
990 4239 1208 4322 adscribitur,
1236 4262 1307 4307 non
1331 4264 1401 4329 qno
1425 4240 1596 4308 rationem

264 4349 456 4431 temporum
473 4343 687 4425 edoceamur,
703 4345 879 4412 nonenim
900 4345 1114 4414 definiuntur
1129 4346 1217 4413 vitae
1232 4346 1326 4428 anni,
1344 4370 1413 4436 quo
1427 4355 1525 4437 pater
1537 4368 1595 4434 ge·

265 4450 381 4515 nuerit
408 4449 533 4533 filium3
557 4451 616 4517 sed
640 4473 708 4540 quo
732 4451 920 4532 discamus,
941 4451 978 4517 in
1002 4454 1105 4541 stirpe
1127 4452 1230 4519 etiam
1255 4453 1333 4520 Levi
1354 4477 1422 4521 non
1448 4453 1594 4519 defuisse

240 4647 241 4654 ἵ
265 4556 418 4645 exempla
443 4557 719 4646 provectissimae
738 4560 878 4638 aetatiS,
897 4581 986 4648 quae
1008 4559 1285 4648 patriarcharum
1311 4562 1423 4627 iuerat
1440 4560 1594 4627 habeba·
1699 4617 1705 4624 .

262 4667 386 4751 turque
406 4663 544 4750 signum
571 4661 731 4753 specialis
754 4665 812 4730 Dei
837 4664 1094 4733 benedictionis.
1117 4669 1206 4751 Ergo
1228 4668 1311 4734 anni
1328 4667 1363 4732 h.
1388 4667 1411 4733 l.
1434 4666 1594 4757 descripti

267 4770 399 4837 nuliam
421 4771 661 4838 difficultatem
688 4771 819 4838 iaciunt
840 4778 960 4838 contre
980 4778 1045 4840 1⁵30
1069 4793 1178 4839 annos
1201 4780 1313 4854 12,t0.
1331 4779 1369 4839 ln
1388 4773 1594 4860 genealogia
