3534 5384
4 1513 37 2010 *twfffz‘t-:Wftvz
3 1286 38 1501 {fa-21

9 2432 12 2441 -
4 2311 18 2363 :⁷-
4 2171 22 2251 ‘vn-‚2
4 2087 15 2145 πτε-
4 2036 18 2079 ,;κ,
6 2009 11 2023 -

20 2266 33 2296 .·Γ
22 2188 40 2227 “-,-
17 2031 42 2137 πῖ-ι-χ·
18 2001 28 2010 σε

59 1122 62 1137 Q
51 1099 59 1115 α

34 1525 52 1565 ’ἶΨ
35 1423 57 1505 ..Quint
32 1347 57 1407 ,ΣυΒ
32 1267 61 1327 -’““”,’
36 1241 42 1247 ”
41 1203 52 1221 ·,

33 1948 56 1993 dg*
48 1897 52 1914 ,,
39 1864 46 1874 -
32 1787 44 1836 *¹³*
32 1589 55 1746 '⁴⁴⁵²“52'2‘

188 353 291 425 ’ζξέὃ
719 379 759 422 nx
780 379 917 422 enorrro
939 377 970 423 lu
992 379 1081 422 sium.

105 498 150 608 14]
177 504 179 507 ⁵
231 530 309 584 nrm
326 531 395 578 :tw
410 502 444 578 b:
461 529 537 586 nrm
555 511 742 579 certissime
754 512 795 578 cle
809 534 869 578 suo
885 534 972 601 apro
991 511 1145 579 restituet
1155 509 1344 578 secundnm
1354 523 1562 601 prouentum

166 687 169 690 ,
231 621 323 707 cium·
334 621 365 686 si
383 633 499 687 aretem
524 632 633 686 totum
654 641 778 708 optram
798 617 959 708 elepantos
978 617 1105 708 fuerit,
1128 619 1257 709 optimo
1283 617 1410 708 oprtet
1430 617 1562 708 optima

122 727 135 780 ἰ·
229 728 348 795 ttinere
364 727 530 794 restituet.
549 725 696 811 Longior
712 724 769 791 hic
787 730 899 791 textus
912 724 1050 792 videtur
1069 747 1087 791 e
1104 725 1261 792 breviore
1278 724 1429 808 fluxisse,
1456 746 1560 813 quem

228 835 328 902 Hebr.
350 834 465 900 habet.
483 839 613 919 Agrum
628 831 944 920 interpretabantur
959 853 1074 917 serron,
1092 831 1115 897 i.
1134 854 1162 898 e.
1181 830 1331 897 laeseris.
1347 835 1436 897 Num
1452 830 1561 918 igitur

224 964 290 1030 pro
304 940 454 1007 laesione
473 939 618 1006 fortasse
634 959 652 1003 e
671 959 769 1004 mera
783 938 997 1024 negligentia
1009 938 1165 1027 profecta
1181 959 1292 1027 nequc
1307 937 1357 1004 ite
1373 958 1500 1023 magna
1512 943 1559 1004 tc-

226 1047 374 1114 nebatur
393 1047 507 1113 laesor
521 1045 652 1134 optima
674 1066 832 1133 quaeque
853 1066 916 1110 sua
930 1043 1140 1133 rependere?
1155 1049 1283 1110 Durum
1299 1043 1335 1109 id
1355 1050 1429 1109 erat
1443 1042 1556 1110 nimis.

99 1221 102 1224 ,
123 1170 132 1228 ζ
226 1152 450 1244 Explicabant
464 1174 547 1238 ergo
563 1149 814 1218 restitutionem
828 1149 904 1216 fieri
924 1157 1083 1240 oportere
1098 1151 1226 1217 domno
1242 1149 1555 1240 proportionatam

225 1258 347 1349 quodsi
367 1281 448 1324 vero
464 1281 527 1348 per
543 1278 739 1347 supremam
754 1255 1006 1342 negligentiam
1026 1261 1134 1323 totum
1158 1277 1280 1344 agrum
1302 1257 1462 1344 depastus
1474 1263 1559 1322 esset

57 1381 75 1442 '.
98 1389 103 1392 ⁴
155 1442 157 1445 ¹
223 1367 343 1447 laesor,
362 1371 410 1446 ut,
427 1364 546 1454 (quales
565 1366 642 1451 agri
659 1364 789 1429 fructus
805 1362 963 1441 luissent,
980 1363 1161 1429 nonfacile
1176 1368 1288 1451 posset
1304 1362 1470 1444 discerni,
1485 1368 1557 1429 tum

223 1472 349 1538 debere
375 1472 542 1538 laesorem
561 1469 694 1559 optima
715 1490 874 1558 quaeque
892 1468 945 1535 sui
970 1470 1047 1555 agri
1068 1491 1131 1559 pro
1151 1468 1367 1535 restitutione
1388 1469 1552 1558 pendere.

224 1584 311 1645 llaec
330 1577 510 1666 explicatio
526 1576 645 1665 aliqua
661 1574 845 1642 arbitrario
859 1576 895 1641 in
910 1581 1039 1642 textum
1054 1575 1197 1662 ingerit,
1219 1596 1331 1664 neque
1346 1596 1483 1642 omnem
1501 1597 1553 1642 rc-

223 1690 338 1752 movet
357 1683 618 1751 dubitationem.
642 1681 728 1760 Quid
752 1681 862 1760 enim,
889 1680 918 1747 si
945 1682 1075 1770 optima
1092 1681 1170 1764 illa,
1194 1687 1364 1771 quotquot
1390 1681 1551 1763 fuissent,

221 1789 516 1857 nonsulfieiebant
528 1790 572 1856 ad
585 1789 752 1855 damnum
763 1787 1017 1854 resarciendum
1027 1789 1042 1852 ‘t
1051 1793 1294 1877 Supponemus
1307 1788 1463 1854 iameum
1478 1789 1551 1856 Coi.

220 1897 279 1983 agi
294 1897 336 1962 de
354 1896 491 1985 optimis
505 1894 582 1980 agri
595 1917 665 1960 non
677 1893 833 1975 laesoris,
852 1893 914 1960 sed
927 1892 1024 1960 laesi.
1046 1891 1242 1960 Mandatum
1258 1892 1303 1960 ad
1318 1891 1553 1962 brevissimam

220 2004 365 2070 formam
380 2001 557 2068 redactum
568 2001 632 2067 erit
646 2000 712 2066 hoc
732 2027 739 2063 ε
764 1999 798 2065 Si
818 1999 980 2088 depastus
995 1999 1071 2088 quis
1087 1999 1191 2067 fuerit
1206 2021 1330 2086 agrum
1346 1999 1401 2066 vel
1417 1999 1554 2068 vincam

220 2109 385 2187 alienam,
407 2106 538 2196 optima
564 2105 636 2173 eius
657 2106 734 2192 agri
753 2111 786 2173 et
814 2107 945 2194 optima
969 2105 1040 2173 cius
1065 2105 1185 2172 vineae
1211 2104 1379 2172 restituet.
1407 2109 1554 2173 Pronum

219 2216 348 2305 quippe
366 2219 455 2295 erat,
474 2220 511 2278 ut
531 2213 596 2278 hac
608 2212 645 2278 in
659 2233 696 2277 re
720 2210 830 2278 laesor
844 2234 879 2278 se
902 2218 1092 2292 excusaret,
1117 2211 1252 2278 nonnisi
1274 2212 1410 2278 viliores
1423 2212 1554 2280 fructus

218 2322 320 2387 luisse
341 2342 414 2399 eos,
443 2340 528 2408 quos
545 2317 700 2384 iumenta
723 2317 867 2405 depasta
891 2324 1016 2399 essent;
1046 2317 1191 2386 decebat
1211 2341 1306 2401 vere,
1333 2324 1372 2384 ut
1396 2341 1436 2386 ea
1454 2319 1492 2386 in
1512 2341 1553 2386 rc

218 2424 451 2516 praesumptio
465 2425 559 2491 laeso
569 2424 714 2504 faveret,
730 2445 800 2489 non
814 2423 959 2491 leosori:
978 2424 1288 2512 praesumebantur
1298 2423 1417 2512 igitur,
1434 2424 1553 2513 legem

218 2536 348 2599 ferente
365 2536 447 2612 Deo,
465 2552 554 2618 quae
574 2530 756 2618 absumpta
770 2529 923 2611 luerent,
942 2551 1079 2618 semper
1093 2529 1194 2597 fuisse
1214 2530 1249 2598 in
1271 2553 1332 2597 suo
1349 2553 1478 2618 genere
1494 2556 1554 2621 op-

216 2640 312 2704 time.
329 2635 592 2706 ·Restitutionem
604 2642 785 2725 praeterea
803 2635 930 2702 iactam
946 2657 1015 2702 esse
1035 2659 1098 2726 pro
1118 2641 1194 2704 rata
1208 2636 1342 2719 damni,
1361 2661 1424 2728 per
1443 2659 1477 2704 se
1494 2660 1552 2728 pa·

218 2751 277 2812 tet.
299 2749 386 2812 llaec
401 2743 455 2810 lex
469 2743 573 2832 plana
587 2747 652 2824 est,
674 2742 764 2808 iusta
782 2764 822 2808 ac
839 2741 980 2808 minime
995 2742 1173 2829 ambigua.
1198 2743 1338 2812 rldiecta
1357 2751 1548 2825 autemst,

219 2853 267 2918 uti
285 2850 507 2931 crediderim,
527 2849 572 2916 ab
587 2849 704 2939 aliquo
716 2853 826 2936 Moyse
841 2849 1030 2916 recentiore
1044 2849 1193 2938 penitior
1207 2849 1267 2916 sed
1279 2853 1360 2917 setis
1378 2853 1552 2940 superflua

218 2957 373 3024 criminis
390 2955 591 3046 descriptio,
617 2962 654 3022 ut
669 2953 807 3044 depasci
822 2976 946 3041 agrum
967 2955 1118 3022 alienum
1137 2956 1231 3024 idem
1250 2961 1351 3036 esset,
1367 2964 1470 3048 atque
1484 2959 1551 3023 im-

219 3063 353 3131 mittere
369 3063 523 3131 iumenta
537 3085 556 3128 e
571 3060 785 3148 negligentia
798 3062 836 3128 in
851 3083 975 3146 agrum
990 3062 1160 3146 alienum,
1182 3085 1290 3151 ecque
1309 3063 1353 3130 ab
1369 3085 1408 3130 eo
1428 3063 1549 3154 depas-

218 3169 326 3237 cendo
350 3191 421 3236 non
445 3167 642 3259 prohibere.
669 3191 701 3234 v.
728 3175 748 3232 6
774 3167 853 3233 «Si
878 3190 1029 3256 opressus
1053 3168 1146 3256 t'qnis
1175 3169 1344 3236 invenerit
1371 3169 1486 3260 spinas
1512 3198 1547 3254 a,

220 3306 236 3338 u
261 3297 376 3365 sepem
391 3274 586 3365 spinarum,
602 3296 671 3363 qua
682 3275 861 3363 sepiuntur
874 3280 1006 3360 segetes
1021 3303 1037 3337 »
1057 3273 1195 3365 (lans),
1213 3313 1257 3326 -
1273 3276 1377 3344 verba
1396 3276 1550 3366 produnt

219 3383 277 3470 agi
291 3382 463 3471 imprimis
477 3380 520 3447 dc
539 3380 699 3446 incendio
715 3379 1009 3446 involuntario-
1027 3410 1042 3442 u
1062 3393 1094 3447 et
1107 3381 1400 3472 cortprclsendcrit
1412 3405 1549 3450 acervos

213 3491 374 3578 fraqam,
397 3487 466 3554 sive
489 3499 616 3554 stantes
636 3499 765 3575 segetes
781 3486 818 3552 iri
842 3487 938 3574 apris
960 3515 994 3570 n,
1012 3527 1056 3538 -
1077 3489 1137 3554 sed
1161 3511 1224 3578 pro
1249 3489 1286 3555 in
1307 3489 1402 3578 apris
1420 3489 1549 3557 habent

218 3595 343 3684 reliqui
358 3594 427 3661 sire
450 3615 592 3683 aprum,
611 3598 722 3660 totum
743 3615 791 3659 se.
818 3613 942 3679 agrum
964 3615 1042 3660 oum
1064 3601 1194 3682 segete,
1217 3595 1400 3664 arboribus
1416 3604 1479 3664 etc.
1505 3635 1549 3645 —

219 3729 236 3764 κ
261 3700 379 3767 reddet
400 3699 581 3786 durantem,
603 3699 666 3788 qui
680 3699 796 3786 iqnem
811 3699 1026 3766 succenderit
1047 3728 1081 3781 n,
1098 3723 1169 3767 non
1189 3723 1269 3768 vero
1289 3702 1450 3792 duplum,
1466 3702 1548 3793 quia

216 3808 355 3875 fortuito
366 3806 457 3894 ignis
473 3802 677 3895 supponitur
693 3827 765 3872 osse
784 3810 920 3872 exortus
936 3805 1098 3895 (bitte).
1122 3810 1309 3897 Censetquc
1322 3810 1437 3898 Splo,
1454 3809 1547 3875 simi-

215 3915 284 3982 lem
300 3914 503 3980 sententiam
518 3911 601 3978 lerri
618 3911 848 3994 consuevisse,
875 3910 1016 4001 quando
1040 3913 1109 3980 alia
1131 3919 1266 4003 praeter
1280 3935 1381 4001 agros
1402 3916 1546 3982 fortuito

215 4019 374 4087 incendio
390 4020 665 4086 absumerentur.

251 4191 375 4242 liabetur
388 4203 457 4241 sane
471 4204 497 4240 v.
515 4191 529 4240 5
545 4205 588 4254 sq.
605 4191 682 4240 lusus
697 4191 771 4243 inter
783 4191 853 4241 duas
865 4191 1087 4254 significationes
1102 4193 1185 4243 tintus
1201 4193 1279 4245 verbi
1298 4199 1370 4258 nun,
1392 4195 1499 4259 deposci
1516 4201 1544 4248 et

215 4281 353 4330 incendere
369 4294 377 4328 .·
392 4294 419 4328 v.
437 4281 451 4329 5
467 4284 536 4338 't'nt
556 4278 641 4345 (Sam.
661 4277 771 4344 ttttlt),
787 4285 892 4339 muz,
908 4285 979 4341 2923
994 4293 1020 4330 V·
1040 4279 1055 4330 6
1072 4287 1172 4341 n'trzn
1187 4290 1231 4338 na
1247 4289 1361 4341 Wlffl-

287 4508 310 4551 γ.
323 4490 498 4538 Conclusiones
512 4491 575 4538 duae
589 4491 619 4538 de
633 4491 788 4551 reparatione
802 4505 847 4552 pro
860 4491 974 4552 deposito
989 4493 1056 4538 furto
1070 4492 1154 4540 ablato
1169 4494 1280 4541 factendu
1295 4493 1461 4556 Eam-13.

256 4697 272 4730 u
294 4669 385 4734 Duae
400 4671 579 4756 sequentes
593 4667 690 4753 leges
703 4674 783 4735 sunt
804 4667 847 4734 de
867 4667 1040 4756 deposito,
1061 4669 1158 4758 prior
1171 4671 1215 4737 de
1234 4669 1385 4760 deposito
1399 4673 1450 4739 rei
1463 4671 1541 4740 ina·

210 4775 375 4858 nimatse,
394 4773 604 4843 alteran1tt
625 4773 667 4842 de
683 4773 837 4864 deposito
856 4775 905 4841 rei
921 4774 1093 4841 animatae
1113 4803 1129 4838 t>
1149 4777 1311 4866 (Berua).
