3534 5384
738 356 787 400 nx.
812 340 991 408 38,21soo.

569 608 598 658 h.
620 608 775 673 computus
790 607 914 659 Ithamar
928 607 979 659 Ex.
1002 606 1148 669 sant-31.

242 804 325 891 Ara.
342 838 387 851 -
402 801 574 867 ithamaro
589 800 624 867 id
639 799 745 868 officii
761 798 918 867 attribuit
937 804 1079 887 Moyses,
1097 804 1135 865 ut
1154 803 1351 888 computum
1369 822 1534 889 expensa-

196 931 274 976 rum
288 907 474 1015 digereret.
484 907 644 975 Traditur
654 906 727 973 eius
739 912 921 995 computus
931 905 1047 996 quoad
1060 904 1200 973 metalla
1212 904 1379 995 pretiosa:
1395 928 1529 980 aurum,

197 1019 398 1102 argentum,
416 1036 485 1082 aes.

240 1143 273 1188 v.
293 1124 333 1187 21
352 1148 368 1182 u
385 1122 476 1187 llaec
491 1130 572 1186 stent
587 1120 814 1187 instrumenta
830 1116 1046 1185 tabernaculi
1063 1116 1267 1205 testimonii,
1289 1141 1377 1208 qrtue
1397 1141 1532 1185 enrune-

196 1241 275 1295 ruta
288 1239 368 1294 sunt
379 1226 478 1293 irrata
490 1239 711 1318 praeceptum
724 1224 838 1315 Moysi
852 1226 890 1292 in
901 1222 1100 1293 ceremoniis
1116 1252 1131 1285 »
1151 1263 1195 1275 -
1209 1239 1309 1297 ntur,
1329 1234 1383 1310 τὴν
1396 1234 1533 1313 λειτουρ-

197 1342 281 1422 γίαν,
306 1331 426 1401 Cltald.
441 1335 521 1423 Syr.
544 1321 649 1424 111510,
671 1353 755 1420 ergo
780 1359 796 1392 u
820 1333 857 1398 in
876 1331 1105 1398 ministerium
1130 1358 1146 1393 r
1169 1331 1279 1421 (Vct.)
1299 1370 1344 1383 —
1360 1359 1376 1392 a
1394 1330 1530 1398 Lect'la-

197 1464 290 1525 runt,
308 1462 375 1530 per
399 1460 543 1506 ntanum
559 1436 722 1525 ittuntur,
734 1438 807 1528 filii
824 1440 942 1504 Aaron
965 1435 1151 1504 sucerdotis
1169 1466 1199 1505 s,
1229 1451 1319 1531 'ripe
1350 1444 1440 1505 certe
1462 1460 1532 1504 non

198 1546 620 1635 significatinstrumenta,
636 1544 696 1611 sed
707 1556 904 1635 cornputum
919 1542 976 1633 (ef.
996 1549 1098 1626 30,1i
1113 1564 1208 1634 sqq.;
1224 1548 1324 1611 Num.
1344 1550 1418 1626 1,01
1436 1567 1530 1635 sqq.;

198 1659 255 1737 ·2,t
281 1654 373 1742 sqq.)
398 1654 516 1719 :LXX
537 1656 689 1735 σύνταξις,
714 1648 836 1719 olata.
861 1652 941 1739 Syr.
970 1671 1153 1735 nanterus,·
1174 1651 1407 1740 consentitque
1432 1650 1530 1739 Vuly.

197 1759 289 1826 illico
308 1782 371 1860 sps
387 1764 523 1825 vertens
537 1768 737 1824 enumerata
750 1769 842 1827 sunt.
864 1760 1022 1823 Ceterum
1041 1756 1141 1846 Vulq.
1158 1778 1293 1823 versum
1308 1757 1530 1847 interpretata

198 1873 247 1958 est
265 1866 456 1933 clausulam
479 1863 779 1954 praecedentium,
803 1863 987 1930 elenchum
1012 1862 1321 1941 instrumentorum
1336 1884 1530 1941 sacrorum,

201 2002 217 2033 «
234 1972 330 2039 cuius
346 1969 491 2038 indiculi
499 1970 648 2038 faciendi
672 1992 754 2038 cura
774 1969 984 2037 demandata
1006 1975 1056 2036 est
1074 1970 1238 2053 ithamar,
1263 1969 1337 2036 filio
1353 1972 1498 2036 aaronis
1515 1999 1530 2031 »

199 2078 365 2169 (Barsa).
381 2082 422 2145 it
433 2076 606 2145 indiculus
626 2076 683 2143 hic
697 2075 903 2143 verbotenus
918 2076 990 2142 fere
1006 2075 1130 2166 repetit
1143 2076 1219 2167 cap.
1234 2078 1336 2143 25-27
1349 2075 1529 2167 descripta,

198 2208 287 2274 qnae
314 2182 513 2251 immediate
532 2205 554 2249 a
574 2189 641 2249 Deo
666 2182 807 2250 edoctus
827 2188 901 2249 erat
920 2186 1063 2269 MoyseS,
1081 2182 1180 2250 nulla
1194 2182 1360 2249 ithamari
1377 2182 1533 2249 adhibita

199 2312 274 2379 ope.
305 2290 420 2357 tielius
439 2292 566 2360 Moror.
593 2311 720 2357 novam
744 2311 776 2354 v.
800 2295 842 2355 21
864 2289 1069 2379 parascham
1093 2288 1284 2370 ordiuntur,
1307 2294 1346 2355 ut
1370 2312 1402 2356 v.
1425 2295 1465 2356 21
1490 2288 1532 2355 sit

197 2397 374 2485 inscriptio
392 2395 610 2485 sequentium
626 2418 657 2463 v.
674 2401 777 2463 itt-31
795 2400 828 2462 et
844 2421 861 2455 u
882 2394 1021 2461 rubrica
1042 2392 1303 2462 subiuncturum
1319 2416 1533 2461 summarum

198 2502 290 2584 auri,
308 2504 444 2590 argenti
463 2506 498 2568 et
511 2501 601 2568 aeris
617 2529 633 2562 r
653 2501 769 2590 (Gai).
786 2505 850 2569 Has
868 2506 986 2569 autem
1003 2510 1154 2568 summas
1169 2500 1389 2569 metallorum
1404 2502 1532 2591 pretio-

198 2630 314 2678 sorum
338 2608 596 2676 concinnandas
619 2606 788 2675 commisit
809 2613 935 2696 Moyses
958 2607 1144 2675 ithamaro.
1167 2611 1371 2698 sequentem
1397 2630 1532 2674 versum

200 2717 300 2784 Hebr.
323 2715 475 2782 adnectit
496 2713 618 2805 copula
640 2726 689 2795 et,
710 2736 815 2803 quam
840 2718 919 2803 apte
952 2712 1053 2804 Vulq.
1077 2713 1179 2781 vertit
1202 2737 1291 2804 quae
1314 2737 1327 2780 .·
1349 2719 1464 2781 mouet
1483 2738 1529 2780 sc.

199 2826 367 2904 narrator,
378 2821 460 2887 (lum
475 2822 627 2888 {thamar
642 2819 817 2887 adhibitus
834 2819 877 2887 sit
890 2820 1131 2908 computandis
1145 2820 1309 2903 metallis,
1327 2820 1532 2887 Beseleelem

198 2928 242 2995 iis
260 2927 427 2995 cudendis
441 2932 474 2993 et
485 2925 670 2993 fundendis
689 2925 882 3006 insudasse;
899 2925 1070 3015 simulque
1085 2948 1213 2993 nomen
1227 2926 1344 2993 Ooliah
1366 2926 1533 2992 adscribi-

199 3040 268 3115 tur,
286 3034 346 3122 qui
369 3035 408 3099 in
426 3033 502 3098 aliis
521 3031 623 3099 rebus
645 3031 809 3123 parandis
831 3030 1010 3099 Beseleelis
1025 3032 1152 3100 exstitit
1165 3032 1303 3099 adiutor
1315 3031 1530 3122 praecipuus

200 3162 234 3207 v.
252 3145 295 3205 00
315 3168 329 3198 «
349 3140 443 3219 Quae
460 3137 619 3223 Brselerl,
632 3138 728 3229 filius
752 3138 811 3205 Uri
822 3136 895 3228 filii
908 3140 995 3223 Har,
1019 3136 1060 3205 cle
1083 3138 1172 3204 tribu
1188 3136 1293 3223 Incla,
1311 3137 1457 3205 Domino
1471 3160 1535 3229 per

200 3248 343 3334 Moysen
358 3245 493 3312 iubente
515 3244 740 3335 compleverat
761 3272 796 3327 »,
814 3267 847 3311 v.
869 3249 911 3312 03
936 3273 952 3308 a
976 3244 1091 3312 iuncto
1107 3243 1174 3311 sibi
1194 3246 1283 3312 socio
1304 3243 1440 3329 Oolrbb,
1457 3244 1533 3335 filio

200 3350 442 3432 Acbisameclt‚
454 3349 597 3417 detribu
610 3354 703 3434 Dan,
720 3352 823 3440 quiet
833 3350 906 3441 ipse
921 3350 1054 3440 artifex
1064 3351 1240 3441 liqnorum
1255 3350 1437 3441 [eyreqius]
1445 3351 1531 3439 suit,

200 3472 232 3523 rt
253 3456 500 3549 polymitarius
522 3469 625 3547 atque
639 3455 840 3548 plaetorius
862 3480 905 3523 cu
930 3456 1139 3544 hyacintho,
1149 3480 1328 3549 puerpura,
1348 3456 1533 3524 vermiculo

201 3577 233 3632 et
248 3567 343 3653 bysso
362 3592 392 3632 ».

245 3677 315 3739 lam
331 3675 517 3759 computus
531 3670 626 3751 auri,
643 3668 779 3756 argenti
798 3676 832 3735 et
855 3671 943 3737 aeris
962 3670 1181 3737 describitur.
1200 3694 1233 3737 v.
1251 3677 1293 3739 it
1313 3700 1327 3734 a
1352 3673 1458 3738 Onrne
1471 3695 1534 3737 arr-

201 3798 296 3862 rum,
317 3776 412 3865 quod
422 3798 608 3867 expensum
623 3787 673 3841 est
692 3776 729 3841 in
747 3798 845 3866 opere
863 3776 1071 3860 sanctuarii,
1090 3779 1136 3862 iet
1151 3776 1246 3865 quod
1255 3776 1406 3844 oblatum
1422 3778 1480 3862 est]
1499 3778 1534 3840 in

201 3880 372 3969 donariis,
392 3883 521 3973 uiqinti
536 3904 659 3949 nouem
680 3881 889 3948 talentorum
910 3882 985 3972 [ecit
1009 3895 1043 3948 et
1067 3882 1362 3971 septinqentorum
1388 3879 1534 3972 triqinta

200 3987 380 4073 siclorum,
395 3988 443 4055 acl
458 4012 655 4056 mensnram
671 3987 912 4071 sanctuarii»,
929 3987 973 4054 de
992 4010 1061 4077 qua
1073 3987 1274 4056 dicebamus
1289 3988 1333 4055 ad
1349 3993 1463 4071 30,13.
1477 3994 1531 4054 et.

202 4097 247 4159 Ex
262 4099 364 4177 00,Ξῖ
377 4099 489 4183 patet,
510 4108 607 4162 autin
628 4098 661 4160 et
679 4109 782 4160 autin
799 4116 869 4162 esse
884 4116 1075 4183 synonyma
1096 4118 1103 4163 :
1121 4094 1218 4185 prior
1229 4117 1294 4161 vox
1308 4095 1344 4160 h.
1361 4094 1385 4160 l.
1401 4101 1474 4161 etv.
1493 4101 1534 4159 eu

202 4199 406 4280 adhibetur3
425 4202 467 4267 cf.
484 4200 568 4267 item
590 4206 704 4281 3500.
723 4208 777 4268 it.

238 4399 282 4450 Ad
296 4399 378 4461 30,13
393 4398 569 4459 dicebamus,
583 4400 683 4451 siclum
703 4402 812 4463 argenti
827 4400 952 4464 pondere
971 4411 1108 4464 aequasse
1132 4399 1161 4449 11
1180 4412 1299 4463 gramm.
1317 4402 1361 4462 55,
1375 4404 1466 4466 pretio
1479 4400 1536 4450 iere

202 4486 268 4539 tir.
282 4488 326 4539 93.
341 4487 433 4539 Versu
448 4488 483 4538 25
499 4502 541 4553 sq.
559 4490 653 4539 texitis
672 4488 787 4539 hebraei
802 4488 944 4550 docemur,
962 4489 1035 4539 viros
1051 4488 1156 4539 603550
1171 4489 1290 4541 solvisse
1305 4490 1412 4540 talenta
1426 4490 1535 4553 argenti

204 4576 254 4627 100
269 4579 297 4627 et
309 4578 395 4627 siclos
413 4576 480 4627 1775
486 4583 528 4637 ;·0
543 4577 624 4637 30,13
647 4581 822 4641 compertum
841 4578 992 4635 habemus,
1008 4578 1085 4627 viros
1103 4578 1232 4641 singulos
1252 4578 1438 4629 contribuisse
1454 4578 1535 4627 dimi-

202 4665 278 4715 dium
290 4665 398 4717 siolum.
415 4664 490 4729 Ergo
508 4665 557 4716 100
571 4666 688 4727 talenta,
703 4665 805 4716 additis
826 4665 893 4715 1775
913 4666 991 4715 siclis
1006 4684 1038 4708 =
1057 4662 1162 4743 Q
1176 4679 1228 4717 seu
1248 4666 1351 4717 301715
1371 4666 1443 4717 sicli.
1460 4665 1534 4727 Ergo

201 4763 338 4815 talentum
357 4763 418 4814 erat
437 4762 506 4813 3000
525 4762 658 4813 siclorum
665 4776 673 4823 ;
690 4763 775 4827 idque
796 4764 871 4813 valet
892 4762 926 4812 de
947 4762 1052 4812 talento
1070 4768 1126 4813 tam
1145 4764 1205 4813 auri
1225 4776 1310 4829 quam
1330 4764 1453 4827 argenti,
1470 4776 1533 4812 curu
