3534 5384
263 315 301 375 aa
710 332 820 375 narsis
841 332 920 375 acra
943 330 974 374 m
993 330 1141 376 suasero.

308 488 340 532 v.
357 470 399 530 25
425 493 440 524 «
461 462 666 553 Impletiqae
685 477 766 532 sam
783 477 912 555 septem
934 464 1022 549 dies,
1034 464 1220 554 postquam
1239 462 1410 554 percussit
1431 464 1596 531 Dominus

259 570 409 661 steroinm
437 597 465 637 ».
488 575 566 636 Post
589 571 681 638 hune
706 592 843 640 versum
871 574 1012 639 notatur
1035 570 1217 660 parasoha;
1243 576 1354 637 textus
1378 575 1597 637 veronoster

262 678 361 744 hebr.
378 686 559 765 sequentes
579 683 727 769 quatuor
747 700 863 745 versus
882 677 1022 745 trahens
1042 677 1088 744 ad
1111 699 1185 767 cap.
1212 684 1242 760 7,
1263 682 1461 744 contextum
1478 698 1597 743 narra-

261 784 362 851 tionis
389 806 474 850 eum·
488 792 544 866 8‚5
565 808 639 875 sqq.
657 785 776 874 utique
796 785 948 871 ignorat.
966 783 1135 873 Equidem
1155 786 1351 873 putaverim
1374 790 1453 867 7,ἓὸ
1474 784 1595 849 intime

262 890 477 977 iungendum
494 914 567 960 esse
580 914 659 959 cum
678 897 733 975 8,1
754 914 761 959 :
786 891 1008 981 Impletisque
1023 890 1145 957 diebus
1162 896 1309 979 septem,
1325 896 1506 979 postquam
1520 910 1597 979 per-

262 996 364 1064 cussit
382 998 543 1066 Dominus
563 998 723 1081 flavium,
751 997 837 1065 dixit
855 999 1019 1064 Dominus
1037 1002 1102 1065 ete.
1122 996 1257 1086 (Tusa).
1279 1002 1330 1065 lta
1351 996 1395 1063 de
1415 996 1597 1063 duratione

262 1102 395 1192 primae
411 1104 534 1193 plagae
547 1103 635 1171 illud
644 1108 776 1171 tantum
792 1102 965 1185 definitur,
983 1102 1125 1170 durasse
1135 1124 1211 1171 eam
1223 1109 1356 1193 septem
1372 1103 1492 1169 saltem
1505 1102 1595 1185 dies;

263 1209 477 1299 probabilius
501 1210 630 1279 diutius
644 1210 782 1278 duravit
802 1209 937 1299 fuitque
956 1210 1076 1276 saltem
1094 1210 1269 1298 sequentis
1287 1209 1414 1299 plagae
1429 1208 1593 1299 aequalis.

263 1338 379 1399 titur,
399 1317 493 1406 quod
511 1318 624 1383 solum
640 1321 691 1383 Ps.
709 1324 751 1384 ’Π
774 1316 865 1405 (78),
886 1323 943 1395 t5;
964 1321 1026 1382 tot
1044 1314 1155 1407 (105),
1173 1321 1228 1397 30,
1249 1316 1332 1383 loeis
1346 1316 1437 1383 hanc
1453 1315 1596 1405 plagam

264 1420 530 1505 celebrantibus,
542 1424 683 1509 legitur,
696 1421 912 1511 probabilius
927 1423 1064 1512 (Frons.
1078 1421 1248 1489 Delitzscli
1257 1444 1270 1488 .·
1279 1427 1498 1489 Kommentar
1509 1421 1597 1488 uber

265 1527 320 1595 die
331 1529 502 1612 Psalmen,
516 1537 550 1597 t*
563 1529 617 1596 ed.
632 1528 771 1619 Leipzig
784 1533 882 1610 1883,
898 1551 932 1619 p.
950 1528 1298 1619 aeneasannos
1312 1528 1478 1596 bufonem
1493 1527 1596 1595 etiam

265 1634 423 1722 designat
434 1658 450 1717 ,τ
468 1658 513 1703 an
524 1636 552 1701 is
570 1636 605 1703 h.
620 1635 645 1703 l.
661 1635 767 1703 etiam
782 1637 1005 1724 exprimatur,
1024 1658 1093 1702 non
1107 1635 1228 1727 liquet.
1244 1640 1346 1703 Porro
1360 1640 1516 1725 tempore
1532 1656 1594 1701 an·

265 1764 356 1808 nuae
382 1741 618 1809 inundationis
641 1740 939 1831 frequentissimae
957 1742 994 1807 in
1019 1747 1175 1833 Aegypto
1194 1747 1273 1810 sunt
1303 1764 1426 1825 ranae,
1456 1739 1596 1807 vocibus

265 1869 425 1914 somnum
441 1848 628 1937 dispellunt
647 1870 655 1917 :
677 1848 850 1938 sapienter
867 1848 974 1935 igitur
990 1852 1106 1915 monet
1130 1847 1237 1916 Galm.
1246 1902 1257 1936 ,
1277 1853 1479 1938 portentum
1500 1846 1594 1915 cerni

265 1975 336 2019 non
350 1953 470 2021 tamin
485 1977 523 2022 re
536 1977 641 2045 quam
652 1954 690 2022 in
702 1954 820 2038 modo,
837 1954 875 2021 in
887 1976 1049 2021 ranarum
1066 1976 1114 2023 sc.
1128 1955 1268 2025 insolita
1283 1977 1423 2045 prorsus
1438 1955 1596 2042 frequen·

268 2060 316 2127 tia
328 2059 372 2126 ad
387 2062 507 2149 Iloysis
525 2083 644 2129 vocem
658 2060 915 2151 pullulantium.

312 2169 395 2255 Cap.
418 2169 498 2234 VIII
512 2190 544 2235 v.
562 2174 578 2234 1
602 2194 618 2227 κ
639 2166 737 2233 Dicit
760 2189 895 2256 quoqne
908 2168 1074 2235 Dominus
1091 2166 1139 2234 ad
1159 2170 1303 2257 Moysen
1323 2188 1335 2232 .·
1352 2165 1534 2255 Ingredere
1547 2164 1596 2232 ad

267 2271 484 2340 Pharaonem
499 2285 531 2339 et
550 2272 641 2340 dices
656 2272 704 2339 ad
725 2294 803 2339 enm
818 2294 831 2338 :
850 2276 943 2341 Haec
962 2273 1049 2341 dicit
1062 2276 1229 2341 Dominus
1246 2298 1253 2340 :
1271 2274 1412 2341 Dimitte
1424 2272 1593 2363 popnlam

270 2391 456 2463 uterimei
476 2380 645 2467 sacrificet
668 2378 756 2446 nati
771 2407 803 2447 o.
823 2381 871 2447 Cf.
894 2385 971 2463 5,a;
989 2385 1081 2462 7,16.
1097 2402 1130 2448 v.
1157 2388 1210 2445 2«
1231 2380 1295 2447 Sin
1316 2392 1431 2447 nartem
1446 2378 1595 2446 nolueris

266 2483 457 2567 dimittere,
485 2508 559 2553 eece
582 2508 645 2576 epo
662 2486 858 2575 percutiam
881 2506 996 2553 omnes
1020 2486 1183 2553 terminos
1206 2499 1281 2553 taos
1299 2488 1392 2553 ranis
1418 2514 1448 2553 ι.
1466 2488 1591 2552 Moser.

265 2597 299 2658 et
312 2593 404 2658 LXX
415 2592 612 2682 exprimunt
626 2590 810 2659 articulum
827 2612 835 2658 :
852 2592 1008 2681 quaestio
1022 2596 1072 2659 est
1086 2592 1336 2682 punctationis,
1355 2590 1594 2659 difficultatem

263 2697 395 2766 habens
417 2698 563 2765 nullam.
591 2727 607 2760 a
639 2699 693 2765 Sic
719 2720 740 2765 a
770 2700 862 2766 ranis
886 2698 1062 2766 civitatem
1091 2700 1128 2765 in
1154 2699 1261 2767 Gallia
1287 2700 1422 2789 pulsam
1450 2720 1489 2765 ex
1518 2702 1596 2764 Var-

264 2826 348 2871 rone
366 2806 484 2871 scribit
497 2805 627 2872 Plinius
647 2809 724 2871 VIII.
747 2811 804 2888 29,
823 2808 857 2871 et
873 2804 1054 2872 Abderitas
1068 2820 1212 2896 propter
1227 2805 1466 2878 intolerandae
1482 2804 1595 2871 multi·

265 2910 397 2978 tudinis
421 2934 522 2980 ranas
545 2918 579 2980 et
603 2933 734 2994 mures,
756 2910 877 2979 relicto
897 2912 1009 3001 patrio
1031 2910 1103 2978 solo
1132 2916 1165 2979 et
1196 2912 1347 2999 antiquis
1370 2910 1591 2993 habitaculis,

266 3017 452 3105 emigrasse
468 3040 641 3109 novasque
658 3017 756 3085 sedes
771 3018 953 3107 quaesiisse
971 3018 1095 3086 Paulus
1115 3016 1251 3085 Orosius
1276 3022 1329 3085 III.
1353 3024 1395 3084 23
1417 3046 1431 3077 ι)
1457 3016 1592 3107 (Syia).

270 3122 387 3191 Simile
401 3125 487 3214 quid
507 3125 549 3192 de
566 3125 711 3191 Paeonia
730 3130 764 3190 at
780 3124 950 3191 Dardania
967 3123 1073 3192 tradit
1090 3124 1284 3191 Athenaeus
1303 3127 1383 3191 VIII.
1405 3129 1424 3190 6
1439 3123 1449 3212 (
1455 3122 1593 3213 Calon).

267 3254 299 3298 v.
315 3239 335 3297 3
350 3258 366 3291 «
387 3234 434 3297 Ec
452 3230 591 3298 edirlliet
609 3259 643 3316 r,
665 3230 689 3296 i.
714 3252 744 3297 e.
771 3257 787 3291 ι(
809 3229 976 3321 producet
997 3232 1035 3298 in
1050 3230 1199 3297 maxima
1217 3232 1318 3322 copia
1343 3258 1359 3293 a
1380 3232 1474 3321 (Vnt.
1496 3234 1529 3297 et
1548 3230 1592 3297 cl.

267 3340 348 3404 Gen.
364 3337 469 3426 130),
484 3364 500 3397 ι(
519 3336 650 3427 flaccius
664 3363 680 3397 ι)
693 3337 861 3426 itemque,
874 3337 996 3427 quode
1009 3359 1041 3404 v.
1057 3343 1076 3403 5
1092 3336 1281 3424 colligitur,
1298 3336 1433 3405 canales
1447 3342 1481 3404 et
1496 3335 1594 3426 palu-

267 3443 343 3527 des,
361 3470 379 3505 «
393 3466 516 3525 ranas,
529 3465 619 3532 qnae
633 3442 818 3510 ascendent
834 3470 850 3502 u
868 3444 911 3511 de
927 3442 1026 3533 aquis
1047 3442 1089 3533 (T
1089 3442 1168 3533 ost.)
1188 3473 1203 3505 a
1226 3457 1258 3511 et
1277 3442 1517 3532 inqredientm·
1535 3440 1596 3509 do-

266 3571 363 3617 mam
378 3562 475 3615 taam
492 3576 527 3635 »,
542 3586 587 3601 -
599 3552 695 3617 Sam.
711 3552 803 3617 LXX
807 3550 937 3617 inserto
947 3550 1007 3617 iod
1017 3550 1092 3633 ,sed
1104 3550 1216 3617 minus
1230 3550 1466 3639 probabiliter,
1478 3549 1595 3616 domos

266 3669 343 3723 tuas
361 3692 406 3706 -
420 3684 437 3718 ιι
472 3668 505 3722 et
535 3654 730 3723 enbiealnm
746 3682 762 3716 o
785 3654 842 3745 (ci.
860 3658 944 3724 Gen.
974 3662 1092 3738 t3‚30;
1110 3658 1205 3724 Sam.
1234 3658 1326 3723 LXX
1349 3678 1485 3724 rursum
1511 3655 1595 3725 sori-

266 3763 354 3830 bunt
362 3761 545 3852 pluralem)
561 3789 577 3823 a
591 3760 785 3845 lectulitai,
797 3773 939 3851 etsaper
950 3774 1203 3829 stratumtaam
1213 3791 1230 3825 o
1245 3762 1355 3853 (Sam.
1370 3765 1462 3830 LXX
1470 3762 1592 3853 plan),

266 3892 354 3959 quae
370 3890 435 3936 vox
450 3874 532 3937 Gen.
548 3874 648 3950 mal
670 3871 813 3935 stratum
830 3866 1007 3954 designat,
1029 3868 1067 3935 in
1088 3891 1157 3958 quo
1172 3875 1334 3956 aegrotus
1353 3869 1546 3950 decumbit;
1564 3874 1597 3935 et

266 3975 369 4042 etiam
383 3975 419 4044 h.
440 3976 465 4041 l.
481 3974 609 4041 lectum
630 3974 804 4061 designat,
824 3996 895 4040 non
911 3996 992 4041 vero
1005 3980 1167 4059 stratum,
1184 3976 1304 4066 inquo
1324 3976 1401 4065 quis
1416 3975 1527 4066 epulis
1542 3996 1597 4041 ac-

269 4082 409 4148 cumbat
425 4080 563 4171 (Tusa),
585 4101 664 4147 cum
686 4080 849 4172 Aegyptii
870 4080 1037 4149 sedilibus
1055 4103 1114 4149 seu
1130 4081 1263 4149 thronis
1281 4083 1318 4149 in
1342 4080 1506 4149 conviviis
1521 4086 1559 4147 ut
1580 4118 1596 4130 -

265 4191 394 4253 rentur.
417 4187 568 4254 Habetur
581 4208 665 4274 ergo
685 4186 740 4254 his
753 4186 929 4274 gradatio,
947 4192 985 4254 ut
1002 4208 1108 4254 ranae
1125 4192 1367 4277 persecuturae
1385 4189 1452 4254 sint
1466 4188 1596 4255 Phara-

266 4313 367 4359 onem
380 4294 472 4359 intra
486 4292 646 4375 domum,
662 4294 699 4359 in
714 4294 874 4360 conclave
890 4292 1052 4377 interius,
1067 4293 1104 4359 in
1123 4293 1237 4383 ipsum
1249 4294 1388 4363 lectum.
1404 4298 1476 4362 lam
1490 4294 1597 4384 plaga

266 4397 311 4465 ad
330 4398 399 4466 alia
420 4398 523 4466 etiam
541 4398 749 4482 extenditur,
772 4422 819 4466 sc.
841 4400 886 4467 ad
907 4398 1024 4466 domos
1037 4400 1163 4489 (minus
1180 4400 1330 4467 -feliciter
1349 4404 1452 4468 Hebr.
1472 4400 1559 4469 Cisal
1570 4399 1594 4467 l.

266 4507 346 4594 Syr.
382 4504 535 4595 dorrmm)
565 4527 741 4572 servornm
767 4504 987 4596 universique
1005 4504 1124 4595 populi
1153 4506 1230 4597 (pro
1250 4528 1354 4603 qnam
1370 4510 1462 4574 LXX
1485 4506 1598 4574 verius

266 4636 348 4708 'pum
365 4640 372 4681 ε
389 4612 488 4679 facile
504 4634 566 4679 ev.
586 4619 604 4680 t
619 4612 757 4702 irrepsit
772 4622 819 4700 ιι),
838 4612 882 4678 ad
894 4612 1016 4701 [terreos
1031 4611 1130 4702 (ann,
1146 4634 1249 4701 quem
1263 4634 1401 4680 sensum
1414 4636 1478 4681 vox
1493 4614 1597 4681 etiam

265 4717 301 4785 in
321 4719 442 4806 lingua
462 4719 576 4786 chald.
600 4719 720 4802 habet;
745 4718 899 4808 depictos
918 4740 998 4786 vcro
1019 4718 1188 4785 eiusmodi
1208 4720 1325 4787 furnos
1345 4719 1452 4786 habes
1473 4723 1594 4803 Ebers,
