3534 5384
707 425 773 469 rev.
796 409 866 480 8‚3t
892 423 958 476 soo.
1446 374 1524 472 403,
1654 381 1656 392 “
1698 427 1745 504 :32⁹

170 563 379 655 aspersionis
406 561 532 629 elarius
557 580 752 649 proponens
778 579 786 625 :
811 569 843 623 et
869 555 1078 623 consecrauit
1098 557 1214 622 Aaron
1241 569 1280 623 et'
1301 557 1504 626 uestimento

169 673 259 751 eires,
272 683 306 736 et
316 669 406 761 filios
421 668 495 734 eius
507 678 540 732 et
559 665 759 733 uestimenta
772 685 890 730 eorum
905 685 983 729 cum
995 685 1045 730 eo.
1065 685 1097 729 v.
1115 669 1156 730 31
1175 689 1191 724 α
1210 665 1362 753 Cumque
1375 666 1503 733 soncti-

166 780 302 869 fieosset
314 799 368 843 eos
384 776 421 841 iu
434 772 560 841 uestitu
574 771 840 862 suo,pruecepit
854 769 901 836 eis
917 769 1033 836 (licem
1047 790 1059 834 :
1072 768 1212 858 Coquite
1227 793 1344 836 eomer
1363 798 1398 854 o,
1415 796 1503 862 quae
1591 799 1593 806 ‹
1693 775 1696 786 ’
1725 737 1762 790 ⁹³

170 888 354 974 supersunt
367 880 515 972 demptis
527 879 584 956 iis,
606 899 693 969 quae
712 877 749 943 in
768 877 868 944 attari
892 875 1147 957 cremabantur,
1167 880 1202 942 et
1220 875 1360 967 dempta
1384 880 1504 966 Moysis

169 997 267 1082 porte
293 989 436 1079 (Splv.),
458 1015 475 1049 «
503 998 584 1053 oute
607 985 701 1073 fores
723 982 955 1065 tabernaculi,
984 994 1017 1048 et
1044 981 1092 1048 ibi
1116 981 1282 1050 comedite
1304 1007 1374 1051 eos.
1395 989 1505 1052 Penes

171 1120 305 1188 quoque
322 1092 586 1163 consecrationis
604 1089 710 1174 edite,
733 1090 796 1180 qui
801 1089 910 1180 positi
923 1100 1005 1156 suut
1023 1089 1060 1154 iu
1080 1087 1247 1170 canistro,
1261 1090 1349 1156 sieut
1365 1114 1504 1180 proece-

167 1205 225 1296 pit
244 1203 332 1270 milti
347 1201 541 1288 [Dominus]
564 1197 681 1264 diceus
700 1218 714 1262 .·
728 1199 846 1263 Aaron
860 1207 893 1261 et
913 1194 984 1284 plu·
1003 1194 1076 1262 eius
1090 1193 1268 1262 comedent
1283 1218 1338 1262 eos
1358 1223 1388 1264 o.
1405 1201 1506 1265 Recte

171 1312 264 1378 LXX
281 1309 383 1398 Vulp.
404 1307 525 1376 etate.
541 1308 622 1394 Syr.
641 1318 726 1400 'W
739 1315 960 1394 praeceptum
985 1313 1033 1368 est
1051 1301 1155 1388 milei,
1179 1303 1255 1370 loeo
1274 1305 1400 1370 Moser.
1424 1319 1507 1392 turp

169 1420 349 1511 praecipio
367 1442 440 1509 epo.
467 1440 500 1484 v.
527 1423 570 1483 32
594 1444 611 1479 «
638 1417 819 1508 Quidquid
837 1431 954 1484 outem
978 1415 1148 1508 reliquum
1160 1418 1273 1507 suerit
1292 1417 1334 1486 de
1353 1441 1456 1487 eume
1475 1433 1507 1486 et

169 1527 337 1618 punitur,
354 1525 446 1615 ipuis
460 1528 616 1591 absumet
638 1553 668 1590 ».

505 1783 528 1827 γ.
542 1764 691 1814 Solemnitas
704 1765 820 1825 septiduo
833 1763 1001 1812 eontinuando
1015 1765 1075 1813 Lev.
1087 1767 1190 1826 8,33-36.

216 1968 249 2012 ν.
274 1953 316 2012 33
343 1971 360 2006 α
388 1947 436 2010 De
455 1944 540 2010 ostio
562 1965 699 2034 quoque
721 1942 935 2010 tabernaculi
962 1966 1032 2008 uon
1056 1943 1191 2009 euibitis
1212 1956 1337 2033 septem
1365 1942 1505 2025 diebus,

173 2075 281 2141 usque
296 2049 345 2117 od
353 2049 445 2117 diem
460 2072 528 2140 quo
545 2049 771 2138 complebitur
787 2062 920 2139 tempus
935 2048 1199 2116 couseerutiouis
1216 2061 1367 2132 oestroe;
1380 2062 1508 2140 septem

172 2160 265 2226 euim
284 2157 402 2223 diebus
417 2156 566 2245 [finitur]
584 2156 791 2224 consecratio
816 2184 847 2224 ».
864 2156 967 2223 Heu.
992 2176 1005 2220 .·
1020 2155 1208 2246 implentur
1221 2178 1345 2223 uranus
1359 2170 1503 2244 vestroe,

173 2267 196 2332 i.
214 2289 244 2331 e.
268 2263 472 2354 producitur
487 2268 602 2330 vestro
622 2263 860 2330 consecratio:
883 2267 916 2329 et
940 2262 1026 2330 haee
1048 2269 1099 2329 est
1119 2262 1207 2331 ratio
1229 2286 1300 2330 non
1320 2263 1506 2331 excedendi

172 2369 414 2452 tabernaculo,
436 2370 518 2460 quio
532 2391 577 2436 so.
599 2368 865 2437 consecrationis
879 2368 964 2436 ritus
978 2368 1135 2436 nondum
1150 2376 1200 2436 est
1214 2371 1402 2438 absolutus.
1416 2394 1447 2438 v.
1464 2377 1506 2438 :tt

174 2506 191 2539 «
205 2478 303 2547 Sicut
316 2490 349 2543 et
356 2477 677 2566 impraesentiarum
687 2477 821 2565 foetum
835 2489 895 2560 est,
912 2488 952 2541 ut
964 2476 1224 2565 ritussuuifict'i
1233 2477 1459 2566 compleretur
1477 2507 1505 2544 ».

176 2587 275 2652 Hebr.
295 2607 306 2650 .·
325 2582 494 2650 Sicutltoe
509 2583 564 2651 die
576 2586 787 2673 factumest,
801 2581 979 2672 proecepit
993 2583 1096 2649 ratu
1111 2597 1151 2649 ut
1161 2584 1259 2672 fieret
1273 2584 1417 2674 reliquis
1431 2585 1505 2652 die-

174 2690 253 2765 bus,
275 2689 323 2757 od
346 2713 403 2756 ros
422 2689 645 2779 eripiundum.
665 2695 723 2756 Ex.
749 2695 852 2771 2953ss
876 2688 1087 2756 sucrificium
1112 2712 1176 2779 pro
1199 2697 1339 2780 peceato
1360 2690 1505 2778 singulis

172 2797 322 2888 septidui
350 2796 471 2864 diebus
492 2797 608 2863 offerri
630 2795 771 2863 iubetur
793 2816 800 2862 :
824 2817 864 2861 ex
884 2799 1003 2861 nostro
1025 2817 1124 2861 versu
1142 2795 1268 2863 inferre
1290 2795 1384 2878 lieet,
1403 2799 1503 2863 etiarn

173 2904 308 2994 reliquo
327 2902 444 2969 omnia
460 2925 531 2968 esse
549 2902 705 2990 repetito.
725 2924 757 2967 v.
780 2908 822 2968 35
851 2928 867 2962 «
886 2899 1005 2966 Dieuc
1024 2912 1121 2966 uoete
1139 2929 1155 2962 »
1177 2900 1332 2991 septiduo
1355 2929 1371 2964 u
1387 2925 1505 2970 muue-

174 3009 253 3074 bitio
272 3009 310 3074 iu
331 3007 550 3076 tobuuocuto
579 3035 594 3069 »
615 3013 650 3073 et
674 3029 744 3074 non
759 3006 893 3073 exibitis
911 3006 957 3096 (v,
980 3005 1053 3090 33),
1079 3035 1094 3068 «
1110 3010 1322 3075 observantes
1336 3009 1504 3078 emtodius

173 3115 314 3182 Doutiui
334 3142 369 3196 »,
384 3153 431 3164 -
447 3113 616 3205 expressio
632 3113 762 3204 petitur
776 3135 797 3180 a
813 3112 982 3180 militibus
1000 3111 1033 3202 (t
1055 3119 1138 3201 Reg.
1162 3121 1240 3197 11,5
1255 3135 1325 3204 sq.;
1342 3120 1384 3183 Ie.
1401 3121 1500 3198 21,8;

175 3221 259 3288 Hab.
277 3228 332 3305 2,1
347 3221 427 3309 etc.)
438 3272 446 3304 ,
457 3225 559 3309 atque
574 3218 662 3286 illud
674 3224 764 3286 certe
776 3219 949 3308 exprimit,
965 3219 1125 3288 noctibus
1135 3220 1247 3288 virum
1260 3224 1379 3289 saltem
1393 3245 1501 3290 unum

175 3328 315 3416 vigilem
330 3349 401 3394 esse
424 3333 641 3416 oportere-
662 3353 678 3387 «
699 3349 742 3393 ue
756 3326 959 3394 moriomiui
974 3349 986 3391 .·
1005 3327 1054 3392 sie
1074 3327 1167 3394 euim
1183 3328 1270 3394 mitt
1279 3342 1503 3419 praeceptum

177 3447 225 3501 est
240 3461 270 3500 o.
291 3436 391 3500 Hebr.
409 3455 423 3498 .·
438 3445 470 3498 et
482 3456 552 3499 uou
566 3431 773 3500 moriemini.
796 3436 870 3502 Non
886 3432 1059 3517 dicuntur,
1077 3433 1105 3499 si
1119 3433 1256 3521 vigilios
1269 3437 1500 3523 neglexerint,

176 3565 247 3608 esse
273 3540 430 3608 morituri
452 3561 459 3607 :
483 3537 544 3606 sed
565 3544 762 3616 monentur,
784 3562 828 3607 ne
856 3543 1002 3606 mortem
1028 3544 1222 3628 vereantur,
1244 3549 1316 3609 tem
1337 3545 1502 3611 continuo

176 3653 350 3714 manentes
370 3647 408 3714 in
429 3645 639 3726 sanctuario;
657 3651 765 3713 totam
792 3645 921 3735 quippe
944 3667 1018 3716 rem
1041 3648 1100 3714 Dei
1120 3648 1281 3716 mandato
1304 3649 1391 3716 fieri.
1408 3673 1440 3716 v.
1459 3657 1501 3716 36

177 3779 194 3813 «
211 3757 442 3843 Feceruutque
456 3756 571 3820 Aaron
586 3765 620 3820 et
627 3751 700 3842 filit
713 3751 786 3819 eius
798 3763 938 3834 cuncto,
956 3775 1045 3842 queue
1058 3752 1191 3820 locutus
1205 3768 1255 3820 est
1265 3754 1431 3822 Dominus
1438 3780 1504 3846 per

175 3881 317 3925 tteuuum
332 3860 445 3947 Mopsi
461 3888 491 3928 o.

191 4085 219 4135 b.
237 4082 420 4135 sacerdotum
435 4085 638 4135 Aaronieorum
653 4084 744 4148 primo
757 4082 895 4134 sacrificia
907 4085 1012 4148 insigni
1027 4085 1162 4136 miraculo
1173 4087 1360 4140 honestantur
1373 4087 1441 4140 Lev.
1459 4093 1484 4143 9.

397 4240 421 4271 α.
438 4211 564 4272 Sacrificio
576 4223 720 4271 indicuntur
733 4227 759 4270 et
771 4223 918 4271 musculum
932 4221 1122 4284 praenuntiatur
1136 4225 1194 4273 Ler.
1208 4228 1280 4286 9,1-7.

224 4403 308 4489 Cup.
328 4403 377 4467 IX
388 4424 421 4468 v.
442 4407 457 4466 1
477 4429 493 4462 u
512 4403 616 4466 Focto
634 4412 751 4468 eutem
768 4414 885 4468 oetaeo
901 4400 957 4467 die
971 4430 1002 4483 o,
1024 4425 1128 4492 quern
1143 4403 1216 4471 iure
1233 4406 1346 4473 neseio
1360 4430 1429 4499 quo
1446 4414 1501 4477 Pe.

176 4509 249 4575 Ion.
274 4506 357 4574 feeit
378 4507 533 4596 primurn
556 4507 649 4576 diem
670 4509 789 4587 Nison,
811 4508 970 4575 obsolute
995 4509 1212 4578 secerdotum
1230 4516 1502 4597 consecratione,

179 4641 196 4674 u
212 4618 321 4681 oessot
333 4618 458 4700 Moyses
469 4612 659 4680 sacerdotio
674 4613 786 4700 fungi,
805 4614 1018 4703 eundemque
1036 4617 1250 4705 provinciam
1265 4619 1386 4688 exinde
1401 4621 1506 4687 tradit

176 4721 304 4787 Aproni
321 4749 337 4784 η
356 4719 485 4809 (Proe.)
504 4740 512 4788 :
528 4747 545 4780 α
557 4721 832 4808 uoeooitMopses
844 4723 961 4788 Aaron
974 4735 1006 4787 et
1017 4721 1109 4810 filios
1124 4723 1195 4790 eius
1209 4727 1408 4794 oomoioms
1420 4742 1506 4794 notu

176 4826 284 4894 israel
308 4856 338 4908 o,
364 4825 426 4917 qui
450 4824 586 4892 nomine
609 4827 714 4893 totius
737 4825 860 4917 populi
882 4826 1040 4894 victimas
1062 4850 1096 4894 v.
1123 4834 1142 4894 3
1166 4830 1372 4919 producturi
1393 4841 1502 4918 erant,
