3534 5384
226 359 264 418 14
789 369 997 415 rurronucrm.

225 506 297 594 ligo
312 527 352 570 ex
368 525 487 571 eorum
500 502 545 569 ad
559 507 735 569 certamen
755 501 945 570 alacritate.
967 506 1038 570 Mur
1052 506 1126 569 erat
1139 507 1239 592 pater
1254 503 1420 585 Beseleel,
1436 504 1559 579 famosi

223 612 322 679 istius
343 609 451 690 fabri,
473 610 529 676 cui
553 608 648 675 dedit
664 609 766 676 lahve
790 609 995 698 sapientiam
1012 612 1046 675 et
1058 607 1271 676 intellectum
1287 608 1331 676 ad
1345 631 1446 677 omne
1459 632 1557 699 opus.

226 718 327 785 Cuius
346 715 412 783 viri
431 714 506 782 laus
525 713 562 781 in
582 715 786 782 memoriam
805 721 944 782 resonat
959 713 1095 782 inclitos
1114 715 1281 809 quosdam
1297 716 1428 795 fabros,
1447 716 1559 806 quiin

224 823 433 914 populorum
457 821 687 910 quorumdam
709 821 856 887 exordiis
877 821 1041 903 floruere,
1059 821 1142 887 artis
1165 819 1297 888 fabrilis
1315 843 1443 889 arcana
1461 845 1482 888 a
1497 844 1560 912 pa-

224 929 335 996 tribus
357 927 469 995 edocti
492 925 537 994 ad
563 926 651 998 filios
669 926 899 994 transmisere.
925 931 1071 994 erantne
1096 927 1265 994 eiusmodi
1289 927 1381 995 fabri
1395 929 1558 1008 Beseleel‚

224 1035 469 1123 Beseleelisque
494 1037 594 1124 pater
618 1037 709 1100 Mur?
729 1031 858 1110 Quibus
879 1056 961 1101 vero
982 1033 1155 1101 artelactis
1177 1038 1309 1100 tantam
1336 1033 1404 1100 sibi
1431 1035 1561 1100 lamam

224 1144 485 1232 comparaverat
501 1139 662 1223 Beseleel,
681 1141 783 1207 etiam
804 1146 1027 1230 anteaquam
1040 1139 1137 1207 novis
1151 1141 1253 1207 sacris
1271 1139 1438 1208 cudendis
1456 1146 1560 1230 utque
1588 1181 1593 1188 -

223 1247 409 1315 fundendis
424 1267 563 1313 manum
579 1245 800 1313 admoveret?
810 1267 854 1313 an
865 1245 1163 1332 soloseifingebat‚
1181 1245 1388 1314 emendabat
1403 1247 1559 1327 cacabos,

222 1354 352 1421 lebetes
365 1358 399 1420 et
412 1352 651 1419 huiuscemodi
666 1351 735 1419 alia
750 1352 850 1419 utilia
863 1355 964 1420 vasa?
979 1352 1066 1431 Quid
1081 1353 1224 1420 cuderet
1237 1351 1378 1420 inclitus
1391 1353 1451 1420 ille
1462 1352 1561 1419 laher

224 1459 432 1528 Tubalcain‘?
452 1461 585 1525 Ensem.
603 1457 689 1537 Quid
708 1458 880 1526 cadebant
906 1458 1138 1527 Hebraeorum
1159 1459 1251 1527 fabri
1271 1458 1428 1527 ludioum
1455 1461 1560 1528 aevo?

224 1569 340 1635 Nonne
361 1564 495 1654 gladios
509 1569 543 1632 et
560 1564 695 1632 lanceas
713 1565 745 1653 (1
770 1570 855 1652 Reg.
882 1564 1021 1654 13‚1s)?
1036 1564 1190 1633 cudebat
1205 1565 1308 1633 etiam
1324 1564 1470 1633 Beseleel
1484 1566 1561 1652 gla-

225 1674 310 1741 dios.
330 1676 420 1759 Ergo
440 1670 507 1738 viri
518 1669 630 1738 tribus
642 1670 743 1753 luda,
766 1671 820 1738 vel
836 1677 928 1738 certe
939 1671 1057 1761 plures
1073 1671 1271 1752 interillos,
1290 1679 1389 1740 erant
1403 1671 1493 1739 bene
1508 1695 1561 1738 ar·

226 1780 321 1846 mati.
341 1783 465 1866 Moyses
490 1783 523 1844 et
542 1799 639 1844 erma
658 1776 811 1844 habebat
829 1783 863 1844 et
885 1799 1060 1845 armorum
1074 1777 1241 1846 cilicinas.
1263 1777 1430 1868 Reliquae
1449 1778 1561 1846 tribus

224 1907 294 1953 non
307 1893 406 1951 erant
420 1884 596 1951 omnesita
604 1884 694 1951 bene
705 1889 857 1952 armatae
873 1911 881 1949 :
900 1889 999 1952 erant
1012 1885 1061 1951 ibi
1073 1885 1178 1951 etiam
1194 1883 1323 1960 baculi,
1338 1884 1482 1966 fundae,
1493 1891 1557 1951 etc.

224 1991 328 2060 Vides
347 1993 480 2078 Moysen
505 1989 620 2057 media
643 1991 747 2056 etiam
769 1991 925 2058 humana
944 2013 1017 2057 non
1035 1989 1253 2079 neglexisse:
1276 1989 1414 2058 volebat
1437 1992 1557 2067 finem,

224 2097 371 2188 parabat
388 2095 513 2167 media

409 2316 440 2377 5.
467 2309 642 2376 Novarum
665 2330 844 2375 sacrorum
866 2309 1036 2378 institutio
1061 2313 1117 2376 Ex.
1144 2313 1294 2377 Mt-Lev.
1324 2317 1376 2377 10.

269 2522 432 2603 Adverte,
450 2525 524 2587 tum
543 2519 697 2588 nondum
716 2519 877 2587 indixisse
893 2521 1038 2600 lahven‚
1054 2529 1093 2589 ut
1111 2522 1383 2612 pop-lustongo
1403 2528 1558 2611 tempore

224 2628 261 2696 in
282 2627 416 2695 deserto
436 2626 672 2694 detineretur:
694 2626 794 2693 brevi
808 2625 934 2694 itinere
952 2627 1065 2695 luerat
1077 2628 1258 2695 interram
1275 2629 1478 2718 promissam
1497 2627 1558 2693 de-

225 2733 412 2802 ducendus,
430 2733 637 2800 Promiserat
651 2755 755 2824 porro
772 2733 875 2801 lahve
891 2733 1054 2802 Hebraeis
1069 2741 1160 2818 lae,
1178 2735 1207 2801 si
1220 2736 1329 2825 pactis
1343 2733 1491 2816 starent,
1506 2757 1558 2802 ra-

225 2863 332 2930 gnum
343 2838 553 2908 sacerdotale
570 2861 630 2906 seu
646 2861 791 2929 regnum
810 2839 1027 2907 sacerdotum
1035 2895 1047 2926 ,
1059 2842 1083 2908 i.
1095 2863 1126 2908 e.
1139 2840 1372 2909 conditionem
1384 2841 1560 2931 politic-am

117 2977 122 2987 ¹
225 2969 333 3037 aeque
347 2970 386 3015 ac
396 2945 593 3033 religiosam
603 2946 648 3012 ab
661 2946 758 3013 initio
768 2946 972 3036 perlectam,
988 2970 1077 3037 quae
1086 2946 1232 3015 haberet
1242 2968 1319 3015 cnm
1328 2947 1559 3016 sacerdotium

225 3054 269 3120 ab
288 3053 361 3143 ipso
383 3053 484 3120 lahve
505 3053 720 3134 institutum,
735 3058 809 3119 tum
825 3053 959 3140 regiam
977 3053 1213 3122 anctoritatem
1231 3054 1411 3122 abeodem
1425 3053 1559 3122 stabili-

225 3164 308 3226 tam.
327 3158 444 3228 Gravis
458 3164 515 3226 Ex.
536 3165 576 3225 19
592 3158 711 3248 populi
727 3165 762 3225 et
775 3159 1001 3248 antiquorum
1014 3160 1232 3228 sacerdotum
1244 3159 1480 3228 inobedientia
1494 3159 1557 3226 dn-

225 3266 306 3356 pliei
316 3268 385 3332 iam
399 3287 512 3357 poena
524 3265 719 3332 mulctatur.
736 3271 781 3332 De
794 3288 898 3355 raquo
908 3265 947 3334 in
959 3289 1119 3357 praesens
1130 3266 1342 3335 instituendo
1354 3267 1430 3333 silet
1442 3266 1555 3348 lahve,

224 3372 304 3440 lieet
318 3371 406 3439 illud
424 3370 612 3461 aliquando
627 3371 875 3439 instituendum
891 3377 987 3440 Dent.
1007 3379 1108 3454 17,st
1123 3396 1200 3464 sqq.
1218 3377 1477 3442 commemoret.
1493 3374 1558 3440 Sa-

225 3477 411 3546 cerdotium
431 3477 617 3567 antiquum
636 3478 784 3564 abrogat
807 3478 909 3568 eique
922 3502 1050 3547 novum
1071 3479 1247 3548 substituit
1268 3500 1276 3547 :
1294 3501 1421 3548 novum
1441 3486 1557 3546 autem

223 3584 450 3652 sacerdotium
463 3605 588 3650 novum
603 3586 687 3652 item
699 3583 938 3651 sanctuarium
953 3585 1070 3674 erigit.
1086 3590 1172 3653 Deus
1186 3585 1294 3673 igitur
1311 3609 1401 3653 novo
1418 3585 1557 3652 nornine

224 3691 326 3758 lahve
341 3690 566 3780 appellandus
580 3690 618 3756 in
630 3712 721 3757 novo
736 3691 935 3757 setectum-io
949 3714 1012 3782 per
1025 3693 1105 3759 novi
1120 3692 1251 3760 ordinis
1264 3691 1454 3760 sacerdotes
1468 3691 1557 3759 cole-

222 3805 289 3864 tur.
308 3802 395 3864 Maec
407 3796 616 3864 narrationis
633 3801 690 3864 Ex.
709 3803 855 3865 tt-Lev.
877 3805 917 3865 10
936 3820 1082 3866 summa.

172 3889 176 3904 ’
266 3903 481 3971 Praesoiebat
496 3905 615 3988 lehve‚
633 3904 766 3993 antiqui
783 3903 916 3971 ordinis
929 3905 1123 3972 sacerdotes
1135 3928 1218 3973 suae
1233 3893 1327 3996 ipsos
1340 3908 1461 3974 ruinae
1477 3927 1557 3972 auc-

222 4017 313 4077 tores
332 4013 464 4078 tuturos
480 4010 524 4076 ob
543 4008 643 4077 vituli
658 4010 755 4078 aurei
768 4010 922 4077 futurem
939 4011 1215 4102 superstitionem
1232 4012 1505 4101 seditionemque
1520 4012 1557 4077 in

224 4119 357 4203 Moysen
372 4115 619 4184 attentandam.
640 4123 714 4207 lpse
731 4118 871 4183 iuterim
887 4139 1007 4184 eorum
1023 4139 1171 4208 poenam
1190 4125 1391 4208 praeparat,
1408 4118 1463 4185 vel
1476 4124 1557 4185 ante

223 4224 440 4290 commissum
459 4224 568 4290 scelus
582 4224 684 4311 Moysi
703 4224 785 4290 novi
799 4225 988 4292 sanctuarii
1002 4229 1037 4292 et
1053 4225 1239 4294 sacerdotii
1250 4225 1404 4293 rationes
1414 4225 1556 4292 demon-

223 4335 319 4396 strat.
341 4335 426 4396 Eum
443 4329 548 4397 finem
571 4329 768 4397 accersendi
790 4329 827 4397 in
844 4335 1000 4398 montem
1019 4330 1112 4398 Sinai
1130 4332 1250 4420 Moysis
1270 4331 1427 4400 nondum
1445 4337 1557 4421 potest

224 4436 326 4502 lahve
336 4436 458 4525 pelam
475 4437 654 4504 enuntiare
674 4459 681 4506 :
701 4437 810 4520 solus,
829 4437 890 4526 qui
906 4437 944 4504 in
959 4437 1113 4505 medium
1127 4440 1315 4528 profertur,
1330 4438 1407 4506 finis
1420 4437 1478 4504 hic
1492 4444 1554 4518 est,

222 4542 356 4610 foederi
368 4543 591 4612 interlahveu
605 4550 639 4610 et
651 4543 813 4611 lsraelem
828 4541 917 4611 illud
929 4544 1045 4612 adhuc
1059 4545 1193 4628 deesse,
1210 4550 1249 4612 ut
1264 4545 1466 4615 solemniter
1477 4566 1557 4611 san-

222 4649 343 4716 ciatur.
366 4648 562 4717 Ascendunt
586 4672 665 4718 cum
687 4655 796 4738 Moyse
819 4657 950 4734 Aaron,
972 4649 1090 4718 Nadab
1112 4657 1146 4718 et
1162 4651 1251 4719 Abiu
1278 4659 1312 4719 et
1337 4651 1556 4740 septuaginta

222 4779 336 4842 senes,
359 4779 430 4824 non
455 4779 536 4823 vero
560 4755 787 4846 praemosaici
816 4757 1027 4841 sacerdotes,
1046 4778 1115 4846 quo
1139 4764 1173 4825 et
1195 4758 1313 4848 populi
1333 4764 1409 4848 post
1434 4757 1555 4824 inobe-
