3534 5384
254 378 293 437 96
714 392 820 437 uorsrs
835 392 913 437 scra
928 392 958 437 ut
973 393 1123 437 anorrro.

254 548 367 593 rersns
392 538 441 592 est
461 549 498 592 cn
518 525 690 615 scirnphcs
709 548 777 617 per
790 537 899 593 totam
916 537 1041 592 terrain
1061 526 1211 615 Aepypti
1236 553 1266 592 ».
1287 530 1375 593 Haec
1397 526 1587 593 secundum

253 633 433 700 oculorum
452 633 603 721 speciem
618 633 794 715 dicuntur,
812 637 941 699 etcum
961 630 1154 723 hyperbole
1167 631 1318 721 quadam
1336 632 1416 722 (Syl
1439 633 1476 723 ..)
1497 656 1529 700 v.
1546 639 1588 701 18

256 768 270 801 «
286 742 520 828 Feccncntqne
533 738 695 805 similiter
708 738 860 826 malefici
871 736 1163 805 incantationibus
1174 738 1245 805 snis
1264 768 1293 821 »‚
1313 737 1472 806 simililer
1486 746 1588 831 atque

253 850 365 913 Aaron
380 847 491 933 virga,
505 845 572 935 ipsi
585 845 654 912 suis
670 844 964 913 incantationibus
977 850 1124 932 egerunt
1135 844 1297 935 (uitta),
1316 872 1332 907 a
1352 858 1391 911 nt
1408 846 1588 913 educerent

251 947 434 1042 sciniphes,
444 963 476 1019 ct
485 973 555 1018 non
563 962 755 1041 potnerunt
769 973 805 1034 »3
818 973 890 1019 non
903 952 946 1019 ob
961 950 1068 1018 aliam
1082 952 1268 1033 rationem,
1285 974 1389 1041 quarn
1398 974 1473 1019 eam
1483 974 1588 1042 quam

253 1058 318 1148 ipsi
332 1059 572 1145 assignarunt,
587 1057 671 1147 quia
689 1063 775 1125 Deus
790 1078 910 1125 eorum
925 1057 1094 1125 maleficia
1108 1056 1290 1146 impedivit
1307 1057 1385 1147 (Syl
1408 1057 1433 1147 .)
1451 1080 1459 1125 :
1477 1080 1539 1148 per
1553 1080 1588 1126 se

253 1166 381 1255 quippe
395 1163 574 1231 maleficiis
583 1186 654 1231 non
667 1162 844 1231 difficilius
861 1162 1035 1253 sciniphes
1052 1184 1157 1253 quam
1173 1185 1278 1230 ranae
1290 1163 1584 1253 producebantur.

254 1272 460 1361 «licantque
475 1268 644 1361 sciniphes
660 1283 732 1337 tam
746 1270 784 1337 in
793 1269 990 1337 haminibus
1003 1292 1107 1359 qaam
1123 1270 1159 1335 in
1176 1269 1338 1336 iicrnentis
1354 1296 1384 1337 »,
1402 1293 1434 1336 v.
1454 1276 1494 1336 19
1510 1299 1527 1332 (ι
1543 1273 1588 1336 Et

253 1376 415 1444 discerent
429 1376 580 1467 malefici
593 1376 641 1443 ad
652 1375 867 1444 Pharaonem
878 1398 892 1442 .·
904 1376 1045 1467 Diqitns
1055 1376 1119 1443 Dei
1129 1389 1178 1442 cst
1193 1376 1249 1443 hic
1263 1405 1292 1461 s,
1311 1374 1422 1443 Chald
1425 1429 1432 1443 .
1444 1374 1555 1467 playa
1565 1400 1587 1444 a

232 1538 235 1543 ,
255 1487 320 1551 Deo
338 1497 387 1551 cst
402 1482 497 1550 haec.
516 1487 600 1550 Cum
615 1504 711 1549 secus
725 1483 846 1564 etiam,
860 1506 892 1549 v.
914 1505 949 1570 g.
964 1486 1017 1548 rs.
1028 1488 1098 1566 Eds,
1118 1510 1134 1546 a
1148 1482 1276 1569 digitus
1287 1480 1347 1549 Dei
1359 1508 1375 1543 a
1391 1504 1457 1573 pro
1470 1482 1588 1551 divina

251 1591 405 1680 potentia
422 1590 604 1673 scribatur,
626 1590 712 1656 haec
735 1590 801 1656 erit
826 1590 930 1677 etiam
952 1589 989 1656 h.
1006 1590 1030 1657 l.
1053 1588 1292 1676 intelligenda.
1316 1588 1381 1656 Sed
1404 1610 1585 1679 perperam

251 1700 340 1786 Any.
366 1700 427 1785 (M.
445 1696 583 1785 thibi)
609 1701 642 1762 et
668 1695 766 1785 Viqil.
789 1698 947 1785 Tapscns.
971 1695 1015 1785 (c.
1037 1695 1180 1763 Arianos
1203 1701 1267 1761 etc.
1285 1694 1443 1782 dialogus
1466 1701 1505 1764 ll.
1525 1703 1583 1777 383

252 1806 299 1869 tt.
317 1802 441 1870 Patrol.
461 1803 522 1869 lat.
540 1802 692 1891 onem),
710 1801 822 1892 quod,
844 1800 905 1891 qui
928 1807 1006 1869 Luc.
1027 1807 1127 1883 11,eo
1150 1828 1167 1863 a
1181 1800 1218 1867 in
1233 1801 1343 1887 digito
1359 1802 1416 1867 Dei
1433 1828 1464 1885 a,
1481 1802 1584 1869 iidem

251 1909 365 1977 Matth.
388 1915 488 1990 12,Ξῦ
506 1935 522 1969 «
537 1908 573 1975 in
593 1910 717 1998 spiritu
733 1908 791 1975 Dei
808 1936 825 1970 o
842 1908 1003 1975 dieantur
1022 1908 1099 1975 eiici
1115 1906 1315 1989 daemones,
1333 1908 1487 1977 inferunt
1506 1910 1541 1975 h.
1559 1908 1584 1976 l.

253 2015 395 2102 «digito
416 2015 475 2082 Dei
497 2042 514 2077 »
530 2013 719 2102 significari
736 2019 769 2081 S.
789 2014 968 2103 Spiritum.
986 2012 1103 2081 Verius
1126 2016 1206 2101 Lpr.
1226 2000 1328 2078 mal-ra
1346 2013 1419 2081 sine
1441 2014 1585 2081 articulo

250 2121 495 2212 interpretatur
509 2121 552 2188 de
565 2122 629 2188 deo
642 2120 760 2211 aliquo
774 2142 836 2187 seu
846 2120 1029 2201 daemone,
1047 2138 1239 2188 vocesensu
1251 2126 1458 2187 Graecorum
1468 2142 1586 2211 accep·

252 2235 287 2297 ta
306 2252 369 2319 pro
388 2227 528 2318 spiritu,
546 2227 722 2316 superiore
737 2232 771 2294 et
787 2227 980 2317 potentiore
1003 2226 1180 2317 spiritibus
1190 2226 1276 2309 illis,
1294 2226 1420 2316 quibus
1439 2226 1585 2294 malefici

251 2334 417 2402 fidebant.
429 2338 456 2400 Α
466 2356 535 2423 quo
548 2332 604 2399 vix
614 2332 768 2400 dissentit
786 2334 858 2401 Gai.
873 2354 1002 2414 vocem,
1017 2333 1130 2401 minus
1142 2332 1325 2422 sapienter,
1341 2332 1585 2423 interpretatus

251 2441 437 2530 pluralem.
453 2444 543 2527 Ergo
563 2461 570 2506 :
594 2439 747 2507 numinis
770 2438 965 2520 cuiusdam,
983 2439 1163 2528 inquiunt,
1185 2438 1241 2505 hic
1265 2438 1505 2507 manifestatur
1523 2462 1584 2531 po-

251 2546 374 2627 tentia,
392 2568 470 2613 cum
486 2545 611 2613 nostris
621 2545 765 2633 magicis
780 2544 913 2612 artibus
928 2546 993 2611 hoc
1004 2546 1123 2631 Moysis
1135 2566 1348 2634 nequeamus
1361 2545 1491 2613 imitari
1504 2569 1584 2635 por-

252 2658 402 2735 tentum,
425 2654 485 2742 qui
502 2651 572 2720 alia
586 2657 743 2743 portenta
763 2657 962 2742 poteramus
977 2650 1118 2719 imitari.
1136 2679 1152 2713 a
1169 2650 1445 2742 lndnratnmqne
1464 2664 1513 2719 est
1528 2676 1586 2720 cor

251 2758 460 2844 Pharaonis,
476 2772 509 2826 ct
531 2781 602 2825 non
624 2758 761 2825 audivit
780 2781 850 2841 cas,
872 2757 961 2825 sicat
978 2768 1200 2848 praeceperat
1223 2758 1389 2825 Dominae
1410 2786 1442 2823 a.
1464 2759 1584 2827 Variae
1663 2846 1666 2851 Ι

251 2868 341 2933 hane
356 2865 617 2932 obdurationem
626 2865 788 2932 fovebant
800 2864 1076 2932 circumstantiae
1091 2886 1099 2932 τ
1114 2869 1189 2955 post
1203 2865 1352 2954 primam
1366 2864 1506 2955 plagam
1522 2866 1584 2933 ob-

250 2972 442 3039 durabatur
452 2960 603 3056 corenla,
615 2972 758 3040 tortasse
770 2969 862 3060 quod
873 2970 933 3037 illa
948 2969 1053 3059 plaga
1068 2969 1181 3038 minus
1192 2971 1264 3061 ipse
1279 2971 1486 3054 alliceretur,
1504 2994 1584 3040 usus

250 3079 331 3146 vino
345 3101 410 3168 pro
425 3101 531 3169 aqua3
551 3084 627 3168 post
642 3078 785 3145 alteram
799 3077 942 3166 plagam
958 3076 1206 3157 obdurabatur,
1226 3106 1243 3139 «
1260 3077 1381 3145 videns
1394 3078 1489 3169 quod
1503 3078 1584 3147 data

251 3190 335 3251 esset
348 3183 484 3275 requies
501 3214 532 3266 a,
554 3206 634 3251 cum
655 3184 732 3273 ipsa
749 3212 766 3245 a
782 3182 950 3273 patientia
971 3183 1034 3259 nei,
1052 3182 1239 3251 secundum
1264 3184 1368 3251 corda
1383 3184 1579 3268 hominurn,

250 3290 457 3382 quibusdam
472 3290 566 3358 utilis
579 3290 624 3357 ad
638 3290 901 3379 poenitendum,
918 3289 1126 3379 quibusdam
1139 3290 1270 3357 inutilis
1289 3290 1334 3359 ad
1354 3292 1582 3359 resistendum

249 3402 317 3465 Deo
332 3403 366 3464 et
381 3398 416 3464 in
428 3397 520 3464 malo
530 3396 822 3487 perseverandum
834 3424 850 3457 »
862 3397 906 3463 sit
919 3396 1054 3485 (attat
1070 3401 1148 3486 post
1163 3398 1298 3464 tertiam
1311 3399 1452 3487 plagam
1466 3399 1504 3466 in
1519 3398 1582 3465 oh·

249 3503 429 3571 duratione
442 3503 692 3593 perseverabat,
702 3503 783 3570 licet
790 3502 857 3592 ipsi
864 3501 1012 3569 malefici
1021 3524 1184 3591 praesens
1197 3525 1326 3570 numen
1340 3511 1579 3591 agnoscerent.

685 3762 719 3806 4ο
728 3761 809 3813 plage
821 3771 827 3801 :
841 3770 951 3803 muscae
965 3759 1014 3803 Ex.
1028 3761 1145 3812 &20³2

293 3934 376 4021 Acq.
397 3968 441 3983 -
462 3929 583 4016 Plaga,
606 3928 681 3995 eius
703 3928 856 4014 gravitas
875 3934 909 3996 et
933 3936 1069 4019 tompus
1095 3934 1253 3997 accurate
1277 3932 1578 4019 praenuntiantur;

248 4039 330 4105 item
345 4038 389 4106 ab
404 4060 444 4105 ea
459 4042 655 4125 exemptum
676 4034 721 4102 iri
743 4041 869 4102 terram
886 4039 1019 4103 Gessen.
1038 4040 1124 4103 Dum
1145 4036 1320 4126 sciniphes
1338 4036 1499 4106 videntur
1517 4061 1581 4129 po·

248 4145 315 4213 tius
334 4149 427 4211 extra
452 4142 572 4209 domos
592 4164 627 4208 se
653 4140 873 4226 continuisse,
892 4163 1028 4209 muscae
1049 4141 1207 4209 similiter
1229 4148 1330 4233 atque
1353 4152 1455 4211 antea
1477 4168 1580 4213 ranae

248 4250 377 4339 ubique
391 4272 427 4317 se
445 4248 667 4336 ingerebant,
690 4247 807 4314 omnia
825 4248 1024 4316 foedabant.
1043 4246 1137 4315 Unde
1155 4248 1304 4329 Pharao,
1322 4270 1457 4317 rursum
1477 4250 1580 4319 lahve

249 4357 437 4446 potentiam
461 4378 647 4443 agnoscere
666 4354 880 4444 compulsus,
896 4354 1100 4422 sacrificium
1118 4355 1279 4422 concedit
1297 4356 1450 4445 primum
1469 4360 1576 4441 intra,

248 4484 325 4530 mox
335 4462 437 4529 etiam
451 4468 544 4530 extra
556 4463 702 4551 Aegypti
712 4461 796 4528 fines
807 4461 1033 4528 offerendum.
1047 4467 1117 4529 Mox
1128 4468 1243 4529 tamen
1255 4485 1414 4531 concessa
1428 4469 1576 4531 revocat.

284 4634 341 4687 Μ’]
358 4641 376 4677 a
393 4626 495 4677 radicis
510 4625 717 4689 significatione
736 4626 865 4675 miscendi
884 4626 1062 4689 interpretati
1081 4628 1146 4675 sunt
1165 4628 1320 4676 minionem
1341 4629 1496 4691 Tarqrcmim
1514 4630 1576 4692 Sar.

248 4721 298 4781 Aa.
314 4717 431 4768 theod:
447 4716 497 4767 sed
514 4727 617 4766 nomen
636 4728 694 4765 non
715 4726 778 4765 esee
796 4716 957 4765 necessario
979 4714 1014 4765 ab
1031 4715 1084 4765 hac
1102 4713 1204 4765 radicis
1223 4714 1428 4779 significatione
1443 4717 1576 4768 deriven-

247 4808 328 4868 dum,
345 4806 425 4857 docet
443 4803 519 4855 Ficta
536 4804 651 4855 tradens
670 4802 863 4855 Samaritanos
882 4804 1081 4867 interpretatos
1096 4816 1158 4856 esse
1175 4818 1296 4867 corvam,
1310 4806 1330 4855 ι’.
1342 4818 1367 4856 e.
1381 4808 1579 4870 pronuntiasse
