<?xml version="1.0" encoding="UTF-8"?>
<!DOCTYPE html PUBLIC "-//W3C//DTD XHTML 1.0 Transitional//EN"
    "http://www.w3.org/TR/xhtml1/DTD/xhtml1-transitional.dtd">
<html xmlns="http://www.w3.org/1999/xhtml" xml:lang="en" lang="en">
 <head>
  <title>
</title>
<meta http-equiv="Content-Type" content="text/html;charset=utf-8" />
  <meta name='ocr-system' content='tesseract 3.04.00' />
  <meta name='ocr-capabilities' content='ocr_page ocr_carea ocr_par ocr_line ocrx_word'/>
</head>
<body>
  <div class='ocr_page' id='page_1' title='image "./commentariusine00hummgoog/commentariusine00hummgoog_0228.png"; bbox 0 0 3534 5384; ppageno 0'>
   <div class='ocr_carea' id='block_1_1' title="bbox 735 393 1518 466">
    <p class='ocr_par' dir='ltr' id='par_1_1' title="bbox 735 393 1518 466">
     <span class='ocr_line' id='line_1_1' title="bbox 735 393 1518 466; baseline -0.005 -11"><span class='ocrx_word' id='word_1_1' title='bbox 735 413 784 456; x_wconf 82' lang='lat' dir='ltr'><strong>rx.</strong></span> <span class='ocrx_word' id='word_1_2' title='bbox 807 396 878 466; x_wconf 59' lang='grc'><strong>113</strong></span> <span class='ocrx_word' id='word_1_3' title='bbox 901 411 965 462; x_wconf 83' lang='lat' dir='ltr'><strong>soa.</strong></span> <span class='ocrx_word' id='word_1_4' title='bbox 1453 393 1518 460; x_wconf 28' lang='lat'><strong>⁶217,</strong></span> 
     </span>
    </p>
   </div>
   <div class='ocr_carea' id='block_1_2' title="bbox 175 543 1514 4885">
    <p class='ocr_par' dir='ltr' id='par_1_2' title="bbox 175 543 1514 2759">
     <span class='ocr_line' id='line_1_2' title="bbox 177 543 1508 635; baseline -0.003 -23"><span class='ocrx_word' id='word_1_5' title='bbox 177 543 268 634; x_wconf 89' lang='lat' dir='ltr'><strong>apud</strong></span> <span class='ocrx_word' id='word_1_6' title='bbox 293 545 437 613; x_wconf 88' lang='lat' dir='ltr'><strong>ludaeos</strong></span> <span class='ocrx_word' id='word_1_7' title='bbox 459 568 567 613; x_wconf 91' lang='lat' dir='ltr'><strong>unum</strong></span> <span class='ocrx_word' id='word_1_8' title='bbox 593 545 695 612; x_wconf 91' lang='lat' dir='ltr'><strong>fuisse</strong></span> <span class='ocrx_word' id='word_1_9' title='bbox 717 544 1016 635; x_wconf 78' lang='lat' dir='ltr'><strong>desponsationem</strong></span> <span class='ocrx_word' id='word_1_10' title='bbox 1037 548 1072 610; x_wconf 91' lang='lat' dir='ltr'><strong>et</strong></span> <span class='ocrx_word' id='word_1_11' title='bbox 1096 543 1367 609; x_wconf 79' lang='lat' dir='ltr'><strong>matrimonium.</strong></span> <span class='ocrx_word' id='word_1_12' title='bbox 1394 546 1508 632; x_wconf 81' lang='lat' dir='ltr'><strong>Neque</strong></span> 
     </span>
     <span class='ocr_line' id='line_1_3' title="bbox 177 647 1509 742; baseline -0.002 -25"><span class='ocrx_word' id='word_1_13' title='bbox 177 652 262 718; x_wconf 90' lang='lat' dir='ltr'><strong>haec</strong></span> <span class='ocrx_word' id='word_1_14' title='bbox 286 651 431 719; x_wconf 87' lang='lat' dir='ltr'><strong>relativa</strong></span> <span class='ocrx_word' id='word_1_15' title='bbox 457 651 627 719; x_wconf 89' lang='lat' dir='ltr'><strong>sententia</strong></span> <span class='ocrx_word' id='word_1_16' title='bbox 652 673 764 742; x_wconf 89' lang='lat' dir='ltr'><strong>neque</strong></span> <span class='ocrx_word' id='word_1_17' title='bbox 788 673 934 741; x_wconf 89' lang='lat' dir='ltr'><strong>sequens</strong></span> <span class='ocrx_word' id='word_1_18' title='bbox 958 665 1001 716; x_wconf 74' lang='lat' dir='ltr'><strong>a:</strong></span> <span class='ocrx_word' id='word_1_19' title='bbox 1016 665 1113 716; x_wconf 68' lang='lat' dir='ltr'><strong>irin:</strong></span> <span class='ocrx_word' id='word_1_20' title='bbox 1139 647 1291 739; x_wconf 78' lang='lat' dir='ltr'><strong>(Chald.)</strong></span> <span class='ocrx_word' id='word_1_21' title='bbox 1317 649 1509 714; x_wconf 88' lang='lat' dir='ltr'><strong>necessario</strong></span> 
     </span>
     <span class='ocr_line' id='line_1_4' title="bbox 175 755 1508 846; baseline -0.002 -23"><span class='ocrx_word' id='word_1_22' title='bbox 175 757 323 824; x_wconf 90' lang='lat' dir='ltr'><strong>includit</strong></span> <span class='ocrx_word' id='word_1_23' title='bbox 340 757 493 846; x_wconf 87' lang='lat' dir='ltr'><strong>puellam</strong></span> <span class='ocrx_word' id='word_1_24' title='bbox 510 757 613 824; x_wconf 83' lang='lat' dir='ltr'><strong>fuisse</strong></span> <span class='ocrx_word' id='word_1_25' title='bbox 634 757 815 841; x_wconf 85' lang='lat' dir='ltr'><strong>violatam,</strong></span> <span class='ocrx_word' id='word_1_26' title='bbox 834 756 914 823; x_wconf 92' lang='lat' dir='ltr'><strong>licet</strong></span> <span class='ocrx_word' id='word_1_27' title='bbox 935 756 972 824; x_wconf 90' lang='lat' dir='ltr'><strong>id</strong></span> <span class='ocrx_word' id='word_1_28' title='bbox 994 757 1033 823; x_wconf 92' lang='lat' dir='ltr'><strong>in</strong></span> <span class='ocrx_word' id='word_1_29' title='bbox 1055 756 1226 846; x_wconf 89' lang='lat' dir='ltr'><strong>plerisque</strong></span> <span class='ocrx_word' id='word_1_30' title='bbox 1245 777 1286 822; x_wconf 83' lang='lat' dir='ltr'><strong>ex</strong></span> <span class='ocrx_word' id='word_1_31' title='bbox 1303 755 1357 822; x_wconf 88' lang='lat' dir='ltr'><strong>his</strong></span> <span class='ocrx_word' id='word_1_32' title='bbox 1374 755 1508 822; x_wconf 90' lang='lat' dir='ltr'><strong>nonita</strong></span> 
     </span>
     <span class='ocr_line' id='line_1_5' title="bbox 175 861 1510 954; baseline -0.001 -25"><span class='ocrx_word' id='word_1_33' title='bbox 175 863 414 954; x_wconf 80' lang='lat' dir='ltr'><strong>frequentibus</strong></span> <span class='ocrx_word' id='word_1_34' title='bbox 426 863 561 931; x_wconf 81' lang='lat' dir='ltr'><strong>ensibus</strong></span> <span class='ocrx_word' id='word_1_35' title='bbox 576 866 649 931; x_wconf 91' lang='lat' dir='ltr'><strong>sine</strong></span> <span class='ocrx_word' id='word_1_36' title='bbox 664 863 772 931; x_wconf 92' lang='lat' dir='ltr'><strong>dubio</strong></span> <span class='ocrx_word' id='word_1_37' title='bbox 787 863 950 930; x_wconf 89' lang='lat' dir='ltr'><strong>acciderit</strong></span> <span class='ocrx_word' id='word_1_38' title='bbox 962 885 970 931; x_wconf 91' lang='lat'><strong>:</strong></span> <span class='ocrx_word' id='word_1_39' title='bbox 984 867 1058 928; x_wconf 92' lang='lat' dir='ltr'><strong>tum</strong></span> <span class='ocrx_word' id='word_1_40' title='bbox 1068 884 1150 951; x_wconf 82' lang='lat' dir='ltr'><strong>sane</strong></span> <span class='ocrx_word' id='word_1_41' title='bbox 1165 863 1302 953; x_wconf 88' lang='lat' dir='ltr'><strong>parcius</strong></span> <span class='ocrx_word' id='word_1_42' title='bbox 1312 883 1373 951; x_wconf 89' lang='lat' dir='ltr'><strong>pro</strong></span> <span class='ocrx_word' id='word_1_43' title='bbox 1384 861 1510 928; x_wconf 89' lang='lat' dir='ltr'><strong>violata</strong></span> 
     </span>
     <span class='ocr_line' id='line_1_6' title="bbox 175 966 1507 1061; baseline -0.003 -23"><span class='ocrx_word' id='word_1_44' title='bbox 175 992 280 1061; x_wconf 92' lang='lat' dir='ltr'><strong>quam</strong></span> <span class='ocrx_word' id='word_1_45' title='bbox 304 992 368 1059; x_wconf 90' lang='lat' dir='ltr'><strong>pro</strong></span> <span class='ocrx_word' id='word_1_46' title='bbox 390 971 528 1057; x_wconf 79' lang='lat' dir='ltr'><strong>integra</strong></span> <span class='ocrx_word' id='word_1_47' title='bbox 553 970 799 1060; x_wconf 84' lang='lat' dir='ltr'><strong>redemptionis</strong></span> <span class='ocrx_word' id='word_1_48' title='bbox 826 969 978 1059; x_wconf 87' lang='lat' dir='ltr'><strong>pretium</strong></span> <span class='ocrx_word' id='word_1_49' title='bbox 1003 968 1111 1036; x_wconf 88' lang='lat' dir='ltr'><strong>herus</strong></span> <span class='ocrx_word' id='word_1_50' title='bbox 1133 967 1324 1058; x_wconf 78' lang='lat' dir='ltr'><strong>accipiebat</strong></span> <span class='ocrx_word' id='word_1_51' title='bbox 1347 966 1431 1056; x_wconf 80' lang='lat' dir='ltr'><strong>(Dill</strong></span> <span class='ocrx_word' id='word_1_52' title='bbox 1470 966 1507 1055; x_wconf 90' lang='lat'><strong>.).</strong></span> 
     </span>
     <span class='ocr_line' id='line_1_7' title="bbox 176 1073 1509 1166; baseline -0.002 -24"><span class='ocrx_word' id='word_1_53' title='bbox 176 1078 278 1144; x_wconf 86' lang='lat' dir='ltr'><strong>Hebr.</strong></span> <span class='ocrx_word' id='word_1_54' title='bbox 296 1098 309 1141; x_wconf 92' lang='grc'><strong>.·</strong></span> <span class='ocrx_word' id='word_1_55' title='bbox 319 1077 430 1165; x_wconf 78' lang='lat' dir='ltr'><strong>saciat</strong></span> <span class='ocrx_word' id='word_1_56' title='bbox 445 1099 521 1143; x_wconf 86' lang='lat' dir='ltr'><strong>eam</strong></span> <span class='ocrx_word' id='word_1_57' title='bbox 542 1075 684 1160; x_wconf 82' lang='lat' dir='ltr'><strong>redimi,</strong></span> <span class='ocrx_word' id='word_1_58' title='bbox 712 1098 783 1143; x_wconf 93' lang='lat' dir='ltr'><strong>non</strong></span> <span class='ocrx_word' id='word_1_59' title='bbox 802 1099 823 1143; x_wconf 90' lang='lat' dir='ltr'><strong>a</strong></span> <span class='ocrx_word' id='word_1_60' title='bbox 845 1076 981 1166; x_wconf 88' lang='lat' dir='ltr'><strong>puellae</strong></span> <span class='ocrx_word' id='word_1_61' title='bbox 1005 1080 1121 1164; x_wconf 88' lang='lat' dir='ltr'><strong>patre,</strong></span> <span class='ocrx_word' id='word_1_62' title='bbox 1136 1074 1197 1166; x_wconf 89' lang='lat' dir='ltr'><strong>qui</strong></span> <span class='ocrx_word' id='word_1_63' title='bbox 1215 1073 1272 1140; x_wconf 83' lang='lat' dir='ltr'><strong>vix</strong></span> <span class='ocrx_word' id='word_1_64' title='bbox 1285 1095 1355 1140; x_wconf 92' lang='lat' dir='ltr'><strong>non</strong></span> <span class='ocrx_word' id='word_1_65' title='bbox 1374 1094 1509 1163; x_wconf 84' lang='lat' dir='ltr'><strong>semper</strong></span> 
     </span>
     <span class='ocr_line' id='line_1_8' title="bbox 176 1179 1512 1272; baseline -0.003 -23"><span class='ocrx_word' id='word_1_66' title='bbox 176 1188 378 1272; x_wconf 88' lang='lat' dir='ltr'><strong>paupertate</strong></span> <span class='ocrx_word' id='word_1_67' title='bbox 402 1183 600 1272; x_wconf 90' lang='lat' dir='ltr'><strong>compulsus</strong></span> <span class='ocrx_word' id='word_1_68' title='bbox 624 1182 733 1250; x_wconf 88' lang='lat' dir='ltr'><strong>filiam</strong></span> <span class='ocrx_word' id='word_1_69' title='bbox 753 1181 1010 1264; x_wconf 83' lang='lat' dir='ltr'><strong>divendiderat;</strong></span> <span class='ocrx_word' id='word_1_70' title='bbox 1027 1180 1085 1249; x_wconf 90' lang='lat' dir='ltr'><strong>sed</strong></span> <span class='ocrx_word' id='word_1_71' title='bbox 1107 1181 1151 1248; x_wconf 92' lang='lat' dir='ltr'><strong>ab</strong></span> <span class='ocrx_word' id='word_1_72' title='bbox 1172 1180 1255 1264; x_wconf 93' lang='lat' dir='ltr'><strong>alio,</strong></span> <span class='ocrx_word' id='word_1_73' title='bbox 1276 1181 1335 1271; x_wconf 93' lang='lat' dir='ltr'><strong>qui</strong></span> <span class='ocrx_word' id='word_1_74' title='bbox 1352 1202 1392 1247; x_wconf 90' lang='lat' dir='ltr'><strong>ea</strong></span> <span class='ocrx_word' id='word_1_75' title='bbox 1406 1179 1512 1246; x_wconf 88' lang='lat' dir='ltr'><strong>vellet</strong></span> 
     </span>
     <span class='ocr_line' id='line_1_9' title="bbox 178 1285 1510 1378; baseline -0.002 -24"><span class='ocrx_word' id='word_1_76' title='bbox 178 1288 371 1356; x_wconf 91' lang='lat' dir='ltr'><strong>concubina</strong></span> <span class='ocrx_word' id='word_1_77' title='bbox 384 1291 445 1356; x_wconf 92' lang='lat' dir='ltr'><strong>uti.</strong></span> <span class='ocrx_word' id='word_1_78' title='bbox 463 1290 497 1355; x_wconf 86' lang='lat' dir='ltr'><strong>Si</strong></span> <span class='ocrx_word' id='word_1_79' title='bbox 506 1288 585 1356; x_wconf 91' lang='lat' dir='ltr'><strong>talis</strong></span> <span class='ocrx_word' id='word_1_80' title='bbox 603 1310 672 1356; x_wconf 92' lang='lat' dir='ltr'><strong>non</strong></span> <span class='ocrx_word' id='word_1_81' title='bbox 692 1290 914 1378; x_wconf 80' lang='lat' dir='ltr'><strong>reperiretur,</strong></span> <span class='ocrx_word' id='word_1_82' title='bbox 933 1286 1138 1356; x_wconf 80' lang='lat' dir='ltr'><strong>crediderim</strong></span> <span class='ocrx_word' id='word_1_83' title='bbox 1155 1286 1397 1354; x_wconf 88' lang='lat' dir='ltr'><strong>dimittendam</strong></span> <span class='ocrx_word' id='word_1_84' title='bbox 1409 1285 1510 1352; x_wconf 87' lang='lat' dir='ltr'><strong>fuisse</strong></span> 
     </span>
     <span class='ocr_line' id='line_1_10' title="bbox 177 1392 1507 1486; baseline -0.001 -27"><span class='ocrx_word' id='word_1_85' title='bbox 177 1394 323 1462; x_wconf 92' lang='lat' dir='ltr'><strong>liberam</strong></span> <span class='ocrx_word' id='word_1_86' title='bbox 339 1396 447 1483; x_wconf 82' lang='lat' dir='ltr'><strong>gratis</strong></span> <span class='ocrx_word' id='word_1_87' title='bbox 468 1397 514 1484; x_wconf 84' lang='lat' dir='ltr'><strong>(v.</strong></span> <span class='ocrx_word' id='word_1_88' title='bbox 535 1397 608 1484; x_wconf 87' lang='grc'>11),</span> <span class='ocrx_word' id='word_1_89' title='bbox 625 1395 691 1462; x_wconf 90' lang='lat' dir='ltr'><strong>nisi</strong></span> <span class='ocrx_word' id='word_1_90' title='bbox 705 1396 895 1486; x_wconf 86' lang='lat' dir='ltr'><strong>praeferret</strong></span> <span class='ocrx_word' id='word_1_91' title='bbox 908 1397 984 1484; x_wconf 90' lang='lat' dir='ltr'><strong>ipsa</strong></span> <span class='ocrx_word' id='word_1_92' title='bbox 998 1395 1034 1461; x_wconf 95' lang='lat' dir='ltr'><strong>in</strong></span> <span class='ocrx_word' id='word_1_93' title='bbox 1049 1393 1258 1462; x_wconf 81' lang='lat' dir='ltr'><strong>famularum</strong></span> <span class='ocrx_word' id='word_1_94' title='bbox 1272 1393 1392 1460; x_wconf 89' lang='lat' dir='ltr'><strong>ordine</strong></span> <span class='ocrx_word' id='word_1_95' title='bbox 1409 1392 1456 1481; x_wconf 84' lang='lat' dir='ltr'><strong>(v.</strong></span> <span class='ocrx_word' id='word_1_96' title='bbox 1473 1392 1507 1481; x_wconf 85' lang='grc'><strong>6)</strong></span> 
     </span>
     <span class='ocr_line' id='line_1_11' title="bbox 177 1499 1507 1591; baseline -0.002 -24"><span class='ocrx_word' id='word_1_97' title='bbox 177 1521 407 1590; x_wconf 87' lang='lat' dir='ltr'><strong>perseverare.</strong></span> <span class='ocrx_word' id='word_1_98' title='bbox 437 1501 609 1591; x_wconf 81' lang='lat' dir='ltr'><strong>«Populo</strong></span> <span class='ocrx_word' id='word_1_99' title='bbox 640 1513 756 1568; x_wconf 83' lang='lat' dir='ltr'><strong>autem</strong></span> <span class='ocrx_word' id='word_1_100' title='bbox 779 1501 894 1568; x_wconf 82' lang='lat' dir='ltr'><strong>alieao</strong></span> <span class='ocrx_word' id='word_1_101' title='bbox 922 1531 957 1584; x_wconf 72' lang='lat' dir='ltr'><strong>r,</strong></span> <span class='ocrx_word' id='word_1_102' title='bbox 983 1501 1007 1568; x_wconf 92' lang='lat' dir='ltr'><strong>i.</strong></span> <span class='ocrx_word' id='word_1_103' title='bbox 1032 1524 1062 1568; x_wconf 91' lang='lat' dir='ltr'><strong>e.</strong></span> <span class='ocrx_word' id='word_1_104' title='bbox 1089 1523 1159 1569; x_wconf 91' lang='lat' dir='ltr'><strong>non</strong></span> <span class='ocrx_word' id='word_1_105' title='bbox 1183 1499 1341 1568; x_wconf 79' lang='lat' dir='ltr'><strong>Israelitis</strong></span> <span class='ocrx_word' id='word_1_106' title='bbox 1367 1499 1507 1590; x_wconf 55' lang='lat' dir='ltr'><strong>(Aua),</strong></span> 
     </span>
     <span class='ocr_line' id='line_1_12' title="bbox 180 1606 1510 1698; baseline -0.002 -24"><span class='ocrx_word' id='word_1_107' title='bbox 180 1635 196 1669; x_wconf 87' lang='lat'>«</span> <span class='ocrx_word' id='word_1_108' title='bbox 213 1606 384 1674; x_wconf 80' lang='lat' dir='ltr'><strong>vendendi</strong></span> <span class='ocrx_word' id='word_1_109' title='bbox 396 1630 467 1674; x_wconf 79' lang='lat' dir='ltr'><strong>noa</strong></span> <span class='ocrx_word' id='word_1_110' title='bbox 485 1607 621 1674; x_wconf 78' lang='lat' dir='ltr'><strong>habebit</strong></span> <span class='ocrx_word' id='word_1_111' title='bbox 632 1620 854 1698; x_wconf 81' lang='lat' dir='ltr'><strong>potestatem,</strong></span> <span class='ocrx_word' id='word_1_112' title='bbox 871 1608 902 1674; x_wconf 82' lang='lat' dir='ltr'><strong>si</strong></span> <span class='ocrx_word' id='word_1_113' title='bbox 925 1607 1090 1698; x_wconf 79' lang='lat' dir='ltr'><strong>spreverit</strong></span> <span class='ocrx_word' id='word_1_114' title='bbox 1107 1630 1183 1673; x_wconf 86' lang='lat' dir='ltr'><strong>eam</strong></span> <span class='ocrx_word' id='word_1_115' title='bbox 1201 1636 1237 1688; x_wconf 76' lang='lat' dir='ltr'><strong>a,</strong></span> <span class='ocrx_word' id='word_1_116' title='bbox 1261 1607 1423 1674; x_wconf 86' lang='lat' dir='ltr'><strong>violatam</strong></span> <span class='ocrx_word' id='word_1_117' title='bbox 1442 1627 1510 1672; x_wconf 92' lang='lat' dir='ltr'><strong>non</strong></span> 
     </span>
     <span class='ocr_line' id='line_1_13' title="bbox 177 1712 1506 1805; baseline 0 -25"><span class='ocrx_word' id='word_1_118' title='bbox 177 1714 329 1780; x_wconf 86' lang='lat' dir='ltr'><strong>retinens</strong></span> <span class='ocrx_word' id='word_1_119' title='bbox 343 1714 587 1796; x_wconf 85' lang='lat' dir='ltr'><strong>concubinam,</strong></span> <span class='ocrx_word' id='word_1_120' title='bbox 610 1720 669 1781; x_wconf 91' lang='lat' dir='ltr'><strong>aut</strong></span> <span class='ocrx_word' id='word_1_121' title='bbox 685 1720 914 1805; x_wconf 86' lang='lat' dir='ltr'><strong>exspectatum</strong></span> <span class='ocrx_word' id='word_1_122' title='bbox 927 1714 1150 1781; x_wconf 85' lang='lat' dir='ltr'><strong>concubitum</strong></span> <span class='ocrx_word' id='word_1_123' title='bbox 1165 1712 1305 1780; x_wconf 90' lang='lat' dir='ltr'><strong>omnino</strong></span> <span class='ocrx_word' id='word_1_124' title='bbox 1320 1713 1506 1799; x_wconf 81' lang='lat' dir='ltr'><strong>denegans</strong></span> 
     </span>
     <span class='ocr_line' id='line_1_14' title="bbox 178 1819 1512 1902; baseline -0.002 -16"><span class='ocrx_word' id='word_1_125' title='bbox 178 1820 315 1887; x_wconf 81' lang='lat' dir='ltr'><strong>Licebat</strong></span> <span class='ocrx_word' id='word_1_126' title='bbox 329 1819 468 1887; x_wconf 89' lang='lat' dir='ltr'><strong>filiabus</strong></span> <span class='ocrx_word' id='word_1_127' title='bbox 486 1820 645 1888; x_wconf 85' lang='lat' dir='ltr'><strong>hebraeis</strong></span> <span class='ocrx_word' id='word_1_128' title='bbox 659 1821 791 1888; x_wconf 89' lang='lat' dir='ltr'><strong>nubere</strong></span> <span class='ocrx_word' id='word_1_129' title='bbox 806 1843 876 1888; x_wconf 92' lang='lat' dir='ltr'><strong>non</strong></span> <span class='ocrx_word' id='word_1_130' title='bbox 891 1821 1066 1902; x_wconf 88' lang='lat' dir='ltr'><strong>Hebraeis,</strong></span> <span class='ocrx_word' id='word_1_131' title='bbox 1083 1825 1283 1887; x_wconf 86' lang='lat' dir='ltr'><strong>nontamen</strong></span> <span class='ocrx_word' id='word_1_132' title='bbox 1299 1820 1512 1886; x_wconf 76' lang='lat' dir='ltr'><strong>chananaeis</strong></span> 
     </span>
     <span class='ocr_line' id='line_1_15' title="bbox 179 1921 1512 2016; baseline -0.003 -21"><span class='ocrx_word' id='word_1_133' title='bbox 179 1927 285 2015; x_wconf 82' lang='lat' dir='ltr'><strong>(Ruth</strong></span> <span class='ocrx_word' id='word_1_134' title='bbox 309 1932 421 2010; x_wconf 75' lang='lat' dir='ltr'><strong>1,l;n</strong></span> <span class='ocrx_word' id='word_1_135' title='bbox 447 1931 531 2014; x_wconf 81' lang='lat' dir='ltr'><strong>Reg.</strong></span> <span class='ocrx_word' id='word_1_136' title='bbox 554 1934 629 2010; x_wconf 81' lang='lat'><strong>3,3;</strong></span> <span class='ocrx_word' id='word_1_137' title='bbox 656 1921 677 1994; x_wconf 79' lang='grc'>3</span> <span class='ocrx_word' id='word_1_138' title='bbox 701 1931 785 2014; x_wconf 83' lang='lat' dir='ltr'><strong>Reg.</strong></span> <span class='ocrx_word' id='word_1_139' title='bbox 810 1927 943 2016; x_wconf 61' lang='grc'>1131),</span> <span class='ocrx_word' id='word_1_140' title='bbox 969 1926 1062 2016; x_wconf 90' lang='lat' dir='ltr'><strong>quod</strong></span> <span class='ocrx_word' id='word_1_141' title='bbox 1082 1924 1293 1993; x_wconf 86' lang='lat' dir='ltr'><strong>matrimonii</strong></span> <span class='ocrx_word' id='word_1_142' title='bbox 1308 1947 1417 2012; x_wconf 83' lang='lat' dir='ltr'><strong>genus</strong></span> <span class='ocrx_word' id='word_1_143' title='bbox 1432 1947 1512 1992; x_wconf 90' lang='lat' dir='ltr'><strong>sane</strong></span> 
     </span>
     <span class='ocr_line' id='line_1_16' title="bbox 178 2030 1508 2124; baseline -0.001 -25"><span class='ocrx_word' id='word_1_144' title='bbox 178 2034 290 2111; x_wconf 88' lang='lat' dir='ltr'><strong>minus</strong></span> <span class='ocrx_word' id='word_1_145' title='bbox 308 2035 494 2100; x_wconf 91' lang='lat' dir='ltr'><strong>honestum</strong></span> <span class='ocrx_word' id='word_1_146' title='bbox 514 2033 753 2120; x_wconf 85' lang='lat' dir='ltr'><strong>reputabatur,</strong></span> <span class='ocrx_word' id='word_1_147' title='bbox 770 2057 882 2124; x_wconf 92' lang='lat' dir='ltr'><strong>neque</strong></span> <span class='ocrx_word' id='word_1_148' title='bbox 901 2033 932 2100; x_wconf 89' lang='lat' dir='ltr'><strong>ei</strong></span> <span class='ocrx_word' id='word_1_149' title='bbox 944 2031 1220 2100; x_wconf 85' lang='lat' dir='ltr'><strong>addicendaerat</strong></span> <span class='ocrx_word' id='word_1_150' title='bbox 1236 2054 1333 2098; x_wconf 86' lang='lat' dir='ltr'><strong>serva</strong></span> <span class='ocrx_word' id='word_1_151' title='bbox 1346 2030 1508 2113; x_wconf 87' lang='lat' dir='ltr'><strong>hebraea,</strong></span> 
     </span>
     <span class='ocr_line' id='line_1_17' title="bbox 178 2137 1510 2230; baseline -0.001 -25"><span class='ocrx_word' id='word_1_152' title='bbox 178 2160 282 2228; x_wconf 91' lang='lat' dir='ltr'><strong>quam</strong></span> <span class='ocrx_word' id='word_1_153' title='bbox 305 2138 408 2206; x_wconf 87' lang='lat' dir='ltr'><strong>herus</strong></span> <span class='ocrx_word' id='word_1_154' title='bbox 428 2141 619 2230; x_wconf 89' lang='lat' dir='ltr'><strong>sprevisset.</strong></span> <span class='ocrx_word' id='word_1_155' title='bbox 637 2143 682 2206; x_wconf 81' lang='lat' dir='ltr'><strong>Ex</strong></span> <span class='ocrx_word' id='word_1_156' title='bbox 703 2163 773 2230; x_wconf 92' lang='lat' dir='ltr'><strong>quo</strong></span> <span class='ocrx_word' id='word_1_157' title='bbox 791 2141 970 2207; x_wconf 89' lang='lat' dir='ltr'><strong>intulerim</strong></span> <span class='ocrx_word' id='word_1_158' title='bbox 996 2139 1050 2221; x_wconf 89' lang='lat' dir='ltr'><strong>id,</strong></span> <span class='ocrx_word' id='word_1_159' title='bbox 1072 2138 1114 2206; x_wconf 89' lang='lat' dir='ltr'><strong>de</strong></span> <span class='ocrx_word' id='word_1_160' title='bbox 1137 2161 1206 2228; x_wconf 91' lang='lat' dir='ltr'><strong>quo</strong></span> <span class='ocrx_word' id='word_1_161' title='bbox 1229 2138 1317 2204; x_wconf 92' lang='lat' dir='ltr'><strong>nihil</strong></span> <span class='ocrx_word' id='word_1_162' title='bbox 1338 2137 1451 2226; x_wconf 88' lang='lat' dir='ltr'><strong>reperi</strong></span> <span class='ocrx_word' id='word_1_163' title='bbox 1473 2137 1510 2204; x_wconf 93' lang='lat' dir='ltr'><strong>in</strong></span> 
     </span>
     <span class='ocr_line' id='line_1_18' title="bbox 179 2245 1510 2334; baseline 0.002 -27"><span class='ocrx_word' id='word_1_164' title='bbox 179 2250 214 2311; x_wconf 82' lang='lat' dir='ltr'><strong>V.</strong></span> <span class='ocrx_word' id='word_1_165' title='bbox 237 2250 287 2327; x_wconf 65' lang='lat' dir='ltr'><strong>T,</strong></span> <span class='ocrx_word' id='word_1_166' title='bbox 307 2267 380 2313; x_wconf 91' lang='lat' dir='ltr'><strong>non</strong></span> <span class='ocrx_word' id='word_1_167' title='bbox 397 2246 500 2313; x_wconf 86' lang='lat' dir='ltr'><strong>luisse</strong></span> <span class='ocrx_word' id='word_1_168' title='bbox 521 2246 572 2312; x_wconf 83' lang='lat' dir='ltr'><strong>fas</strong></span> <span class='ocrx_word' id='word_1_169' title='bbox 595 2247 679 2312; x_wconf 92' lang='lat' dir='ltr'><strong>hero</strong></span> <span class='ocrx_word' id='word_1_170' title='bbox 700 2247 846 2314; x_wconf 91' lang='lat' dir='ltr'><strong>ancillae</strong></span> <span class='ocrx_word' id='word_1_171' title='bbox 871 2246 1021 2314; x_wconf 89' lang='lat' dir='ltr'><strong>hebreae</strong></span> <span class='ocrx_word' id='word_1_172' title='bbox 1046 2246 1103 2334; x_wconf 77' lang='lat' dir='ltr'><strong>(cf,</strong></span> <span class='ocrx_word' id='word_1_173' title='bbox 1124 2269 1158 2313; x_wconf 90' lang='lat' dir='ltr'><strong>v.</strong></span> <span class='ocrx_word' id='word_1_174' title='bbox 1184 2245 1216 2334; x_wconf 76' lang='lat' dir='ltr'><strong>h)</strong></span> <span class='ocrx_word' id='word_1_175' title='bbox 1242 2246 1326 2312; x_wconf 89' lang='lat' dir='ltr'><strong>dare</strong></span> <span class='ocrx_word' id='word_1_176' title='bbox 1348 2245 1510 2311; x_wconf 92' lang='lat' dir='ltr'><strong>maritum</strong></span> 
     </span>
     <span class='ocr_line' id='line_1_19' title="bbox 178 2349 1514 2443; baseline -0.001 -25"><span class='ocrx_word' id='word_1_177' title='bbox 178 2372 316 2418; x_wconf 88' lang='lat' dir='ltr'><strong>servum</strong></span> <span class='ocrx_word' id='word_1_178' title='bbox 339 2373 411 2419; x_wconf 91' lang='lat' dir='ltr'><strong>non</strong></span> <span class='ocrx_word' id='word_1_179' title='bbox 438 2352 629 2420; x_wconf 83' lang='lat' dir='ltr'><strong>hebraeum</strong></span> <span class='ocrx_word' id='word_1_180' title='bbox 652 2374 660 2420; x_wconf 90' lang='lat'>:</span> <span class='ocrx_word' id='word_1_181' title='bbox 686 2353 732 2419; x_wconf 90' lang='lat' dir='ltr'><strong>ita</strong></span> <span class='ocrx_word' id='word_1_182' title='bbox 762 2353 892 2443; x_wconf 89' lang='lat' dir='ltr'><strong>quippe</strong></span> <span class='ocrx_word' id='word_1_183' title='bbox 926 2352 1133 2439; x_wconf 84' lang='lat' dir='ltr'><strong>adigebatur</strong></span> <span class='ocrx_word' id='word_1_184' title='bbox 1161 2351 1287 2419; x_wconf 90' lang='lat' dir='ltr'><strong>ancilla</strong></span> <span class='ocrx_word' id='word_1_185' title='bbox 1310 2349 1352 2418; x_wconf 91' lang='lat' dir='ltr'><strong>ad</strong></span> <span class='ocrx_word' id='word_1_186' title='bbox 1375 2349 1514 2441; x_wconf 88' lang='lat' dir='ltr'><strong>nuptias</strong></span> 
     </span>
     <span class='ocr_line' id='line_1_20' title="bbox 180 2456 1513 2549; baseline -0.001 -26"><span class='ocrx_word' id='word_1_187' title='bbox 180 2459 296 2524; x_wconf 90' lang='lat' dir='ltr'><strong>minus</strong></span> <span class='ocrx_word' id='word_1_188' title='bbox 321 2457 481 2525; x_wconf 89' lang='lat' dir='ltr'><strong>honestas</strong></span> <span class='ocrx_word' id='word_1_189' title='bbox 498 2458 710 2542; x_wconf 83' lang='lat' dir='ltr'><strong>subeundas3</strong></span> <span class='ocrx_word' id='word_1_190' title='bbox 732 2463 766 2526; x_wconf 91' lang='lat' dir='ltr'><strong>et</strong></span> <span class='ocrx_word' id='word_1_191' title='bbox 784 2459 959 2549; x_wconf 90' lang='lat' dir='ltr'><strong>quomodo</strong></span> <span class='ocrx_word' id='word_1_192' title='bbox 981 2463 1059 2549; x_wconf 88' lang='lat' dir='ltr'><strong>post</strong></span> <span class='ocrx_word' id='word_1_193' title='bbox 1080 2479 1137 2525; x_wconf 86' lang='lat' dir='ltr'><strong>sex</strong></span> <span class='ocrx_word' id='word_1_194' title='bbox 1156 2480 1265 2525; x_wconf 92' lang='lat' dir='ltr'><strong>annos</strong></span> <span class='ocrx_word' id='word_1_195' title='bbox 1288 2459 1333 2546; x_wconf 88' lang='lat' dir='ltr'><strong>(v.</strong></span> <span class='ocrx_word' id='word_1_196' title='bbox 1351 2456 1385 2544; x_wconf 73' lang='lat'><strong>2)</strong></span> <span class='ocrx_word' id='word_1_197' title='bbox 1402 2456 1513 2546; x_wconf 92' lang='lat' dir='ltr'><strong>potuit</strong></span> 
     </span>
     <span class='ocr_line' id='line_1_21' title="bbox 177 2562 1511 2652; baseline -0.001 -22"><span class='ocrx_word' id='word_1_198' title='bbox 177 2563 252 2652; x_wconf 88' lang='lat' dir='ltr'><strong>ipsa</strong></span> <span class='ocrx_word' id='word_1_199' title='bbox 272 2562 445 2632; x_wconf 88' lang='lat' dir='ltr'><strong>discedere</strong></span> <span class='ocrx_word' id='word_1_200' title='bbox 459 2564 585 2632; x_wconf 89' lang='lat' dir='ltr'><strong>marito</strong></span> <span class='ocrx_word' id='word_1_201' title='bbox 606 2564 747 2632; x_wconf 86' lang='lat' dir='ltr'><strong>relicto?</strong></span> <span class='ocrx_word' id='word_1_202' title='bbox 764 2570 798 2632; x_wconf 88' lang='lat' dir='ltr'><strong>et</strong></span> <span class='ocrx_word' id='word_1_203' title='bbox 815 2565 912 2632; x_wconf 90' lang='lat' dir='ltr'><strong>cuius</strong></span> <span class='ocrx_word' id='word_1_204' title='bbox 932 2565 1041 2632; x_wconf 86' lang='lat' dir='ltr'><strong>futuri</strong></span> <span class='ocrx_word' id='word_1_205' title='bbox 1071 2569 1180 2632; x_wconf 89' lang='lat' dir='ltr'><strong>essent</strong></span> <span class='ocrx_word' id='word_1_206' title='bbox 1199 2563 1303 2630; x_wconf 92' lang='lat' dir='ltr'><strong>liberi</strong></span> <span class='ocrx_word' id='word_1_207' title='bbox 1322 2587 1340 2632; x_wconf 92' lang='lat' dir='ltr'><strong>e</strong></span> <span class='ocrx_word' id='word_1_208' title='bbox 1360 2563 1420 2630; x_wconf 91' lang='lat' dir='ltr'><strong>tali</strong></span> <span class='ocrx_word' id='word_1_209' title='bbox 1437 2585 1511 2629; x_wconf 92' lang='lat' dir='ltr'><strong>ma-</strong></span> 
     </span>
     <span class='ocr_line' id='line_1_22' title="bbox 180 2669 1357 2759; baseline 0.003 -24"><span class='ocrx_word' id='word_1_210' title='bbox 180 2669 345 2738; x_wconf 89' lang='lat' dir='ltr'><strong>trimonio</strong></span> <span class='ocrx_word' id='word_1_211' title='bbox 362 2671 546 2759; x_wconf 78' lang='lat' dir='ltr'><strong>prognati?</strong></span> <span class='ocrx_word' id='word_1_212' title='bbox 953 2737 955 2743; x_wconf 84' lang='grc'>,</span> <span class='ocrx_word' id='word_1_213' title='bbox 1085 2735 1086 2738; x_wconf 73' lang='grc'>,</span> <span class='ocrx_word' id='word_1_214' title='bbox 1355 2737 1357 2746; x_wconf 86' lang='grc'>,</span> 
     </span>
    </p>

    <p class='ocr_par' dir='ltr' id='par_1_3' title="bbox 177 2775 1514 3823">
     <span class='ocr_line' id='line_1_23' title="bbox 223 2775 1513 2866; baseline -0.002 -23"><span class='ocrx_word' id='word_1_215' title='bbox 223 2776 345 2863; x_wconf 82' lang='lat' dir='ltr'><strong>Agitur</strong></span> <span class='ocrx_word' id='word_1_216' title='bbox 357 2777 428 2842; x_wconf 88' lang='lat' dir='ltr'><strong>iam</strong></span> <span class='ocrx_word' id='word_1_217' title='bbox 447 2798 560 2858; x_wconf 89' lang='lat' dir='ltr'><strong>casus,</strong></span> <span class='ocrx_word' id='word_1_218' title='bbox 581 2778 722 2866; x_wconf 90' lang='lat' dir='ltr'><strong>quando</strong></span> <span class='ocrx_word' id='word_1_219' title='bbox 739 2777 866 2844; x_wconf 89' lang='lat' dir='ltr'><strong>ancilla</strong></span> <span class='ocrx_word' id='word_1_220' title='bbox 884 2799 956 2844; x_wconf 89' lang='lat' dir='ltr'><strong>non</strong></span> <span class='ocrx_word' id='word_1_221' title='bbox 975 2779 1078 2858; x_wconf 91' lang='lat' dir='ltr'><strong>hero,</strong></span> <span class='ocrx_word' id='word_1_222' title='bbox 1102 2777 1161 2844; x_wconf 90' lang='lat' dir='ltr'><strong>scd</strong></span> <span class='ocrx_word' id='word_1_223' title='bbox 1182 2777 1258 2843; x_wconf 91' lang='lat' dir='ltr'><strong>heri</strong></span> <span class='ocrx_word' id='word_1_224' title='bbox 1274 2775 1346 2842; x_wconf 88' lang='lat' dir='ltr'><strong>filio</strong></span> <span class='ocrx_word' id='word_1_225' title='bbox 1368 2775 1513 2863; x_wconf 88' lang='lat' dir='ltr'><strong>despon-</strong></span> 
     </span>
     <span class='ocr_line' id='line_1_24' title="bbox 178 2881 1513 2972; baseline 0.001 -25"><span class='ocrx_word' id='word_1_226' title='bbox 178 2888 252 2947; x_wconf 91' lang='lat' dir='ltr'><strong>sata</strong></span> <span class='ocrx_word' id='word_1_227' title='bbox 267 2886 317 2948; x_wconf 91' lang='lat' dir='ltr'><strong>est</strong></span> <span class='ocrx_word' id='word_1_228' title='bbox 330 2903 393 2948; x_wconf 91' lang='lat' dir='ltr'><strong>seu</strong></span> <span class='ocrx_word' id='word_1_229' title='bbox 406 2882 534 2972; x_wconf 89' lang='lat' dir='ltr'><strong>nupsit.</strong></span> <span class='ocrx_word' id='word_1_230' title='bbox 555 2906 588 2948; x_wconf 89' lang='lat' dir='ltr'><strong>v.</strong></span> <span class='ocrx_word' id='word_1_231' title='bbox 605 2890 625 2949; x_wconf 85' lang='grc'>9</span> <span class='ocrx_word' id='word_1_232' title='bbox 640 2911 655 2944; x_wconf 86' lang='lat'>«</span> <span class='ocrx_word' id='word_1_233' title='bbox 673 2882 737 2950; x_wconf 84' lang='lat' dir='ltr'><strong>Sia</strong></span> <span class='ocrx_word' id='word_1_234' title='bbox 755 2895 873 2950; x_wconf 74' lang='lat' dir='ltr'><strong>cirtem</strong></span> <span class='ocrx_word' id='word_1_235' title='bbox 889 2883 966 2971; x_wconf 79' lang='lat' dir='ltr'><strong>filio</strong></span> <span class='ocrx_word' id='word_1_236' title='bbox 982 2907 1043 2950; x_wconf 81' lang='lat' dir='ltr'><strong>arco</strong></span> <span class='ocrx_word' id='word_1_237' title='bbox 1061 2882 1281 2972; x_wconf 81' lang='lat' dir='ltr'><strong>desponderit</strong></span> <span class='ocrx_word' id='word_1_238' title='bbox 1299 2904 1394 2963; x_wconf 83' lang='lat' dir='ltr'><strong>eam,</strong></span> <span class='ocrx_word' id='word_1_239' title='bbox 1415 2881 1513 2948; x_wconf 80' lang='lat' dir='ltr'><strong>icam</strong></span> 
     </span>
     <span class='ocr_line' id='line_1_25' title="bbox 179 2987 1513 3079; baseline 0.001 -27"><span class='ocrx_word' id='word_1_240' title='bbox 179 3009 306 3053; x_wconf 81' lang='lat' dir='ltr'><strong>rnorem</strong></span> <span class='ocrx_word' id='word_1_241' title='bbox 316 2987 470 3077; x_wconf 74' lang='lat' dir='ltr'><strong>filiarum</strong></span> <span class='ocrx_word' id='word_1_242' title='bbox 483 2989 592 3078; x_wconf 81' lang='lat' dir='ltr'><strong>saciet</strong></span> <span class='ocrx_word' id='word_1_243' title='bbox 609 2989 666 3056; x_wconf 90' lang='lat' dir='ltr'><strong>illi</strong></span> <span class='ocrx_word' id='word_1_244' title='bbox 693 3018 723 3058; x_wconf 77' lang='lat' dir='ltr'><strong>a.</strong></span> <span class='ocrx_word' id='word_1_245' title='bbox 744 2989 941 3057; x_wconf 88' lang='lat' dir='ltr'><strong>Subiectum</strong></span> <span class='ocrx_word' id='word_1_246' title='bbox 963 2990 1151 3079; x_wconf 89' lang='lat' dir='ltr'><strong>apodoseos</strong></span> <span class='ocrx_word' id='word_1_247' title='bbox 1172 2993 1223 3056; x_wconf 88' lang='lat' dir='ltr'><strong>ast</strong></span> <span class='ocrx_word' id='word_1_248' title='bbox 1237 2989 1347 3069; x_wconf 87' lang='lat' dir='ltr'><strong>idem,</strong></span> <span class='ocrx_word' id='word_1_249' title='bbox 1365 2987 1460 3078; x_wconf 92' lang='lat' dir='ltr'><strong>quod</strong></span> <span class='ocrx_word' id='word_1_250' title='bbox 1478 2987 1513 3054; x_wconf 91' lang='lat' dir='ltr'><strong>in</strong></span> 
     </span>
     <span class='ocr_line' id='line_1_26' title="bbox 178 3093 1514 3185; baseline 0.002 -25"><span class='ocrx_word' id='word_1_251' title='bbox 178 3098 251 3160; x_wconf 88' lang='lat' dir='ltr'><strong>tota</strong></span> <span class='ocrx_word' id='word_1_252' title='bbox 273 3093 340 3160; x_wconf 93' lang='lat' dir='ltr'><strong>hac</strong></span> <span class='ocrx_word' id='word_1_253' title='bbox 361 3096 532 3175; x_wconf 87' lang='lat' dir='ltr'><strong>oratione,</strong></span> <span class='ocrx_word' id='word_1_254' title='bbox 553 3117 599 3164; x_wconf 89' lang='lat' dir='ltr'><strong>sc.</strong></span> <span class='ocrx_word' id='word_1_255' title='bbox 623 3095 726 3162; x_wconf 87' lang='lat' dir='ltr'><strong>herus</strong></span> <span class='ocrx_word' id='word_1_256' title='bbox 742 3102 852 3185; x_wconf 92' lang='lat' dir='ltr'><strong>pater.</strong></span> <span class='ocrx_word' id='word_1_257' title='bbox 869 3099 996 3164; x_wconf 85' lang='lat' dir='ltr'><strong>Facere</strong></span> <span class='ocrx_word' id='word_1_258' title='bbox 1015 3096 1113 3162; x_wconf 71' lang='lat' dir='ltr'><strong>iacto</strong></span> <span class='ocrx_word' id='word_1_259' title='bbox 1132 3117 1262 3162; x_wconf 87' lang='lat' dir='ltr'><strong>morem</strong></span> <span class='ocrx_word' id='word_1_260' title='bbox 1272 3093 1429 3183; x_wconf 85' lang='lat' dir='ltr'><strong>filiarum</strong></span> <span class='ocrx_word' id='word_1_261' title='bbox 1444 3115 1514 3163; x_wconf 89' lang='lat' dir='ltr'><strong>non</strong></span> 
     </span>
     <span class='ocr_line' id='line_1_27' title="bbox 178 3199 1512 3293; baseline 0.001 -26"><span class='ocrx_word' id='word_1_262' title='bbox 178 3205 231 3267; x_wconf 91' lang='lat' dir='ltr'><strong>cst</strong></span> <span class='ocrx_word' id='word_1_263' title='bbox 256 3199 370 3267; x_wconf 89' lang='lat' dir='ltr'><strong>dotem</strong></span> <span class='ocrx_word' id='word_1_264' title='bbox 389 3200 472 3268; x_wconf 88' lang='lat' dir='ltr'><strong>dare</strong></span> <span class='ocrx_word' id='word_1_265' title='bbox 497 3201 622 3290; x_wconf 70' lang='lat' dir='ltr'><strong>(Vct),</strong></span> <span class='ocrx_word' id='word_1_266' title='bbox 646 3203 792 3292; x_wconf 90' lang='lat' dir='ltr'><strong>pecunia</strong></span> <span class='ocrx_word' id='word_1_267' title='bbox 819 3204 947 3293; x_wconf 91' lang='lat' dir='ltr'><strong>quippe</strong></span> <span class='ocrx_word' id='word_1_268' title='bbox 967 3203 1057 3293; x_wconf 91' lang='lat' dir='ltr'><strong>patri</strong></span> <span class='ocrx_word' id='word_1_269' title='bbox 1073 3201 1212 3292; x_wconf 88' lang='lat' dir='ltr'><strong>puellae</strong></span> <span class='ocrx_word' id='word_1_270' title='bbox 1228 3202 1309 3269; x_wconf 89' lang='lat' dir='ltr'><strong>data</strong></span> <span class='ocrx_word' id='word_1_271' title='bbox 1328 3200 1415 3268; x_wconf 90' lang='lat' dir='ltr'><strong>dotis</strong></span> <span class='ocrx_word' id='word_1_272' title='bbox 1436 3200 1512 3268; x_wconf 89' lang='lat' dir='ltr'><strong>loeo</strong></span> 
     </span>
     <span class='ocr_line' id='line_1_28' title="bbox 178 3297 1510 3397; baseline 0.002 -25"><span class='ocrx_word' id='word_1_273' title='bbox 178 3297 243 3388; x_wconf 60' lang='lat' dir='ltr'><strong>esti</strong></span> <span class='ocrx_word' id='word_1_274' title='bbox 260 3328 330 3373; x_wconf 92' lang='lat' dir='ltr'><strong>non</strong></span> <span class='ocrx_word' id='word_1_275' title='bbox 345 3312 393 3374; x_wconf 87' lang='lat' dir='ltr'><strong>est</strong></span> <span class='ocrx_word' id='word_1_276' title='bbox 408 3307 519 3374; x_wconf 90' lang='lat' dir='ltr'><strong>facere</strong></span> <span class='ocrx_word' id='word_1_277' title='bbox 540 3336 556 3368; x_wconf 77' lang='grc' dir='ltr'>α</span> <span class='ocrx_word' id='word_1_278' title='bbox 578 3307 665 3375; x_wconf 90' lang='lat' dir='ltr'><strong>sicut</strong></span> <span class='ocrx_word' id='word_1_279' title='bbox 687 3308 727 3375; x_wconf 88' lang='lat' dir='ltr'><strong>tit</strong></span> <span class='ocrx_word' id='word_1_280' title='bbox 745 3308 885 3375; x_wconf 88' lang='lat' dir='ltr'><strong>filiabus</strong></span> <span class='ocrx_word' id='word_1_281' title='bbox 899 3309 1046 3376; x_wconf 89' lang='lat' dir='ltr'><strong>aliorum</strong></span> <span class='ocrx_word' id='word_1_282' title='bbox 1062 3309 1310 3389; x_wconf 87' lang='lat' dir='ltr'><strong>Hebraeorum,</strong></span> <span class='ocrx_word' id='word_1_283' title='bbox 1333 3329 1420 3397; x_wconf 87' lang='lat' dir='ltr'><strong>quae</strong></span> <span class='ocrx_word' id='word_1_284' title='bbox 1440 3328 1510 3375; x_wconf 92' lang='lat' dir='ltr'><strong>non</strong></span> 
     </span>
     <span class='ocr_line' id='line_1_29' title="bbox 177 3412 1511 3504; baseline -0.001 -25"><span class='ocrx_word' id='word_1_285' title='bbox 177 3413 245 3479; x_wconf 90' lang='lat' dir='ltr'><strong>sint</strong></span> <span class='ocrx_word' id='word_1_286' title='bbox 268 3434 385 3480; x_wconf 85' lang='lat' dir='ltr'><strong>servae</strong></span> <span class='ocrx_word' id='word_1_287' title='bbox 414 3441 430 3474; x_wconf 76' lang='lat' dir='ltr'><strong>a</strong></span> <span class='ocrx_word' id='word_1_288' title='bbox 455 3413 594 3503; x_wconf 67' lang='lat' dir='ltr'><strong>(Tora),</strong></span> <span class='ocrx_word' id='word_1_289' title='bbox 617 3436 696 3481; x_wconf 92' lang='lat' dir='ltr'><strong>cum</strong></span> <span class='ocrx_word' id='word_1_290' title='bbox 719 3415 871 3501; x_wconf 83' lang='lat' dir='ltr'><strong>gratuito</strong></span> <span class='ocrx_word' id='word_1_291' title='bbox 898 3437 962 3481; x_wconf 87' lang='lat' dir='ltr'><strong>vox</strong></span> <span class='ocrx_word' id='word_1_292' title='bbox 980 3415 1135 3504; x_wconf 78' lang='lat' dir='ltr'><strong>filiarum</strong></span> <span class='ocrx_word' id='word_1_293' title='bbox 1159 3413 1203 3482; x_wconf 92' lang='lat' dir='ltr'><strong>ad</strong></span> <span class='ocrx_word' id='word_1_294' title='bbox 1230 3436 1338 3482; x_wconf 90' lang='lat' dir='ltr'><strong>unam</strong></span> <span class='ocrx_word' id='word_1_295' title='bbox 1361 3412 1511 3479; x_wconf 91' lang='lat' dir='ltr'><strong>filiarum</strong></span> 
     </span>
     <span class='ocr_line' id='line_1_30' title="bbox 177 3518 1511 3606; baseline 0.001 -22"><span class='ocrx_word' id='word_1_296' title='bbox 177 3518 300 3584; x_wconf 91' lang='lat' dir='ltr'><strong>classin</strong></span> <span class='ocrx_word' id='word_1_297' title='bbox 323 3519 567 3606; x_wconf 82' lang='lat' dir='ltr'><strong>restringatur;</strong></span> <span class='ocrx_word' id='word_1_298' title='bbox 588 3520 649 3586; x_wconf 87' lang='lat' dir='ltr'><strong>sed</strong></span> <span class='ocrx_word' id='word_1_299' title='bbox 669 3521 784 3587; x_wconf 86' lang='lat' dir='ltr'><strong>facere</strong></span> <span class='ocrx_word' id='word_1_300' title='bbox 805 3521 898 3588; x_wconf 83' lang='lat' dir='ltr'><strong>iuxta</strong></span> <span class='ocrx_word' id='word_1_301' title='bbox 922 3543 1054 3589; x_wconf 90' lang='lat' dir='ltr'><strong>morem</strong></span> <span class='ocrx_word' id='word_1_302' title='bbox 1073 3521 1225 3588; x_wconf 88' lang='lat' dir='ltr'><strong>filiarum</strong></span> <span class='ocrx_word' id='word_1_303' title='bbox 1247 3541 1405 3602; x_wconf 88' lang='lat' dir='ltr'><strong>suarum,</strong></span> <span class='ocrx_word' id='word_1_304' title='bbox 1423 3519 1511 3586; x_wconf 84' lang='lat' dir='ltr'><strong>tiha-</strong></span> 
     </span>
     <span class='ocr_line' id='line_1_31' title="bbox 178 3625 1511 3716; baseline 0.002 -26"><span class='ocrx_word' id='word_1_305' title='bbox 178 3645 256 3690; x_wconf 85' lang='lat' dir='ltr'><strong>rum</strong></span> <span class='ocrx_word' id='word_1_306' title='bbox 276 3625 312 3690; x_wconf 89' lang='lat' dir='ltr'><strong>in</strong></span> <span class='ocrx_word' id='word_1_307' title='bbox 333 3625 437 3692; x_wconf 90' lang='lat' dir='ltr'><strong>domo</strong></span> <span class='ocrx_word' id='word_1_308' title='bbox 461 3626 569 3716; x_wconf 91' lang='lat' dir='ltr'><strong>patris</strong></span> <span class='ocrx_word' id='word_1_309' title='bbox 590 3625 802 3714; x_wconf 80' lang='lat' dir='ltr'><strong>degentium.</strong></span> <span class='ocrx_word' id='word_1_310' title='bbox 825 3628 898 3694; x_wconf 84' lang='lat' dir='ltr'><strong>Filii</strong></span> <span class='ocrx_word' id='word_1_311' title='bbox 923 3627 1115 3696; x_wconf 90' lang='lat' dir='ltr'><strong>concubina</strong></span> <span class='ocrx_word' id='word_1_312' title='bbox 1140 3627 1321 3695; x_wconf 90' lang='lat' dir='ltr'><strong>tractanda</strong></span> <span class='ocrx_word' id='word_1_313' title='bbox 1339 3633 1388 3693; x_wconf 91' lang='lat' dir='ltr'><strong>est</strong></span> <span class='ocrx_word' id='word_1_314' title='bbox 1412 3625 1511 3693; x_wconf 88' lang='lat' dir='ltr'><strong>afilii</strong></span> 
     </span>
     <span class='ocr_line' id='line_1_32' title="bbox 178 3732 901 3823; baseline 0.004 -26"><span class='ocrx_word' id='word_1_315' title='bbox 178 3736 277 3819; x_wconf 89' lang='lat' dir='ltr'><strong>patre</strong></span> <span class='ocrx_word' id='word_1_316' title='bbox 298 3751 365 3797; x_wconf 90' lang='lat' dir='ltr'><strong>non</strong></span> <span class='ocrx_word' id='word_1_317' title='bbox 386 3737 423 3797; x_wconf 88' lang='lat' dir='ltr'><strong>ut</strong></span> <span class='ocrx_word' id='word_1_318' title='bbox 437 3753 551 3813; x_wconf 88' lang='lat' dir='ltr'><strong>serva,</strong></span> <span class='ocrx_word' id='word_1_319' title='bbox 568 3732 629 3800; x_wconf 91' lang='lat' dir='ltr'><strong>sed</strong></span> <span class='ocrx_word' id='word_1_320' title='bbox 643 3739 681 3800; x_wconf 91' lang='lat' dir='ltr'><strong>ut</strong></span> <span class='ocrx_word' id='word_1_321' title='bbox 699 3733 771 3801; x_wconf 90' lang='lat' dir='ltr'><strong>filia</strong></span> <span class='ocrx_word' id='word_1_322' title='bbox 786 3734 901 3823; x_wconf 88' lang='lat' dir='ltr'><strong>(Keil).</strong></span> 
     </span>
    </p>

    <p class='ocr_par' dir='ltr' id='par_1_4' title="bbox 176 3836 1513 4885">
     <span class='ocr_line' id='line_1_33' title="bbox 223 3836 1513 3930; baseline 0.001 -28"><span class='ocrx_word' id='word_1_323' title='bbox 223 3836 374 3904; x_wconf 86' lang='lat' dir='ltr'><strong>Tandem</strong></span> <span class='ocrx_word' id='word_1_324' title='bbox 388 3843 554 3905; x_wconf 90' lang='lat' dir='ltr'><strong>tractatur</strong></span> <span class='ocrx_word' id='word_1_325' title='bbox 570 3861 685 3923; x_wconf 89' lang='lat' dir='ltr'><strong>casus,</strong></span> <span class='ocrx_word' id='word_1_326' title='bbox 703 3841 842 3929; x_wconf 92' lang='lat' dir='ltr'><strong>quando</strong></span> <span class='ocrx_word' id='word_1_327' title='bbox 863 3846 999 3930; x_wconf 88' lang='lat' dir='ltr'><strong>practer</strong></span> <span class='ocrx_word' id='word_1_328' title='bbox 1019 3841 1115 3908; x_wconf 92' lang='lat' dir='ltr'><strong>illam</strong></span> <span class='ocrx_word' id='word_1_329' title='bbox 1138 3839 1299 3908; x_wconf 87' lang='lat' dir='ltr'><strong>ancillam</strong></span> <span class='ocrx_word' id='word_1_330' title='bbox 1322 3840 1359 3905; x_wconf 92' lang='lat' dir='ltr'><strong>in</strong></span> <span class='ocrx_word' id='word_1_331' title='bbox 1385 3860 1513 3905; x_wconf 91' lang='lat' dir='ltr'><strong>concu-</strong></span> 
     </span>
     <span class='ocr_line' id='line_1_34' title="bbox 177 3943 1510 4035; baseline -0.001 -26"><span class='ocrx_word' id='word_1_332' title='bbox 177 3943 297 4009; x_wconf 91' lang='lat' dir='ltr'><strong>binam</strong></span> <span class='ocrx_word' id='word_1_333' title='bbox 312 3948 523 4033; x_wconf 86' lang='lat' dir='ltr'><strong>assumptam</strong></span> <span class='ocrx_word' id='word_1_334' title='bbox 538 3945 605 4012; x_wconf 90' lang='lat' dir='ltr'><strong>alia</strong></span> <span class='ocrx_word' id='word_1_335' title='bbox 621 3945 758 4013; x_wconf 91' lang='lat' dir='ltr'><strong>ducitur</strong></span> <span class='ocrx_word' id='word_1_336' title='bbox 771 3969 879 4035; x_wconf 89' lang='lat' dir='ltr'><strong>eaque</strong></span> <span class='ocrx_word' id='word_1_337' title='bbox 898 3969 978 4016; x_wconf 89' lang='lat' dir='ltr'><strong>sane</strong></span> <span class='ocrx_word' id='word_1_338' title='bbox 994 3947 1126 4034; x_wconf 82' lang='lat' dir='ltr'><strong>gratior</strong></span> <span class='ocrx_word' id='word_1_339' title='bbox 1142 3946 1335 4014; x_wconf 92' lang='lat' dir='ltr'><strong>concubina</strong></span> <span class='ocrx_word' id='word_1_340' title='bbox 1351 3943 1510 4012; x_wconf 83' lang='lat' dir='ltr'><strong>veluxor.</strong></span> 
     </span>
     <span class='ocr_line' id='line_1_35' title="bbox 176 4041 1509 4143; baseline -0.002 -27"><span class='ocrx_word' id='word_1_341' title='bbox 176 4048 391 4130; x_wconf 87' lang='lat' dir='ltr'><strong>Subiectum,</strong></span> <span class='ocrx_word' id='word_1_342' title='bbox 412 4050 463 4116; x_wconf 91' lang='lat' dir='ltr'><strong>uti</strong></span> <span class='ocrx_word' id='word_1_343' title='bbox 477 4074 510 4117; x_wconf 86' lang='lat' dir='ltr'><strong>v.</strong></span> <span class='ocrx_word' id='word_1_344' title='bbox 528 4058 548 4118; x_wconf 89' lang='lat'>8</span> <span class='ocrx_word' id='word_1_345' title='bbox 563 4074 630 4141; x_wconf 92' lang='lat' dir='ltr'><strong>sq.,</strong></span> <span class='ocrx_word' id='word_1_346' title='bbox 653 4056 703 4118; x_wconf 92' lang='lat' dir='ltr'><strong>est</strong></span> <span class='ocrx_word' id='word_1_347' title='bbox 726 4058 826 4143; x_wconf 89' lang='lat' dir='ltr'><strong>pater</strong></span> <span class='ocrx_word' id='word_1_348' title='bbox 846 4053 961 4120; x_wconf 90' lang='lat' dir='ltr'><strong>herus.</strong></span> <span class='ocrx_word' id='word_1_349' title='bbox 977 4041 1006 4118; x_wconf 67' lang='lat' dir='ltr'><strong>ib</strong></span> <span class='ocrx_word' id='word_1_350' title='bbox 1024 4055 1116 4120; x_wconf 83' lang='lat' dir='ltr'><strong>LXX</strong></span> <span class='ocrx_word' id='word_1_351' title='bbox 1128 4054 1281 4120; x_wconf 85' lang='lat' dir='ltr'><strong>raserunt</strong></span> <span class='ocrx_word' id='word_1_352' title='bbox 1296 4051 1340 4117; x_wconf 89' lang='lat' dir='ltr'><strong>ad</strong></span> <span class='ocrx_word' id='word_1_353' title='bbox 1357 4055 1509 4140; x_wconf 86' lang='lat' dir='ltr'><strong>patrem,</strong></span> 
     </span>
     <span class='ocr_line' id='line_1_36' title="bbox 181 4155 1512 4250; baseline 0 -28"><span class='ocrx_word' id='word_1_354' title='bbox 181 4155 280 4244; x_wconf 75' lang='lat' dir='ltr'><strong>Vulq.</strong></span> <span class='ocrx_word' id='word_1_355' title='bbox 298 4156 344 4222; x_wconf 91' lang='lat' dir='ltr'><strong>ad</strong></span> <span class='ocrx_word' id='word_1_356' title='bbox 363 4155 491 4241; x_wconf 88' lang='lat' dir='ltr'><strong>filium,</strong></span> <span class='ocrx_word' id='word_1_357' title='bbox 515 4180 552 4224; x_wconf 89' lang='lat' dir='ltr'><strong>re</strong></span> <span class='ocrx_word' id='word_1_358' title='bbox 576 4163 667 4224; x_wconf 88' lang='lat' dir='ltr'><strong>certe</strong></span> <span class='ocrx_word' id='word_1_359' title='bbox 689 4163 873 4249; x_wconf 90' lang='lat' dir='ltr'><strong>utrumque</strong></span> <span class='ocrx_word' id='word_1_360' title='bbox 896 4159 1035 4246; x_wconf 81' lang='lat' dir='ltr'><strong>attingit</strong></span> <span class='ocrx_word' id='word_1_361' title='bbox 1055 4159 1206 4250; x_wconf 69' lang='lat' dir='ltr'><strong>(Haase,</strong></span> <span class='ocrx_word' id='word_1_362' title='bbox 1228 4157 1367 4246; x_wconf 81' lang='lat' dir='ltr'><strong>Malo.);</strong></span> <span class='ocrx_word' id='word_1_363' title='bbox 1391 4155 1512 4246; x_wconf 91' lang='lat' dir='ltr'><strong>quodsi</strong></span> 
     </span>
     <span class='ocr_line' id='line_1_37' title="bbox 176 4261 1512 4355; baseline 0 -26"><span class='ocrx_word' id='word_1_364' title='bbox 176 4261 270 4329; x_wconf 88' lang='lat' dir='ltr'><strong>enim</strong></span> <span class='ocrx_word' id='word_1_365' title='bbox 282 4261 336 4328; x_wconf 85' lang='lat' dir='ltr'><strong>lex</strong></span> <span class='ocrx_word' id='word_1_366' title='bbox 348 4263 502 4352; x_wconf 85' lang='lat' dir='ltr'><strong>proxime</strong></span> <span class='ocrx_word' id='word_1_367' title='bbox 521 4265 679 4353; x_wconf 89' lang='lat' dir='ltr'><strong>respiciat</strong></span> <span class='ocrx_word' id='word_1_368' title='bbox 692 4271 825 4355; x_wconf 89' lang='lat' dir='ltr'><strong>patrem</strong></span> <span class='ocrx_word' id='word_1_369' title='bbox 843 4265 988 4332; x_wconf 91' lang='lat' dir='ltr'><strong>alteram</strong></span> <span class='ocrx_word' id='word_1_370' title='bbox 1005 4265 1186 4333; x_wconf 88' lang='lat' dir='ltr'><strong>dueentem</strong></span> <span class='ocrx_word' id='word_1_371' title='bbox 1202 4287 1354 4346; x_wconf 80' lang='lat' dir='ltr'><strong>uxorem,</strong></span> <span class='ocrx_word' id='word_1_372' title='bbox 1373 4269 1512 4354; x_wconf 89' lang='lat' dir='ltr'><strong>propter</strong></span> 
     </span>
     <span class='ocr_line' id='line_1_38' title="bbox 177 4367 1511 4460; baseline 0.001 -26"><span class='ocrx_word' id='word_1_373' title='bbox 177 4367 417 4436; x_wconf 90' lang='lat' dir='ltr'><strong>omnimodam</strong></span> <span class='ocrx_word' id='word_1_374' title='bbox 431 4371 614 4460; x_wconf 87' lang='lat' dir='ltr'><strong>paritatem</strong></span> <span class='ocrx_word' id='word_1_375' title='bbox 628 4371 836 4460; x_wconf 89' lang='lat' dir='ltr'><strong>applicanda</strong></span> <span class='ocrx_word' id='word_1_376' title='bbox 847 4373 931 4439; x_wconf 91' lang='lat' dir='ltr'><strong>item</strong></span> <span class='ocrx_word' id='word_1_377' title='bbox 944 4371 1009 4440; x_wconf 88' lang='lat' dir='ltr'><strong>erit</strong></span> <span class='ocrx_word' id='word_1_378' title='bbox 1021 4373 1066 4440; x_wconf 91' lang='lat' dir='ltr'><strong>ad</strong></span> <span class='ocrx_word' id='word_1_379' title='bbox 1082 4372 1192 4439; x_wconf 86' lang='lat' dir='ltr'><strong>tilium</strong></span> <span class='ocrx_word' id='word_1_380' title='bbox 1208 4371 1353 4438; x_wconf 89' lang='lat' dir='ltr'><strong>alteram</strong></span> <span class='ocrx_word' id='word_1_381' title='bbox 1370 4393 1511 4437; x_wconf 89' lang='lat' dir='ltr'><strong>uxorem</strong></span> 
     </span>
     <span class='ocr_line' id='line_1_39' title="bbox 179 4474 1510 4570; baseline 0.001 -31"><span class='ocrx_word' id='word_1_382' title='bbox 179 4474 365 4541; x_wconf 89' lang='lat' dir='ltr'><strong>ducentem</strong></span> <span class='ocrx_word' id='word_1_383' title='bbox 381 4475 436 4543; x_wconf 87' lang='lat' dir='ltr'><strong>vel</strong></span> <span class='ocrx_word' id='word_1_384' title='bbox 454 4481 588 4566; x_wconf 86' lang='lat' dir='ltr'><strong>epatre</strong></span> <span class='ocrx_word' id='word_1_385' title='bbox 605 4477 672 4543; x_wconf 90' lang='lat' dir='ltr'><strong>sibi</strong></span> <span class='ocrx_word' id='word_1_386' title='bbox 692 4479 865 4566; x_wconf 87' lang='lat' dir='ltr'><strong>provisam</strong></span> <span class='ocrx_word' id='word_1_387' title='bbox 885 4478 1122 4570; x_wconf 91' lang='lat' dir='ltr'><strong>accipientem.</strong></span> <span class='ocrx_word' id='word_1_388' title='bbox 1138 4500 1170 4546; x_wconf 80' lang='lat' dir='ltr'><strong>u.</strong></span> <span class='ocrx_word' id='word_1_389' title='bbox 1190 4485 1228 4546; x_wconf 88' lang='lat'><strong>10</strong></span> <span class='ocrx_word' id='word_1_390' title='bbox 1245 4505 1260 4540; x_wconf 88' lang='lat'>«</span> <span class='ocrx_word' id='word_1_391' title='bbox 1280 4475 1410 4557; x_wconf 82' lang='lat' dir='ltr'><strong>Quodsi</strong></span> <span class='ocrx_word' id='word_1_392' title='bbox 1424 4475 1510 4542; x_wconf 78' lang='lat' dir='ltr'><strong>clte-</strong></span> 
     </span>
     <span class='ocr_line' id='line_1_40' title="bbox 176 4581 1510 4674; baseline 0.001 -29"><span class='ocrx_word' id='word_1_393' title='bbox 176 4603 252 4648; x_wconf 81' lang='lat' dir='ltr'><strong>ram</strong></span> <span class='ocrx_word' id='word_1_394' title='bbox 268 4582 302 4647; x_wconf 83' lang='lat' dir='ltr'><strong>ci</strong></span> <span class='ocrx_word' id='word_1_395' title='bbox 313 4581 484 4672; x_wconf 82' lang='lat' dir='ltr'><strong>acceperit</strong></span> <span class='ocrx_word' id='word_1_396' title='bbox 499 4609 536 4664; x_wconf 81' lang='lat' dir='ltr'><strong>a,</strong></span> <span class='ocrx_word' id='word_1_397' title='bbox 552 4604 624 4650; x_wconf 91' lang='lat' dir='ltr'><strong>non</strong></span> <span class='ocrx_word' id='word_1_398' title='bbox 638 4584 754 4673; x_wconf 89' lang='lat' dir='ltr'><strong>priore</strong></span> <span class='ocrx_word' id='word_1_399' title='bbox 770 4585 949 4673; x_wconf 87' lang='lat' dir='ltr'><strong>repudiata</strong></span> <span class='ocrx_word' id='word_1_400' title='bbox 967 4585 977 4674; x_wconf 91' lang='lat'>(</span> <span class='ocrx_word' id='word_1_401' title='bbox 986 4585 1086 4674; x_wconf 79' lang='lat' dir='ltr'><strong>Vulq.</strong></span> <span class='ocrx_word' id='word_1_402' title='bbox 1105 4605 1118 4650; x_wconf 90' lang='lat'><strong>.·</strong></span> <span class='ocrx_word' id='word_1_403' title='bbox 1131 4585 1173 4652; x_wconf 91' lang='lat' dir='ltr'><strong>cl.</strong></span> <span class='ocrx_word' id='word_1_404' title='bbox 1193 4611 1210 4647; x_wconf 81' lang='lat' dir='ltr'><strong>a</strong></span> <span class='ocrx_word' id='word_1_405' title='bbox 1230 4582 1368 4671; x_wconf 89' lang='lat' dir='ltr'><strong>nuptias</strong></span> <span class='ocrx_word' id='word_1_406' title='bbox 1383 4582 1432 4670; x_wconf 74' lang='lat' dir='ltr'><strong>a),</strong></span> <span class='ocrx_word' id='word_1_407' title='bbox 1450 4581 1510 4648; x_wconf 88' lang='lat' dir='ltr'><strong>sed</strong></span> 
     </span>
     <span class='ocr_line' id='line_1_41' title="bbox 178 4687 1512 4780; baseline -0.001 -28"><span class='ocrx_word' id='word_1_408' title='bbox 178 4687 284 4775; x_wconf 89' lang='lat' dir='ltr'><strong>priori</strong></span> <span class='ocrx_word' id='word_1_409' title='bbox 317 4687 618 4777; x_wconf 88' lang='lat' dir='ltr'><strong>superaddendam</strong></span> <span class='ocrx_word' id='word_1_410' title='bbox 637 4689 703 4778; x_wconf 77' lang='lat' dir='ltr'><strong>(Pr.</strong></span> <span class='ocrx_word' id='word_1_411' title='bbox 735 4690 844 4778; x_wconf 56' lang='lat' dir='ltr'><strong>Ioni,</strong></span> <span class='ocrx_word' id='word_1_412' title='bbox 873 4717 889 4752; x_wconf 76' lang='lat' dir='ltr'><strong>a</strong></span> <span class='ocrx_word' id='word_1_413' title='bbox 912 4690 1106 4780; x_wconf 72' lang='lat' dir='ltr'><strong>providebit</strong></span> <span class='ocrx_word' id='word_1_414' title='bbox 1134 4689 1293 4780; x_wconf 79' lang='lat' dir='ltr'><strong>[paellae]</strong></span> <span class='ocrx_word' id='word_1_415' title='bbox 1315 4687 1454 4778; x_wconf 79' lang='lat' dir='ltr'><strong>nuptias</strong></span> <span class='ocrx_word' id='word_1_416' title='bbox 1478 4699 1512 4752; x_wconf 83' lang='lat' dir='ltr'><strong>et</strong></span> 
     </span>
     <span class='ocr_line' id='line_1_42' title="bbox 179 4793 1508 4885; baseline -0.001 -26"><span class='ocrx_word' id='word_1_417' title='bbox 179 4794 401 4878; x_wconf 78' lang='lat' dir='ltr'><strong>vestimenta,</strong></span> <span class='ocrx_word' id='word_1_418' title='bbox 416 4806 449 4860; x_wconf 85' lang='lat' dir='ltr'><strong>et</strong></span> <span class='ocrx_word' id='word_1_419' title='bbox 463 4793 615 4883; x_wconf 82' lang='lat' dir='ltr'><strong>pretium</strong></span> <span class='ocrx_word' id='word_1_420' title='bbox 629 4795 822 4884; x_wconf 81' lang='lat' dir='ltr'><strong>pudicitiae</strong></span> <span class='ocrx_word' id='word_1_421' title='bbox 841 4819 910 4863; x_wconf 81' lang='lat' dir='ltr'><strong>aon</strong></span> <span class='ocrx_word' id='word_1_422' title='bbox 934 4797 1073 4885; x_wconf 78' lang='lat' dir='ltr'><strong>aeqcrdit</strong></span> <span class='ocrx_word' id='word_1_423' title='bbox 1099 4827 1128 4863; x_wconf 85' lang='lat'><strong>».</strong></span> <span class='ocrx_word' id='word_1_424' title='bbox 1152 4813 1219 4862; x_wconf 71' lang='lat' dir='ltr'><strong>mu·</strong></span> <span class='ocrx_word' id='word_1_425' title='bbox 1236 4799 1285 4862; x_wconf 87' lang='lat' dir='ltr'><strong>cst</strong></span> <span class='ocrx_word' id='word_1_426' title='bbox 1305 4815 1398 4876; x_wconf 84' lang='lat' dir='ltr'><strong>carc,</strong></span> <span class='ocrx_word' id='word_1_427' title='bbox 1419 4795 1508 4860; x_wconf 90' lang='lat' dir='ltr'><strong>recte</strong></span> 
     </span>
    </p>
   </div>
   <div class='ocr_carea' id='block_1_3' title="bbox 1743 4755 1758 4832">
    <p class='ocr_par' dir='ltr' id='par_1_5' title="bbox 1743 4727 1758 4832">
     <span class='ocr_line' id='line_1_43' title="bbox 1743 4755 1758 4832; baseline 0 0"><span class='ocrx_word' id='word_1_428' title='bbox 1743 4755 1758 4832; x_wconf 79' lang='lat' dir='ltr'><strong>l</strong></span> 
     </span>
    </p>
   </div>
   <div class='ocr_carea' id='block_1_4' title="bbox 0 0 1772 5384">
    <p class='ocr_par' dir='ltr' id='par_1_6' title="bbox 0 0 1772 5384">
     <span class='ocr_line' id='line_1_44' title="bbox 0 0 1772 5384; baseline 0 0"><span class='ocrx_word' id='word_1_429' title='bbox 0 0 1772 5384; x_wconf 95' lang='lat' dir='ltr'><strong> </strong></span> 
     </span>
    </p>
   </div>
  </div>
 </body>
</html>
