3534 5384
256 386 296 444 60
708 399 911 444 suasissem
933 400 965 443 ru
985 398 1135 445 susurro.

255 536 380 601 frustra
409 534 560 624 primum
589 539 731 601 conatus
758 534 990 601 Hebraeorum
1023 533 1129 600 fidem
1159 531 1308 619 erigere,
1338 533 1458 620 Moysis
1484 533 1589 600 fidem

255 642 436 708 confirmat
451 661 618 731 suumque
631 642 668 706 in
682 640 897 708 Pharaonem
910 641 1087 706 eonsilium
1102 642 1242 706 revelat.

501 852 531 912 i.
548 845 676 933 Moysis
696 844 744 911 cd
759 844 935 911 israelites
952 843 1084 911 reditus
1103 851 1160 912 Ex.
1179 850 1339 925 aiu-31.

298 1050 405 1130 Sicut,
424 1049 633 1140 ubicumque
651 1048 828 1116 commode
848 1049 923 1116 fieri
938 1054 1064 1138 potest,
1083 1054 1174 1116 Sam.
1191 1054 1309 1115 Masor.
1328 1050 1519 1116 secuudum
1534 1049 1588 1115 di·

252 1178 348 1222 versa
370 1157 427 1222 [ie'i
447 1157 584 1244 eloquia
602 1163 730 1222 textum
752 1155 985 1243 distinguunt,
998 1156 1048 1223 ite
1069 1177 1129 1222 nos
1149 1157 1184 1222 h.
1200 1156 1224 1222 l.
1246 1157 1419 1245 eloquium
1434 1179 1467 1222 v.
1485 1162 1524 1222 19
1541 1155 1587 1223 ad

250 1269 381 1350 Moysen
394 1262 522 1330 factum
537 1263 746 1330 secernimus
761 1264 805 1329 ab
820 1263 929 1330 altero
940 1286 972 1328 v.
992 1268 1034 1328 27
1048 1264 1093 1330 ad
1109 1266 1279 1329 Aaronem
1293 1263 1395 1330 facto.

588 1482 612 1515 a.
626 1468 721 1528 Moysis
737 1468 931 1516 eMadianitide
943 1468 1065 1527 profectio
1078 1467 1123 1514 Hx.
1139 1469 1243 1528 eis-26.

297 1647 381 1732 Arp.
394 1684 437 1694 -
454 1643 595 1726 Exinde,
612 1643 704 1735 quod
719 1651 855 1736 practer
870 1647 1005 1732 virgam
1020 1667 1161 1712 uxorem
1174 1646 1280 1712 etiam
1291 1651 1325 1712 et
1338 1645 1450 1711 filium
1460 1649 1588 1733 Moyses

253 1773 368 1818 secum
388 1751 509 1824 hahet.
527 1773 646 1818 ansam
670 1753 772 1818 sumit
794 1757 879 1818 licus
901 1751 1036 1818 consilii
1056 1753 1109 1819 sui
1126 1751 1281 1818 intimius
1303 1750 1495 1842 pandendi.
1513 1755 1587 1818 Non

253 1857 361 1924 scium
383 1859 505 1947 repetit
524 1860 689 1948 portentis
703 1881 738 1924 se
760 1859 978 1925 Pharaonem
998 1881 1070 1925 esse
1090 1859 1367 1947 compulsurum,
1382 1857 1443 1924 sed
1466 1879 1586 1925 eorum

253 1969 441 2031 extremum
463 1965 773 2054 primogenitorum
796 1987 915 2032 necem
940 1965 1106 2032 enuntiat.
1126 1963 1399 2032 Circumcisionis
1422 1966 1459 2031 in
1479 1965 1586 2053 stirpe

253 2069 378 2150 electa,
404 2076 583 2159 tamquam
607 2071 756 2138 foederis
782 2093 860 2138 cum
889 2072 1064 2139 Abraham
1088 2071 1167 2139 initi
1195 2071 1320 2156 sigilli,
1345 2071 1586 2138 necessitatem

252 2175 418 2258 inculcat,
435 2177 530 2244 cuius
551 2178 728 2262 neglectus
745 2201 786 2242 ne.
806 2179 843 2244 in
863 2178 961 2246 electi
981 2178 1122 2266 quidem
1143 2179 1333 2267 prophetae
1350 2177 1586 2268 primogenito

253 2283 354 2350 abeat
372 2283 571 2371 impunitus.
589 2285 835 2372 Superstiticne
854 2285 975 2351 delusa
994 2306 1073 2351 cum
1092 2284 1164 2351 tilio
1177 2284 1309 2352 recedit
1323 2285 1494 2374 Sephora,
1518 2306 1586 2373 quo

253 2389 398 2455 vinculis
417 2391 542 2455 amoris
558 2389 726 2456 naturalis
741 2388 869 2458 solutus
891 2390 936 2456 ad
955 2398 1131 2456 certamen
1152 2388 1344 2480 expeditior
1361 2411 1477 2457 eoram
1497 2390 1585 2456 Pha-

252 2516 356 2560 raone
370 2499 494 2582 Moyses
506 2501 716 2584 compareat.

289 2665 382 2718 iethro
396 2668 594 2718 Hadienitidrc
609 2668 760 2718 incolebat.
777 2667 920 2719 Iethronis
938 2670 1046 2719 aestivo
1061 2672 1186 2732 tempore
1204 2682 1307 2733 greges
1326 2669 1437 2732 Moyses
1456 2669 1492 2720 ad
1511 2669 1585 2719 inte-

251 2757 327 2806 riora
341 2755 600 2820 deseriiyninabat,
615 2757 650 2806 ad
666 2763 779 2806 ruentem
793 2758 839 2806 Dei
854 2758 941 2806 Horeb
961 2771 1012 2808 seu
1029 2759 1120 2807 Sinai.
1137 2759 1247 2808 Atrion
1263 2759 1356 2808 solent
1370 2760 1515 2820 pastorum
1533 2759 1585 2809 tri-

251 2845 303 2894 bus
319 2858 422 2907 pascua
438 2846 545 2896 aestiva
560 2848 587 2895 et
605 2846 737 2896 hiemalia
752 2849 780 2895 in
800 2845 920 2896 divorsis
935 2846 1098 2910 regionibus
1116 2846 1237 2907 habere,
1253 2847 1303 2896 sed
1322 2848 1352 2895 in
1367 2847 1487 2897 divorsis
1502 2848 1585 2897 unius

249 2933 374 2994 regionis
392 2935 487 2997 pagis,
504 2935 641 2997 imprimis
661 2937 685 2984 si
702 2948 736 2984 ea
754 2941 864 2985 montes
884 2935 987 2985 haheat
1000 2948 1006 2983 :
1019 2938 1128 2986 aestate
1147 2937 1231 2985 altius
1250 2939 1361 2986 montes
1380 2934 1583 2994 conscendunt,

251 3023 343 3072 hieme
358 3025 386 3071 in
405 3023 493 3072 valles
508 3023 685 3074 delabuntur.
699 3022 774 3086 Ergo
791 3023 850 3086 ipse
869 3023 948 3073 Sinai
965 3030 1026 3073 erat
1040 3025 1069 3073 in
1083 3037 1118 3074 ea
1133 3027 1264 3087 regione,
1279 3037 1352 3087 quae
1365 3026 1426 3073 tum
1445 3023 1584 3074 Madiam-

251 3112 287 3160 tis
306 3111 445 3161 audiebat.
461 3111 571 3174 Moyses
591 3125 618 3161 v.
638 3112 669 3161 iii
693 3113 722 3160 in
748 3112 860 3160 Madian
884 3113 1011 3162 diuinum
1031 3112 1165 3162 redeundi
1186 3113 1350 3162 mandatum
1369 3115 1492 3176 accepit,
1509 3113 1584 3176 quod

251 3199 365 3248 minime
384 3201 511 3262 cogimur
530 3200 674 3250 adstruere
694 3200 836 3250 diversum
856 3215 873 3250 a
894 3201 1027 3251 insudate
1049 3201 1113 3261 3,10
1135 3203 1167 3250 in
1189 3210 1274 3250 monte
1296 3201 1382 3250 Horeb
1407 3201 1493 3252 edito.
1511 3201 1584 3251 lied-

251 3287 334 3338 eundi
356 3288 450 3351 aliqua
471 3291 541 3338 ratio
561 3290 717 3340 accessoria
737 3289 773 3337 ibi
793 3301 850 3338 non
870 3291 1088 3352 exprimebatur,
1106 3290 1152 3338 hic
1171 3290 1341 3353 suppletur:
1363 3306 1375 3337 r
1396 3292 1499 3340 mortui
1519 3293 1585 3340 suni

251 3379 325 3428 enim
349 3389 455 3434 omnes,
476 3379 523 3440 qui
547 3377 720 3440 quaerebant
744 3379 867 3426 animam
893 3385 970 3427 tuam
989 3397 1013 3427 ι.
1036 3379 1130 3428 Aliam
1151 3380 1290 3429 rationem
1313 3381 1499 3428 accessoriam
1523 3381 1584 3442 ipse

252 3465 360 3526 Moyses
378 3479 405 3513 v.
423 3465 453 3516 18
469 3466 643 3516 enuntiabat.
660 3466 782 3516 Rursum
803 3467 834 3516 in
853 3473 939 3515 monte
959 3468 1007 3516 Dei
1022 3467 1116 3517 Horeb
1136 3481 1164 3515 r.
1182 3467 1216 3517 ‘27
1239 3467 1350 3530 Moyses
1368 3469 1508 3517 Aaronem
1532 3467 1583 3517 oh-

250 3553 325 3602 vium
341 3553 438 3613 habet,
455 3554 539 3616 idque
558 3557 622 3618 post
637 3555 699 3604 vale
717 3555 841 3605 Ieihroni
855 3556 959 3606 dictum
975 3556 1110 3607 accidisse
1126 3557 1186 3606 veri
1199 3557 1292 3606 simile
1305 3568 1397 3619 nequo
1412 3559 1506 3606 tamen
1521 3568 1584 3606 cer·
1670 3547 1675 3556 ’

250 3645 308 3691 tum
324 3647 374 3692 est.
392 3641 512 3692 Potuere
527 3644 598 3694 haee
612 3645 705 3694 oinnia
719 3643 795 3694 brevi
810 3644 943 3695 distamm
957 3647 1012 3707 agi.
1029 3644 1110 3695 Unde
1126 3647 1220 3696 Aaron
1237 3646 1273 3694 sit
1293 3645 1458 3704 accersitus,
1475 3658 1511 3694 ex
1526 3646 1584 3696 Ae-

249 3736 389 3793 gyptoen
409 3731 556 3794 exaliqua
578 3732 766 3784 Maelianitidis
786 3737 879 3796 parte,
896 3735 1068 3797 ignoramus.
1087 3734 1228 3784 Audacius
1249 3733 1333 3783 infert
1357 3735 1437 3795 Tora,
1459 3738 1585 3784 montem

251 3817 343 3868 Horeb
364 3818 451 3868 luisse
471 3821 499 3869 in
518 3821 618 3870 itinere
638 3835 655 3870 a
673 3822 812 3872 ieibronis
831 3821 899 3872 sede
918 3822 948 3871 in
970 3823 1143 3886 Aegyptum,
1164 3829 1195 3872 ut
1212 3821 1300 3884 Moysi
1319 3836 1336 3871 a
1356 3820 1488 3872 Iethrone
1507 3834 1584 3872 sece-

250 3907 325 3956 denti
339 3915 366 3958 et
381 3908 539 3972 Aegyptum
557 3911 664 3972 petenti
678 3910 762 3960 luerit
779 3923 891 3960 rursum
905 3924 994 3975 prope
1008 3914 1133 3962 montem
1149 3912 1243 3961 Horeb
1260 3911 1471 3961 transeundum.
1488 3911 1584 3970 Quae-

251 4008 310 4056 res,
328 4009 376 4047 cur
391 3996 502 4047 tandem
521 3997 620 4048 cadem
640 3999 718 4060 regio
733 3998 853 4048 dirersis
868 4000 1028 4052 nominibus
1043 4000 1212 4064 appelletur.
1226 3999 1257 4049 Id
1277 3999 1358 4050 iaciic
1374 4000 1542 4062 explicabis,
1559 4001 1584 4049 si

251 4097 393 4146 supponas
410 4085 505 4135 divina
519 4085 589 4136 haec
604 4087 715 4150 eloquia
732 4099 827 4136 esses
848 4087 944 4149 Moyse
962 4091 1083 4150 primum
1103 4089 1220 4139 seorsim
1235 4089 1388 4150 descripta,
1405 4089 1582 4152 postmodum

251 4174 279 4222 in
304 4187 387 4222 tinam
409 4176 570 4224 continuam
593 4174 782 4226 redactionem
802 4180 914 4239 coacta,
930 4177 1004 4240 quod
1025 4177 1176 4228 stinctum
1197 4178 1246 4238 sit,
1267 4179 1358 4240 potnit
1382 4178 1481 4227 eadem
1505 4178 1584 4240 regio

250 4260 333 4311 modo
348 4262 524 4322 lindienitis,
542 4263 625 4314 inodo
638 4278 711 4312 niens
727 4265 771 4314 liei
789 4265 936 4328 appellari.
951 4293 987 4301 -
1001 4266 1050 4317 Uti
1064 4265 1128 4327 ‘Ati
1143 4266 1228 4328 Vuig.
1248 4264 1308 4327 Syr.
1326 4278 1361 4315 ex
1383 4266 1443 4326 18,l
1461 4266 1582 4316 alterum

251 4349 353 4411 Moysis
368 4347 456 4400 filium
472 4351 579 4402 Miiczer
593 4353 768 4416 supplevere,
785 4353 825 4402 ita
841 4353 904 4413 initi
917 4354 1060 4403 levissima
1073 4355 1252 4417 corruptione
1266 4366 1364 4404 omnes
1378 4368 1396 4403 a
1409 4359 1457 4410 in
1471 4354 1507 4404 ad
1520 4361 1580 4409 iia:

251 4437 397 4488 devenere.
416 4439 471 4488 Sed
491 4454 517 4490 r.
534 4441 565 4490 ‘25
582 4443 694 4490 unicum
713 4440 801 4491 filium
818 4443 911 4502 novit,
927 4455 1017 4505 neque
1032 4455 1058 4491 v.
1076 4442 1110 4492 20
1126 4456 1189 4493 cum
1208 4443 1272 4491 LH
1291 4455 1362 4505 opus
1377 4446 1420 4492 est
1440 4445 1581 4506 corrigere

250 4527 351 4576 crines.
367 4527 456 4578 Mater
470 4542 532 4579 cum
551 4530 635 4580 unico
650 4528 707 4579 tilio
721 4531 838 4593 perutile
852 4531 956 4580 insedit
970 4532 1063 4591 asino;
1081 4534 1129 4581 sut
1144 4528 1253 4592 Moyses
1268 4533 1381 4582 nonnisi
1395 4532 1492 4594 piures
1506 4531 1581 4594 apud

249 4615 342 4666 letbro
357 4629 446 4667 annos
459 4625 582 4669 moratus
599 4616 685 4667 tiliam
702 4619 795 4678 duxit,
812 4623 860 4668 aut
880 4621 950 4669 hacc
968 4619 1093 4681 pluribus
1111 4622 1193 4669 annis
1211 4619 1265 4669 luit
1283 4621 1397 4670 sterilis.
1412 4620 1511 4685 Neque
1531 4620 1577 4670 ad·

249 4705 424 4756 mirationem
443 4712 537 4758 movet
551 4708 685 4758 articulus
700 4709 764 4758 ante
779 4713 861 4767 inii,
878 4721 934 4771 quo
949 4707 1056 4758 inducti
1075 4713 1140 4758 sunt
1156 4711 1228 4760 Tost.
1245 4709 1364 4773 aliique,
1380 4710 1412 4759 ut
1428 4710 1502 4759 serio
1516 4721 1583 4772 per·

248 4793 403 4856 penderent
418 4797 630 4858 quaestionem:
646 4812 656 4843 ι
672 4797 716 4846 An
727 4797 823 4860 opinio
836 4796 928 4846 Rabbi
944 4796 1089 4857 Salomon,
1106 4798 1180 4860 qtrod
1192 4799 1304 4861 asinus,
1320 4811 1376 4862 quo
1394 4799 1504 4861 Moyses
1520 4797 1583 4849 tuiii
