3534 5384
745 338 792 379 ax.
815 321 886 389 3t‚l
911 337 977 388 son.

244 470 326 558 Cap.
342 470 458 535 ΧΧΧΙ
463 472 489 535 V
505 491 536 535 v.
553 476 569 534 1
586 498 601 528 α
620 472 669 535 Ac
684 468 844 557 deinceps
863 495 879 530 »
902 489 909 535 :
932 508 976 518 -
995 470 1096 534 Hebr.
1117 489 1129 532 .·
1147 480 1179 533 et
1197 467 1287 533 (linit
1301 467 1470 533 Dominus
1482 466 1546 533 nd
1587 464 1715 531 'a

197 578 336 663 Moysen
341 595 356 658 ,·
367 597 386 640 e
398 579 517 642 contra
527 582 641 657 33,19.
656 582 710 643 20.
722 581 761 642 21
780 588 832 643 :et
843 573 945 641 nteit.
958 574 1140 641 Prolixiore
1153 572 1302 640 formula
1313 595 1441 641 novum
1452 596 1531 641 nar·
1575 646 1577 654 ,

197 681 340 748 rationis
361 688 464 769 caput
484 681 622 771 incipit,
644 682 785 749 fortasse
805 681 908 748 etiam
930 687 1016 748 Deus
1038 681 1123 746 haec
1144 702 1215 746 non
1237 680 1434 747 immediate
1447 684 1532 769 post
1610 767 1612 772 Ι

198 793 298 868 3333
311 787 512 876 prolocutus
522 795 573 855 est
582 828 627 837 -
639 819 654 848 «
667 787 846 871 Procride,
860 789 920 871 ait,
934 787 998 852 tibi
1010 787 1096 853 duos
1109 784 1242 852 tubulus
1258 786 1412 875 lapideos
1423 786 1532 853 instar
1704 791 1714 806 ⁸

194 894 351 984 priorum
356 945 366 976 ,
390 906 422 958 n
442 894 588 961 scribom
609 917 711 983 semer
729 917 785 962 eos
809 896 925 979 aerbo,
944 916 1032 983 quoe
1055 890 1248 959 indecorum
1269 891 1423 976 tubicine,
1445 914 1531 982 qccos

193 999 330 1088 [cepisti
348 1027 378 1065 ».
394 1007 435 1066 at
455 1023 487 1067 v.
506 1006 548 1066 27
563 1022 614 1089 sq.
634 1006 759 1088 Moyses
780 1007 814 1067 et
839 999 988 1067 seribere
1008 998 1148 1066 iubetur
1170 1006 1202 1065 et
1222 997 1350 1064 scribit.
1373 998 1424 1064 Md
1443 1020 1531 1087 quae
1627 1020 1631 1027 ⁸
1663 988 1699 1074 bf·

198 1110 324 1173 asserta
347 1107 604 1195 componenda,
627 1107 741 1173 variae
762 1114 796 1172 et
814 1105 1011 1193 ingeniosae
1032 1106 1245 1192 excogitatae
1264 1109 1344 1171 sunt
1367 1106 1528 1171 rationes.

199 1212 455 1302 simplicissima
467 1217 533 1294 est,
552 1222 589 1279 ut
608 1235 780 1303 supponas
796 1213 870 1279 voci
886 1227 999 1277 tnznri
1012 1211 1149 1279 literam
1165 1211 1223 1278 iod
1242 1211 1428 1278 accrevisse
1449 1211 1531 1277 scri·
1585 1212 1588 1215 ⁴
1623 1290 1624 1294 Μ

199 1319 262 1385 bae
284 1318 462 1386 cuiusdam
489 1319 639 1399 incuria,
667 1326 700 1386 et
723 1321 767 1386 ob
793 1318 994 1386 memoriam
1022 1323 1376 1404 textus.32,1ss.llrgo
1400 1319 1532 1406 priores
1661 1312 1743 1407 {a}

197 1425 334 1491 tabulae
350 1426 478 1492 excisae
491 1432 524 1492 et
538 1427 722 1515 inscriptae
735 1432 834 1493 erant
852 1448 956 1514 opere
973 1426 1042 1506 Dei,
1060 1427 1266 1514 posteriores
1282 1446 1385 1512 opere
1397 1423 1528 1511 Moysis,
1615 1501 1616 1505 Μ
1655 1441 1656 1444 ’

198 1541 463 1598 monumentum
487 1538 689 1622 perpetuum
719 1532 827 1599 divini
853 1532 889 1598 in
913 1531 1185 1621 superstitionem
1210 1530 1293 1596 odii.
1314 1530 1424 1595 Simul
1445 1535 1532 1596 Deus
1754 1619 1756 1625 Α

198 1637 346 1704 secundo
361 1638 552 1705 concedens
567 1639 702 1706 tabulas
721 1639 934 1717 manifestat,
952 1660 986 1704 se
1005 1636 1133 1703 foederi
1148 1641 1227 1703 ante
1247 1636 1332 1703 inito
1346 1636 1447 1727 plene
1468 1635 1530 1703 ad·
1600 1690 1601 1693 1
1759 1654 1762 1681 ³

201 1744 358 1825 haerere,
375 1753 407 1810 et
427 1744 689 1811 tabernaculum
704 1751 738 1811 et
755 1745 907 1834 reliqua,
926 1742 1043 1833 qualia
1062 1765 1137 1832 cap.
1160 1748 1263 1810 25-31
1285 1742 1528 1831 descripserat,
1655 1731 1657 1738 ’
1686 1736 1696 1760 ”
1717 1729 1740 1752 ’“

198 1850 319 1917 confici
334 1851 422 1917 velle
443 1850 561 1939 (Coi).
580 1875 612 1918 v.
631 1857 651 1915 *2
672 1880 687 1911 «
706 1853 787 1917 Esto
796 1863 942 1940 paratus
956 1873 1073 1932 creone,
1094 1862 1131 1914 ut
1144 1847 1308 1915 nsceccdos
1321 1848 1439 1914 statim
1455 1876 1470 1909 n
1487 1886 1532 1898 -
1703 1925 1709 1935 ι

199 1959 299 2024 Hebe.
317 1979 418 2024 ninere
437 1997 480 2007 -
506 1985 522 2017 ι(
549 1957 587 2023 in
604 1971 755 2024 montem
773 1957 889 2041 Sinni,
908 1956 1225 2045 stobisqncmccnm
1245 1977 1346 2045 snper
1369 1953 1531 2021 uerticem
1631 1982 1634 1989 ·
1683 1967 1730 2053 ,Μ’

199 2063 324 2130 montis
350 2092 379 2129 n.
398 2053 426 2129 ab
445 2064 559 2155 potius
580 2066 695 2154 accipe
721 2070 757 2132 ut
781 2063 936 2129 dativum
958 2064 1110 2130 ethicum
1135 2064 1240 2152 (LXX
1257 2063 1334 2151 pot),
1352 2082 1422 2127 non
1448 2083 1531 2133 vero
1624 2089 1625 2092 ¹
1665 2078 1734 2125 :tr

200 2177 311 2237 vertas
321 2193 450 2236 memma
467 2171 519 2236 vel
529 2193 643 2237 cocum
654 2193 708 2236 me
721 2169 859 2260 (Chald.
867 2173 890 2256 J).
904 2170 1042 2236 labetur
1051 2168 1234 2256 Moysesibi
1247 2167 1400 2258 opperiri
1412 2171 1529 2235 Deum.
1655 2170 1660 2185 ⁴
1693 2156 1695 2165 ’
1720 2182 1722 2189 ·

200 2281 301 2342 Porro
318 2278 384 2344 hoc
398 2300 475 2345 cum
493 2282 560 2343 Deo
576 2276 657 2343 inde
671 2299 691 2343 a
706 2283 809 2359 33,1a
823 2276 1035 2366 colloquium
1048 2275 1244 2342 habebatur
1255 2273 1293 2341 in
1308 2273 1532 2342 tabernaculo
1665 2357 1687 2366 y
1708 2341 1714 2349 ,
1731 2354 1733 2358 ,

200 2388 293 2449 extra
306 2389 417 2450 castra
432 2390 510 2464 33‚7
528 2384 727 2464 constituto,
750 2386 891 2451 fortasse
908 2405 1024 2463 manc,
1043 2405 1111 2471 quo
1130 2382 1233 2468 Moysi
1255 2381 1429 2449 sufficiens
1442 2386 1533 2446 tem·
1624 2359 1736 2438 1³⁸

198 2511 262 2579 pus
276 2489 549 2579 relinquebatur,
567 2496 605 2556 ut
625 2489 793 2580 usquead
813 2512 960 2578 sequens
976 2511 1092 2569 mane,
1112 2510 1191 2555 nam
1207 2487 1297 2556 istud
1314 2510 1416 2554 sensu
1432 2486 1533 2553 obvio
1620 2483 1645 2508 ”

199 2594 389 2664 intellectus
410 2619 443 2663 v.
467 2596 658 2685 irespicit,
676 2596 812 2663 tabulas
832 2595 909 2661 illas
930 2617 1002 2661 non
1020 2594 1071 2660 ita
1085 2616 1230 2681 magnas
1255 2593 1439 2661 excideret.
1458 2599 1531 2660 v.3
1606 2593 1607 2596 ’

201 2732 217 2762 «
238 2701 364 2769 Nullus
377 2703 543 2769 ascendat
560 2715 683 2784 lernou,
700 2724 762 2769 nec
782 2700 941 2767 uidentur
957 2700 1142 2791 qnisquam
1155 2723 1223 2790 per
1236 2713 1346 2766 tonnn
1362 2711 1533 2783 ncontem;
1602 2769 1604 2771 ,
1656 2759 1660 2769 ,
1677 2684 1759 2783 '‘³³2⁷''

200 2811 296 2874 boves
316 2831 450 2898 quoqne
465 2822 498 2874 et
512 2832 590 2875 ones·
603 2831 673 2875 non
683 2821 875 2899 poscantur
890 2831 907 2872 e
921 2819 1042 2873 contro
1059 2834 1089 2875 ».
1107 2813 1146 2873 ln
1160 2806 1299 2873 foedere
1317 2804 1532 2872 restituendo
1633 2858 1636 2866 .
1688 2812 1741 2887 ἢ

200 2913 320 2980 eadem
342 2914 415 2981 lere
438 2916 674 2996 observantur,
697 2937 786 3004 quae
812 2920 912 2994 mna
937 2936 1012 3003 sqq.
1036 2916 1072 2980 in
1098 2912 1236 2979 loedere
1261 2911 1414 3000 primum
1435 2911 1531 2977 insti·
1687 2907 1692 2929 ⁴

199 3020 328 3085 tuendo
346 3019 525 3087 observata
542 3023 691 3088 fuerant.

243 3130 336 3193 Iussa
348 3127 541 3215 exsequitur
555 3131 680 3215 Moyses
697 3149 730 3194 v.
749 3133 767 3193 t
787 3148 794 3194 :
813 3154 829 3188 a
846 3125 988 3193 Excidit
1003 3148 1082 3214 erpo
1098 3124 1184 3190 decos
1200 3124 1336 3191 tabidos
1353 3123 1527 3213 lapideos,

200 3232 319 3323 prcoles
346 3244 448 3299 anteo
471 3235 628 3323 scierunt,
650 3246 684 3300 et
704 3232 745 3300 de
769 3247 866 3301 noete
892 3255 1100 3321 eonnnpens·
1130 3230 1285 3298 osoercdit
1316 3231 1352 3296 in
1383 3244 1530 3296 montem

199 3339 315 3421 Sinni,
336 3339 423 3405 sicut
443 3353 663 3430 yoroeoepernt
685 3341 718 3406 ei
736 3341 919 3423 Dominus,
940 3353 1084 3430 portans
1109 3360 1223 3405 secum
1249 3338 1384 3404 tnbnlas
1408 3365 1439 3402 n.
1457 3360 1488 3403 v.
1510 3344 1530 3404 5

201 3476 216 3507 α
236 3448 388 3535 Cecrnqne
398 3445 624 3513 descendisset
633 3448 798 3514 Dominus
808 3469 872 3537 per
884 3449 1020 3530 noctem,
1039 3445 1131 3511 stetit
1141 3445 1300 3534 [Moyses]
1316 3466 1393 3511 cnm
1407 3466 1460 3524 eo,
1478 3444 1531 3509 in·

199 3574 324 3618 oocnns
338 3574 460 3619 nomon
474 3555 615 3621 Domini
629 3583 659 3621 ».
678 3553 875 3621 Subiectum
891 3553 989 3619 verbi
1004 3552 1099 3618 stetit
1112 3558 1203 3619 recte
1219 3550 1394 3641 supplevit
1416 3550 1481 3618 Vul
1509 3602 1530 3630 .,

200 3679 246 3727 sc.
260 3661 410 3746 Moysen
420 3659 587 3750 impletur
598 3661 740 3750 quippe,
756 3660 958 3749 quod33,21
972 3658 1142 3725 indixerat
1154 3663 1241 3724 Deus
1256 3680 1264 3725 :
1281 3686 1296 3718 α
1314 3657 1419 3724 stabis
1429 3678 1533 3745 supra

201 3768 335 3852 petram
359 3794 388 3834 n.
413 3767 507 3833 ldem
525 3767 719 3834 subiectum
738 3766 986 3833 adstruendum
1006 3770 1056 3831 est
1071 3764 1245 3853 sequentis
1259 3764 1356 3831 verbi
1370 3763 1502 3829 oocnoit
1521 3784 1533 3827 .·

201 3892 247 3938 sc.
269 3876 395 3959 Moyses
412 3895 448 3939 se
467 3874 614 3941 munivit
636 3874 796 3940 invocato
813 3872 952 3939 nomine
973 3872 1087 3938 lahve.
1110 3894 1143 3937 v.
1164 3879 1184 3935 o
1202 3898 1218 3932 a
1239 3874 1312 3952 Quo
1337 3880 1532 3935 trnrnennte

202 4000 317 4044 corum
339 4002 394 4065 eo,
412 3978 464 4046 uit
481 4008 495 4040 n
516 4002 523 4048 :
544 4020 589 4030 —
610 3979 802 4047 subiectum
822 3978 920 4045 verbi
942 3990 1137 4044 nomennto
1161 3976 1322 4067 exprimit
1344 3974 1460 4060 Mein,
1483 3997 1528 4042 sc.
1679 4040 1751 4075 Μ

199 4082 302 4150 Iahon
308 4104 323 4167 ;
334 4087 506 4174 sequentis
516 4086 613 4153 verbi
625 4085 676 4152 nit
685 4085 874 4152 subiectum
893 4084 992 4174 Vulp.
1007 4106 1142 4152 rursum
1155 4083 1293 4173 supplet
1302 4086 1448 4169 Moysen.
1467 4082 1533 4148 Sed
1627 4126 1630 4131 -
1687 4079 1698 4132 ἶ
1717 4073 1760 4162 ζ,

201 4190 403 4280 interpretes
427 4194 654 4260 communiter
673 4192 866 4259 subiectum
886 4191 1036 4258 retinent
1048 4195 1168 4258 Deum.
1190 4194 1264 4258 Non
1279 4194 1424 4279 apparet
1445 4189 1531 4255 ratio
1724 4191 1735 4201 “’

102 4335 104 4337 -
201 4296 358 4364 mutandi
368 4297 522 4365 subiecti.
542 4300 716 4390 Impletur,
734 4299 826 4388 quod
842 4304 943 4379 33‚19
961 4298 1113 4365 edixerat
1122 4302 1219 4376 Dein,
1237 4318 1272 4362 se
1292 4324 1308 4357 α
1328 4299 1529 4362 vocat-urum

201 4402 385 4469 innomine
396 4404 531 4471 Domini
542 4433 572 4471 ».
588 4405 758 4495 lpsissima
768 4405 1012 4493 verbanttsq.
1032 4408 1342 4494 repetunturNum.
1366 4407 1527 4490 1l,1*1sq.
1678 4476 1704 4494 -.

200 4515 377 4600 tamquam
390 4532 410 4575 a
423 4513 491 4577 Deo
507 4511 640 4600 pridem
656 4512 801 4602 prolata.
818 4511 980 4594 Tandem,
996 4510 1115 4598 Moysis
1131 4510 1235 4577 verba
1253 4531 1330 4577 cum
1344 4531 1377 4575 v.
1395 4514 1414 4574 9
1428 4505 1532 4573 subii·
1601 4531 1602 4534 ¹
1620 4503 1667 4597 ζ,
1689 4501 1695 4517 ²

201 4615 346 4696 cientur,
368 4616 586 4705 probabilius
605 4617 740 4684 videtur
758 4641 789 4682 x.
808 4624 828 4683 6
845 4640 896 4707 sq.
915 4640 985 4684 non
1009 4640 1078 4685 esse
1101 4617 1229 4705 Moysis.
1248 4616 1358 4704 Igitur
1376 4614 1530 4703 primum
1576 4629 1599 4703 ng

201 4743 298 4802 suam
322 4723 499 4790 essentiam
524 4724 712 4813 proclamat
733 4729 818 4791 Deus
835 4724 944 4790 tribus
963 4722 1102 4791 vocibus
1124 4751 1140 4783 «
1163 4723 1365 4789 Dominntor
1385 4717 1531 4785 Domine
1570 4771 1598 4813 Ὗ

1561 4896 1596 4929 e

1613 4968 1640 5038 a}
