3534 5384
741 410 789 453 ax.
812 395 903 466 20,ss
927 411 973 462 so.
1465 393 1523 456 203

190 550 266 635 post
281 545 478 610 servitutem
493 545 735 633 aegyptiacam
754 564 762 610 τ
783 543 953 633 posterior
967 542 1054 609 ratio
1074 545 1223 632 priorem
1242 544 1383 610 minime
1408 545 1524 612 exclu-

190 650 256 732 dit,
279 672 391 739 neque
412 650 586 716 diversum
604 649 719 739 prodit
740 649 953 739 scriptorem.
975 655 1031 718 Ex.
1051 655 1155 730 2:212
1175 653 1209 715 et
1227 656 1323 717 lleut.
1349 654 1427 731 5,1t
1447 673 1523 740 spe-

189 755 309 824 cialius
318 757 485 822 insistitur
498 755 631 847 requiei
641 763 716 845 post
726 755 966 823 hebdomadae
978 757 1131 824 laborem
1145 755 1310 845 operariis
1324 776 1522 824 concessae:

191 864 295 930 etiam
315 865 401 929 haee
420 868 469 930 est
483 885 564 929 vera
578 861 681 944 ratio,
704 862 784 929 licet
802 862 1038 929 subordinate.

227 1045 442 1108 Exponebatuus
466 1047 496 1093 in
516 1049 672 1094 comment.
691 1045 721 1093 in
742 1045 866 1096 Genesin
888 1059 916 1108 p.
935 1043 968 1095 te
985 1057 1048 1108 sqq.
1069 1046 1148 1094 varia
1168 1043 1365 1106 cosrnogonlae
1385 1044 1524 1093 mosaicae

192 1133 373 1197 explicandae
394 1134 555 1195 systemata.
572 1133 686 1182 Nullam
710 1135 739 1182 in
753 1136 832 1184 textu
846 1133 897 1184 Ex.
916 1133 994 1193 tull
1012 1147 1075 1184 euru
1100 1146 1151 1183 suo
1175 1135 1328 1195 systemate
1349 1132 1524 1182 conciliando

192 1221 383 1272 difficultatem
398 1223 579 1286 experiuntur
591 1221 791 1271 Dilectontrtoe
807 1235 815 1270 .·
830 1235 928 1274 verum
943 1223 1041 1280 iidem,
1056 1225 1143 1272 strata
1157 1223 1252 1272 omnia
1265 1219 1413 1284 geologlea
1429 1223 1524 1284 paucis

194 1312 314 1361 saeculis
327 1310 447 1361 tormata
461 1324 525 1361 esse
544 1308 740 1371 detendentes,
761 1313 936 1374 argumentis
957 1312 1112 1375 geologieis
1133 1309 1325 1362 coniiciuntur.
1342 1310 1523 1370 Periodtstae,

192 1401 304 1463 plenam
316 1412 380 1449 curn
392 1400 521 1462 geologls
536 1399 714 1451 concordiam
727 1400 958 1463 praetendentes,
973 1413 1117 1463 nunquam
1132 1401 1226 1450 tamen
1240 1412 1332 1462 neque
1347 1399 1523 1449 demonstra·

193 1502 259 1538 vere
274 1501 365 1551 neque
379 1488 572 1539 demonstrare
588 1493 705 1552 potuere
723 1491 846 1553 tempus,
862 1502 921 1553 quo
933 1489 1052 1540 lormata
1065 1491 1122 1540 sint
1136 1492 1224 1540 strata
1238 1489 1342 1548 omnia,
1357 1489 1456 1552 suapte
1472 1499 1524 1536 na·

194 1581 256 1627 tura
270 1579 298 1625 in
313 1590 357 1626 see
369 1578 494 1641 periodos
509 1577 642 1640 distingui
656 1577 755 1627 diebus
770 1579 931 1629 hexaemeri
946 1579 1212 1642 correspondentes;
1228 1578 1277 1627 sed
1292 1579 1384 1627 missis
1399 1577 1521 1641 primae,

194 1666 333 1716 secundae
345 1673 373 1716 et
386 1670 503 1729 quartae
521 1666 577 1716 diei
596 1667 742 1730 operibus,
758 1668 793 1717 de
811 1668 880 1718 solis
899 1669 1014 1734 tertiae,
1031 1669 1147 1730 quintae
1166 1669 1194 1717 et
1212 1668 1308 1717 sextae
1323 1666 1378 1717 diei
1393 1665 1524 1728 operibus

193 1755 360 1805 disseruere.
376 1754 503 1818 Reliquis
515 1757 576 1804 crat
589 1756 800 1819 explicandum,
817 1757 958 1820 quomodo
971 1769 1033 1806 cum
1050 1757 1109 1806 suis
1123 1758 1227 1819 quique
1247 1755 1446 1818 systenratibus
1460 1766 1526 1804 con·

193 1845 322 1895 ciliarent
333 1844 438 1894 verba:
454 1857 505 1893 sex
518 1843 616 1894 diebus
631 1847 735 1894 crearit
752 1847 827 1896 Deus
841 1846 951 1896 coelum
966 1849 994 1896 et
1004 1848 1121 1904 terram,
1136 1848 1163 1895 et
1178 1845 1223 1895 die
1235 1845 1354 1908 septimo
1367 1845 1521 1907 requievit:

192 1932 293 1984 idcirco
305 1934 358 1983 etc.
380 1932 469 1995 Igitur
484 1933 638 1982 secundum
652 1933 843 1997 Atlcportster,
861 1946 981 1998 quorum
1001 1935 1202 1997 antesignanus
1223 1933 1252 1983 S.
1276 1934 1359 1996 Aug,
1380 1945 1431 1997 per
1450 1931 1522 1982 elle-

193 2022 313 2084 poticam
320 2022 490 2072 locutionem
501 2021 578 2071 Deus
591 2035 622 2070 se
633 2023 760 2072 exhibuit
772 2036 822 2072 sex
832 2022 931 2073 diebus
942 2023 1075 2072 mundum
1085 2027 1226 2074 creantem
1237 2027 1301 2082 ete,
1316 2020 1457 2072 etidcirco
1469 2025 1522 2072 etc.

196 2110 355 2161 Secundum
379 2110 538 2170 identatus,
557 2111 657 2161 volens
679 2111 755 2160 Deus
773 2122 938 2162 consecrare
961 2112 1121 2171 sabbatum,
1143 2125 1192 2162 sex
1212 2111 1310 2162 diebus
1329 2123 1360 2160 se
1378 2112 1524 2174 operatum

195 2211 256 2249 esse
271 2201 414 2263 affirmauit
437 2201 504 2260 ete„
527 2201 555 2249 et
577 2198 681 2250 idcirco
696 2200 748 2249 etc.
774 2200 934 2251 Secundum
953 2202 1099 2260 Poettstcs,
1114 2213 1194 2251 sacer
1207 2201 1321 2265 quidam
1340 2204 1423 2264 poeta
1442 2200 1521 2263 fineis

197 2288 286 2336 Deum
309 2301 360 2338 sex
384 2286 483 2338 diebus
507 2288 695 2348 laborantem,
719 2289 872 2340 etidcirco
899 2291 951 2340 eto.
975 2289 1134 2341 Secundum
1162 2289 1401 2348 tractationum,
1426 2289 1524 2339 volens

197 2375 272 2426 Deus
284 2389 448 2427 consecrare
468 2376 629 2435 sabbatum,
647 2377 797 2428 creationis
820 2390 892 2442 opus
913 2379 1039 2429 exhibuit
1064 2379 1167 2430 cisione
1181 2381 1323 2442 tamquam
1348 2390 1398 2428 sex
1419 2377 1526 2428 dierum

197 2465 335 2524 laborem,
355 2477 405 2514 sex
424 2465 523 2515 diebus
542 2478 640 2528 reapse
659 2469 825 2529 conspectus
848 2470 891 2517 est
912 2467 1053 2526 laborare,
1076 2471 1159 2530 atque
1182 2468 1313 2530 deinceps
1332 2468 1423 2529 legem
1446 2465 1522 2525 tulit,

197 2553 271 2616 qued
285 2555 346 2616 ipse
357 2565 407 2604 sex
421 2553 519 2604 diebus
533 2554 687 2604 laborasset
699 2557 728 2604 et
739 2557 858 2617 septimo
867 2555 913 2606 die
928 2556 1125 2620 requievisset,
1142 2556 1244 2606 ideirco
1261 2557 1410 2618 septimum
1425 2567 1526 2618 quem-

197 2653 252 2705 que
263 2641 337 2691 diem
352 2641 511 2692 habendum
527 2655 589 2693 esse
603 2655 723 2693 sacrum.
740 2643 781 2692 Ex
796 2644 841 2692 his
852 2645 1028 2708 perspicitur,
1043 2645 1277 2695 Revelationistas
1292 2645 1392 2694 ceteris
1409 2643 1527 2692 solidius

197 2732 390 2792 quaestionem
401 2730 541 2781 dirimere.
558 2730 683 2791 Etenim,
699 2731 765 2781 dum
779 2734 880 2797 reliqui
902 2734 962 2784 sola
976 2735 1112 2796 allegoria
1125 2736 1174 2783 aut
1188 2733 1373 2784 affirmatlone
1393 2735 1442 2781 eut
1456 2744 1526 2794 poe·

196 2820 251 2869 tica
263 2820 375 2869 lieentia
391 2821 526 2879 nituntur,
544 2820 782 2871 Revelationistae
794 2835 893 2871 verum
912 2827 1024 2884 praesto
1045 2823 1149 2872 habent
1163 2821 1276 2885 sectant,
1294 2835 1365 2884 opus
1384 2833 1435 2880 se,
1450 2819 1525 2882 quod

196 2912 379 2972 protoparens
393 2909 422 2958 in
436 2910 544 2959 visione
558 2909 648 2958 Deum
660 2908 849 2972 perficientem
864 2913 1023 2974 conspexit;
1040 2911 1108 2961 illud
1121 2910 1224 2961 iactum
1239 2923 1302 2960 curn
1321 2909 1416 2959 divina
1431 2910 1523 2958 inten-

198 2998 273 3046 tione
287 2997 468 3047 conseerandi
481 2998 604 3057 sabbati,
620 2997 761 3047 sulliriens
774 2999 834 3048 Deo
845 2997 898 3048 tuit
912 3001 999 3060 ratio,
1015 3001 1046 3048 ut
1059 3001 1161 3049 intuitu
1176 3001 1236 3048 eius
1252 2997 1316 3049 lacti
1331 2997 1439 3048 sabbati
1459 2996 1526 3046 reli-

197 3086 310 3148 gionem
323 3087 495 3149 iniungeret,
511 3087 649 3150 simulque
660 3087 823 3150 posterioris
836 3089 899 3140 aeri
917 3089 1113 3152 interpretibus
1128 3088 1321 3151 quaestionem
1339 3085 1523 3136 dirimendam

196 3177 365 3234 reservaret,
382 3176 448 3238 quid
462 3177 659 3238 cosmogoniae
674 3178 702 3226 in
717 3189 810 3226 rerum
824 3183 924 3226 natura
943 3176 1059 3235 lactum,
1076 3177 1142 3240 quid
1157 3177 1350 3228 tantummodo
1365 3176 1395 3224 ln
1414 3175 1526 3224 visione

198 3261 259 3313 fieri
273 3268 451 3326 conspectum
466 3265 513 3314 stt.

242 3424 273 3467 v.
299 3408 339 3468 la
365 3431 381 3462 «
404 3405 545 3468 Honora
569 3415 703 3490 patrem
732 3416 830 3469 terum
850 3416 884 3468 rt
902 3416 1043 3470 tratrem
1066 3418 1178 3490 rtrum,
1208 3417 1243 3470 ut
1270 3405 1316 3468 sr's
1341 3406 1527 3492 lanqueum·
1566 3465 1569 3472 .

197 3529 298 3596 srqner
322 3520 463 3592 terram,
491 3530 595 3598 qrram
615 3509 783 3576 Dominus
804 3514 895 3576 Deus
917 3522 993 3576 luris
1018 3510 1114 3577 debit
1138 3511 1201 3576 libi
1223 3540 1252 3577 ».
1283 3515 1384 3579 llecte
1407 3514 1493 3575 Tost.
1513 3529 1525 3571 .·

202 3641 218 3674 «
233 3619 299 3680 lsta
317 3614 496 3705 promissio
512 3619 563 3682 esi
580 3615 739 3705 specialis
761 3615 804 3682 ad
822 3616 983 3696 ludaeos,
1004 3617 1086 3706 quia
1104 3639 1174 3683 non
1193 3623 1304 3708 potest
1326 3619 1391 3684 hoo
1406 3617 1527 3683 referri

199 3721 244 3788 ad
269 3720 355 3788 alias
377 3727 497 3808 gentes
526 3749 557 3787 ».
583 3725 615 3788 S.
641 3723 762 3789 Paulus
783 3730 898 3790 autem
915 3724 999 3813 Eph.
1022 3731 1079 3805 62
1094 3731 1195 3791 vocat
1209 3724 1275 3790 hoo
1291 3752 1307 3785 α
1324 3724 1523 3790 mandatum

199 3827 352 3917 primum
367 3828 404 3894 in
417 3828 641 3917 promissione
659 3857 692 3911 »,
709 3829 732 3895 i.
749 3851 780 3895 e.
798 3830 893 3918 quod
905 3828 1113 3920 adscriptam
1127 3830 1254 3898 habeat
1264 3829 1524 3920 promissionem

199 3935 366 4001 directam
381 3942 414 4002 et
427 3935 633 4024 explicitam,
646 3957 725 4002 nam
735 3935 868 4024 aliquid
881 3937 1118 4025 promissionis
1133 3938 1201 4004 iam
1218 3939 1324 4004 habet
1337 3959 1368 4002 v.
1389 3943 1420 4004 6.
1439 3938 1530 4002 LXX

199 4041 236 4108 h.
253 4040 278 4108 l.
296 4040 346 4108 uti
359 4047 453 4108 [leut.
472 4048 552 4123 5,1o
570 4042 667 4108 addit
684 4055 716 4107 el
738 4045 820 4108 berte
839 4042 884 4108 sit
903 4042 966 4108 tibi
986 4065 999 4106 .·
1019 4043 1109 4132 quod
1127 4043 1402 4111 additamentum
1418 4041 1529 4109 subti-

198 4147 397 4214 liusDr'llm.
419 4148 544 4238 repetit
563 4171 603 4214 ex
626 4171 710 4216 aevo
729 4148 848 4239 aliquo
863 4150 1069 4238 posteriore,
1088 4150 1148 4217 ubi
1166 4151 1237 4217 iam
1253 4149 1412 4216 homines
1429 4171 1528 4239 expe-

198 4255 324 4321 rientia
338 4255 538 4337 didicerint,
557 4256 697 4342 longam
711 4256 863 4322 adversis
877 4256 981 4324 rebus
994 4257 1096 4324 vitam
1112 4257 1313 4346 neutiquam
1330 4279 1400 4323 esse
1418 4280 1524 4346 appe-

197 4361 354 4443 teudam3
375 4361 440 4428 hoe
462 4360 517 4428 rel
544 4361 661 4449 lloysis
689 4363 851 4452 aequales
871 4369 1007 4430 norant.
1032 4364 1183 4431 Alterum
1211 4364 1408 4430 membrum
1431 4363 1525 4452 prius

199 4468 364 4558 explieat,
381 4475 414 4534 et
438 4490 540 4558 saepe
559 4469 595 4534 in
614 4474 710 4535 aaut.
731 4468 834 4535 ambo
855 4470 958 4536 simul
979 4470 1144 4555 leguntur
1162 4471 1218 4558 (ef.
1239 4478 1335 4552 t,t0;
1353 4476 1443 4550 5,*29.
1467 4475 1525 4545 33;

199 4576 309 4662 22,'l);
331 4575 421 4641 unde
443 4576 547 4641 etiam
573 4575 790 4664 perspicitur,
813 4598 918 4664 quam
942 4575 1040 4642 facile
1067 4578 1212 4643 alterum
1236 4577 1429 4643 membrum
1445 4575 1528 4639 irre-

198 4703 281 4770 pere
302 4682 453 4771 potuerit
475 4682 512 4746 in
532 4687 676 4765 textum,
692 4683 753 4771 qui
774 4681 870 4771 prius
891 4681 1085 4749 membrum
1106 4682 1250 4750 haberet
1267 4683 1388 4748 solum.
1404 4685 1529 4768 Perpe-

201 4809 275 4854 ram
297 4788 380 4854 item
405 4787 523 4853 Dillm.
550 4791 719 4876 suggerit,
737 4793 867 4855 textum
891 4811 959 4856 non
987 4789 1099 4855 solum
1120 4787 1251 4855 edicere
1275 4789 1427 4874 singulos
1450 4784 1525 4874 pios
