3534 5384
719 466 756 507 iix
778 464 919 509 audiero
940 466 971 509 IN
993 464 1084 509 smil.

498 700 526 746 2.
546 697 679 744 Occasione
695 696 899 744 sancdficetionis
913 696 1133 757 primogenitorum
1148 696 1194 745 Ex.
1214 698 1331 757 tati-lo.

271 858 356 946 Arp.
375 895 420 906 -
438 859 619 923 Construas
637 856 684 922 ita
702 878 709 924 :
730 859 885 945 Cumque
905 854 1136 923 introduaerit
1157 854 1401 941 talaberam,
1422 876 1568 943 cretaque

228 962 400 1053 separabis
413 984 525 1046 ονννννο,
537 960 632 1052 quod
640 962 753 1051 aperit
767 962 906 1028 ruinam
919 973 995 1045 ete,
1009 961 1120 1029 —hia
1130 962 1316 1029 resumitur
1326 983 1359 1029 v.
1376 966 1417 1029 12
1427 982 1477 1050 sq.
1493 956 1568 1050 ipsa

227 1069 294 1152 lex,
305 1092 406 1160 quae,
419 1068 513 1160 quod
525 1068 682 1135 videatur
695 1069 798 1135 tuisse
812 1074 923 1156 Moyse
939 1068 1126 1159 antiquior,
1138 1068 1174 1135 in
1187 1066 1474 1158 praecedentibus
1483 1088 1568 1134 non-

228 1176 313 1242 dum
328 1175 630 1242 recensebatur-
647 1197 791 1263 errorque
805 1174 1067 1265 interroparerit
1082 1186 1113 1241 te
1129 1174 1225 1264 filicis
1240 1186 1407 1260 tartessia,
1425 1196 1566 1263 respou-

229 1281 324 1348 debr's
338 1282 372 1348 ei
386 1294 450 1348 etc.

275 1412 307 1456 ν.
326 1395 365 1454 11
385 1415 401 1448 «
419 1390 572 1477 Cumque
588 1387 819 1455 introduxerit
831 1398 863 1454 te
877 1389 1044 1455 Dominus
1054 1388 1090 1454 in
1106 1401 1235 1455 terram
1252 1386 1465 1468 Cbuuanaei,
1478 1386 1566 1452 sieut

231 1493 358 1561 iuravit
380 1494 443 1560 tibi
458 1505 492 1561 et
503 1494 662 1583 patribus
683 1494 766 1575 tuis,
783 1506 815 1560 et
834 1492 968 1560 dederit
993 1494 1058 1561 tibi
1077 1515 1153 1560 eune
1169 1520 1186 1557 ο
1210 1514 1268 1561 zv.
1292 1499 1333 1559 12
1350 1522 1366 1555 «
1391 1492 1566 1583 separabis

230 1623 346 1687 omree,
364 1598 459 1691 quod
471 1599 583 1690 aperit
596 1600 749 1686 reatuum,
767 1600 936 1687 Domino,·
950 1612 982 1665 rt
1002 1599 1097 1689 qttod
1107 1598 1329 1691 primitivum
1345 1613 1394 1666 est
1409 1599 1447 1665 ira
1463 1621 1565 1689 peco-

230 1707 324 1773 ribus
337 1706 424 1789 tuis,
442 1705 617 1797 quidquid
629 1706 788 1774 habueris
801 1706 989 1773 nutsculini
1002 1728 1118 1793 serris,
1137 1706 1346 1773 consecrabis
1364 1706 1511 1773 Domino
1532 1734 1563 1771 νν.

233 1841 249 1875 νν
273 1817 319 1880 Er
337 1813 415 1900 lege
435 1813 751 1903 primogenitorum
771 1813 920 1881 docendi
938 1817 1018 1880 sunt
1036 1819 1194 1903 parentes
1213 1835 1284 1880 non
1302 1812 1466 1879 obsistere
1488 1812 1566 1880 filiis

230 1918 367 1987 tametsi
397 1918 653 2009 primogenitis
677 1920 747 1987 imo
772 1925 805 1986 et
830 1919 1033 2009 unigenitis,
1055 1918 1275 2009 cupientibus
1295 1919 1338 1986 ad
1362 1917 1565 2006 religionem

228 2028 405 2093 transire»
426 2026 565 2116 (Spin).

263 2176 365 2230 mnan
381 2173 499 2221 transire
516 2170 613 2235 iacies,
628 2184 696 2235 erpo
711 2173 881 2236 sepreqobts,
898 2172 1064 2223 consecrabis
1080 2185 1088 2219 :
1105 2172 1175 2223 haee
1189 2168 1358 2233 significatio
1372 2170 1427 2221 dici
1446 2170 1495 2220 vix
1514 2182 1565 2233 po·

228 2262 284 2311 test
302 2260 441 2319 derivata,
458 2260 509 2318 aad
527 2262 632 2310 nativa.
651 2261 732 2319 Quod
744 2272 814 2324 ergo
828 2260 895 2311 Lev.
916 2260 991 2322 iasii
1012 2265 1068 2312 etc.
1085 2261 1243 2311 scribantur
1258 2256 1288 2325 (i)
1308 2256 1360 2308 11111
1379 2259 1566 2309 «consecrari

230 2348 340 2399 iioiocn
357 2363 381 2410 ν,
398 2360 454 2397 non
470 2348 555 2399 afficit
573 2348 608 2398 ad
625 2361 689 2399 eam
702 2350 818 2412 impiam
836 2350 1077 2399 consecrationem
1091 2348 1120 2400 b.
1134 2348 1154 2398 l.
1171 2348 1259 2399 alludi
1278 2344 1371 2415 (reri),
1388 2350 1438 2399 aut
1456 2348 1564 2398 textum

229 2448 293 2487 esse
316 2438 458 2486 recentius
480 2438 612 2501 scriptum
635 2434 769 2502 (uoltu).
786 2436 828 2489 Gi.
845 2436 938 2487 Dtttm.
954 2463 990 2474 —
1004 2442 1065 2494 iim
1093 2436 1170 2499 Vota.
1188 2436 1284 2487 dbold.
1297 2435 1464 2487 intellexere
1488 2435 1564 2486 idem

230 2537 293 2576 esse
312 2528 398 2588 atque
418 2531 495 2586 nni,
511 2531 540 2575 ct
554 2524 723 2589 significatio
737 2524 821 2576 rutra
835 2538 935 2589 reapse
955 2526 1080 2575 eradica
1095 2525 1216 2586 demisit,
1232 2526 1347 2589 proiecit
1361 2522 1500 2575 satiabile
1515 2523 1566 2575 de·

230 2614 337 2663 rivatur
350 2625 443 2677 noque
456 2614 549 2673 video,
566 2626 615 2664 cur
629 2613 728 2665 eadem
741 2628 800 2665 non
815 2615 906 2678 possit
920 2614 1027 2664 adstrui
1041 2626 1092 2677 pro
1107 2614 1190 2665 Deut.
1205 2613 1283 2675 i‚ia;
1301 2612 1375 2673 18,1.
1394 2612 1435 2664 18.
1449 2613 1493 2663 51.
1507 2611 1565 2663 Sed

230 2715 293 2752 eam
307 2702 336 2751 1ν.
352 2700 370 2750 l.
387 2713 445 2751 non
463 2703 659 2766 supponebant
676 2705 739 2753 m
753 2718 762 2753 .·
778 2698 831 2751 Πᾶν
851 2698 978 2769 διανοῖγον
994 2698 1089 2770 μήτραν
1106 2697 1132 2753 ἐκ
1152 2696 1289 2769 βοοκολ1ων
1309 2698 1324 2764 ἢ
1345 2697 1370 2751 ἐν
1385 2697 1487 2765 ardreni
1507 2716 1564 2751 οοο.

230 2790 285 2842 Ubi
305 2786 401 2858 μήτραν
420 2798 535 2842 nonest
551 2792 625 2843 idom
645 2795 729 2855 atque
749 2799 827 2853 tini,
842 2792 892 2842 sed
909 2792 949 2842 uti
966 2804 994 2842 v.
1015 2791 1044 2842 13
1060 2805 1076 2843 c
1091 2794 1223 2843 contextu
1242 2792 1384 2856 sapienter
1402 2791 1563 2855 suppletur;
1588 2856 1591 2861 Ι

229 2884 290 2937 iiiii
309 2892 377 2931 vero
397 2881 466 2931 latet
488 2881 515 2929 in
534 2882 628 2944 priore
647 2880 765 2931 dirorum
783 2881 961 2944 sequentium
981 2881 1125 2931 nominum
1144 2876 1180 2947 (ἐκ
1200 2875 1363 2947 bassatius),
1378 2891 1450 2943 quae
1464 2878 1567 2942 copula

229 2969 408 3032 colligantur.
426 2968 461 3019 iit
481 2974 550 3018 nota
570 2968 645 3019 Lxx
660 2970 790 3033 ignorare
805 2970 937 3032 copulam
956 2972 1022 3019 ante
1042 2971 1128 3021 citata
1146 2969 1233 3020 verba
1252 2970 1305 3028 ita,
1322 2970 1352 3019 ut
1369 2984 1381 3017 ν
1396 2980 1479 3018 omne
1500 2979 1565 3029 ape·

228 3057 303 3107 riens
321 3056 435 3107 vulvam
452 3073 464 3104 ν
482 3071 508 3107 ν.
525 3058 552 3106 11
576 3058 705 3108 videatur
720 3057 808 3107 dividi
826 3071 854 3107 ν.
875 3058 906 3108 12
922 3070 965 3123 sq.
982 3060 1011 3107 in
1025 3059 1082 3110 tres
1102 3057 1207 3108 classes
1223 3071 1229 3106 :
1247 3070 1331 3108 omne
1347 3058 1477 3120 aperiens
1496 3056 1565 3119 (vui-

226 3142 298 3210 vam)
315 3153 406 3201 nnn:
420 3151 491 3207 iim,
508 3159 592 3197 omne
606 3147 739 3209 aperiens
752 3141 887 3214 (vulvam)
903 3147 990 3207 asini,
1008 3159 1093 3198 omne
1106 3148 1326 3210 primogenitum
1342 3145 1473 3196 hominis.
1491 3144 1565 3195 Pro·

227 3234 299 3284 iccio
314 3242 405 3290 nnn:
420 3240 481 3292 “did
492 3234 577 3293 Lxx,
594 3236 636 3284 uti
650 3235 678 3284 h.
693 3235 725 3295 i.,
740 3235 780 3285 ita
790 3236 875 3285 etiam
889 3234 970 3285 Deut.
986 3234 1048 3295 7,13
1057 3249 1064 3295 ;
1078 3234 1152 3295 idi.
1167 3234 1208 3285 ta.
1224 3234 1254 3285 15
1269 3237 1383 3285 vertunt
1397 3228 1428 3283 τὰ
1443 3227 1567 3300 βουκόλια

228 3323 278 3371 τῶν
302 3318 367 3389 βοῶν
389 3337 449 3383 οοο;
466 3322 562 3373 dbold.
585 3329 661 3404 'quin
682 3328 768 3407 ripn,
790 3330 913 3373 armenta
937 3325 1030 3383 baum·
1045 3324 1169 3387 itemque
1190 3326 1252 3387 Sps.
1274 3325 1298 3375 A
1318 3322 1413 3373 radice
1434 3327 1496 3380 iiii
1517 3322 1566 3372 alii

229 3411 357 3460 derivant
380 3410 615 3474 significationem
634 3410 730 3475 taetus.
745 3419 886 3468 -tiiitia
909 3414 1005 3463 nativa
1027 3414 1191 3475 acceptione
1215 3411 1344 3475 designat
1367 3409 1566 3475 quadrupedes

229 3498 397 3549 domesticos
414 3500 560 3563 gregarios
582 3496 625 3573 ici.
642 3499 712 3552 Gen.
734 3499 795 3565 iri
813 3513 888 3564 sqq.;
906 3500 973 3551 Lev.
993 3498 1057 3567 Li).
1072 3500 1178 3553 Vocem
1195 3500 1364 3564 quandoque
1379 3500 1465 3566 iatius
1479 3500 1563 3558 sumi,

229 3600 287 3638 non
301 3588 344 3637 eei
358 3588 516 3639 mirandum
530 3601 537 3637 ε
553 3601 580 3637 ν.
593 3600 620 3653 g.
638 3588 723 3639 Num.
738 3588 819 3651 aira
834 3602 928 3639 serino
940 3598 984 3641 est
996 3588 1031 3640 de
1048 3606 1060 3636 ν
1077 3590 1210 3653 gregibus
1222 3590 1409 3652 omnibusque
1424 3594 1516 3645 1113111
1534 3600 1563 3647 ν;

230 3676 301 3727 Gen.
326 3673 406 3736 iiia
428 3690 463 3727 eo
485 3677 600 3727 nomiae
620 3680 731 3741 practer
754 3677 842 3728 bores
864 3677 997 3729 videntur
1016 3676 1122 3728 includi
1142 3690 1223 3736 oves,
1240 3690 1355 3742 caprae,
1377 3677 1457 3741 equi,
1475 3677 1562 3733 asini:

229 3762 399 3829 quandoque
413 3779 469 3817 vox
488 3766 592 3816 arctius
609 3767 695 3816 etiarn
713 3768 833 3817 sumitur
847 3766 882 3816 de
895 3766 1122 3831 quadrupedibus
1136 3765 1297 3816 domesticis
1316 3766 1454 3829 gregariis
1473 3764 1563 3814 maio·

228 3855 318 3914 ribus,
336 3854 456 3905 exclusis
475 3855 630 3905 minoribus
649 3859 713 3913 nm,
736 3857 753 3904 1.
770 3869 796 3905 ο.
813 3856 913 3906 ovibus
930 3861 958 3906 et
977 3856 1081 3919 capris.
1100 3854 1159 3905 Sed
1178 3856 1231 3905 hos
1252 3854 1355 3910 includi
1378 3855 1406 3904 b.
1424 3854 1443 3903 i.
1461 3852 1566 3903 inieras

227 3956 263 3993 ex
276 3943 345 3994 Lev.
362 3942 457 4003 17,16;
476 3943 558 3993 Num.
579 3943 656 4002 18,15
670 3956 732 4007 sqq.
748 3945 803 4006 rigi
813 3944 841 3993 h.
856 3944 877 3996 1.
892 3944 926 3995 de
936 3946 1005 3994 solis
1020 3942 1249 4007 quadrupedibus
1263 3942 1375 3993 mundis
1390 3942 1472 3991 docet
1485 3956 1513 3991 v.
1534 3942 1564 3990 15

228 4033 253 4092 (ν
267 4030 381 4083 immolo
398 4028 517 4096 ›t.Equi
541 4033 570 4080 in
591 4032 719 4096 Aegypto
738 4032 796 4083 iero
816 4034 898 4083 unice
920 4035 980 4083 tum
999 4033 1217 4084 reservabantur
1235 4033 1297 4095 regi
1316 4033 1401 4095 atque
1416 4030 1562 4080 exercitui.

227 4117 347 4169 Hebraei
366 4134 456 4184 nsque
480 4120 515 4170 ad
535 4120 651 4171 Davidia
670 4134 789 4184 regnum
810 4120 866 4171 iliis
886 4133 1013 4171 caruere.
1035 4120 1157 4181 Cameli,
1177 4132 1296 4184 quorum
1318 4132 1420 4170 nornen
1444 4119 1565 4169 habetur

225 4205 277 4255 Ex.
294 4207 350 4268 9,3,
368 4210 462 4259 tamen
480 4210 509 4257 in
526 4211 654 4274 Aegypto
672 4210 803 4261 videntur
822 4209 908 4261 iniisse
929 4210 1080 4269 rarissimi,
1097 4209 1176 4260 nulla
1195 4211 1260 4259 ante
1282 4209 1453 4259 Graecorum
1474 4208 1564 4271 impe-

226 4295 298 4345 rium
309 4296 456 4360 inscriptio
469 4299 517 4347 aut
530 4299 641 4360 pictura
654 4299 720 4349 ilios
733 4298 829 4349 habet.

272 4448 303 4489 v.
325 4432 363 4491 13
380 4453 396 4486 ιν
420 4425 699 4516 Primoprnr'tum
718 4428 812 4495 asini
832 4428 981 4494 recitabis
997 4450 1056 4494 oue
1081 4454 1111 4495 ν.
1128 4432 1194 4495 Cur
1210 4426 1303 4494 solus
1318 4428 1432 4493 asinus
1446 4426 1565 4493 effera-

228 4535 295 4612 tur,
313 4532 501 4620 quaeritur.
523 4538 595 4600 Non
614 4534 696 4624 quia
712 4539 788 4602 crat
805 4534 936 4601 animal
955 4533 1193 4615 immundum,
1211 4533 1362 4600 camelus
1379 4531 1509 4623 quippe
1531 4537 1565 4599 et

229 4636 298 4704 alia
316 4636 435 4727 aliqua
453 4639 534 4706 item
560 4647 657 4708 crant
680 4641 873 4708 immunda.
897 4642 1069 4730 Optimam
1088 4640 1258 4707 rationem
1277 4640 1430 4726 assignat
1445 4638 1561 4729 Syia,

231 4770 246 4803 «
269 4744 350 4834 quia
371 4744 487 4813 iudaei
505 4748 678 4815 asinorum
706 4770 813 4839 opere
837 4749 985 4814 maxime
1006 4746 1193 4814 utebantur
1214 4774 1251 4827 a,
1276 4750 1308 4812 et
1323 4752 1406 4812 nota
1431 4746 1561 4813 asinam

228 4850 368 4918 unicum
385 4853 568 4941 quotannis
581 4856 715 4944 pultum
730 4875 866 4945 parcre.
887 4858 975 4939 Ergo
993 4860 1079 4921 Deus
1093 4854 1159 4920 hoc
1173 4853 1301 4919 animal
1314 4852 1475 4920 Hebraeis
1488 4857 1557 4919 tam
