3534 5384
716 406 765 449 nx.
791 390 882 463 islo
905 384 982 457 socav
1452 390 1510 449 175
1610 352 1612 358 Ι

179 541 291 610 munis
309 563 373 630 pro
395 538 555 607 omnibus
573 559 735 607 mensura
753 566 769 599 «
786 561 906 629 pocior
923 566 953 622 »,
971 537 1022 604 lit.
1041 514 1110 621 3,‘8.
1131 536 1259 615 Quibus
1280 559 1440 607 mensura
1458 562 1511 606 sa-

178 649 222 716 tis
239 669 414 737 superque
436 645 611 713 delinitur.
627 644 845 713 Adiieiuntur
867 644 1093 711 nihilominus
1113 645 1346 733 expressiones
1365 667 1513 733 synony-

178 778 254 823 mae
266 753 408 821 omnino
418 758 487 819 tres
502 752 546 819 ad
559 774 633 819 rem
648 753 824 841 ceteroqui
840 751 981 841 planam
994 750 1258 819 inculcandam:
1274 779 1290 813 a
1300 774 1370 840 per
1380 752 1517 843 angula

180 862 308 952 capito,
328 860 428 926 iusto
442 880 624 926 cremeram
644 858 842 925 animarum
859 871 1066 944 vestrarum,
1080 879 1168 947 quae
1186 855 1342 923 habitent
1361 859 1397 925 in
1412 862 1520 926 tober-

179 967 306 1036 naculo
317 995 347 1050 s,
360 1007 405 1015 -
415 988 476 1033 seu
485 966 600 1032 verius
610 966 801 1033 secundum
812 964 1010 1033 habitantes
1022 1002 1067 1014 -
1081 993 1097 1025 (ι
1111 963 1183 1053 [sic]
1194 963 1321 1030 tolletis
1337 992 1366 1031 ».
1383 970 1428 1031 lle
1441 966 1518 1032 stilo

180 1074 283 1142 huius
314 1072 471 1140 mandati
501 1071 680 1139 casuistica
711 1072 841 1160 effugia
872 1070 1093 1162 praecidente
1127 1071 1170 1138 cf.
1200 1092 1287 1162 quae
1318 1070 1518 1138 dicebamus

180 1204 216 1271 p.
234 1185 296 1247 116
310 1202 363 1270 sq.
380 1203 413 1246 v.
431 1186 472 1246 17
489 1208 505 1241 a
516 1179 812 1269 Feceruntqueita
823 1178 895 1267 filii
904 1176 1027 1264 lsrael,
1043 1188 1075 1245 et
1092 1176 1304 1265 colleqerent
1318 1176 1515 1269 ulicsplre,

182 1286 274 1354 clieta
292 1287 408 1353 minus
429 1313 460 1352 a.
477 1309 510 1356 v.
532 1291 573 1353 18
590 1314 606 1347 u
623 1288 670 1352 Et
685 1284 797 1352 mereri
814 1284 959 1352 suntad
978 1286 1197 1371 [mercturam]
1216 1305 1336 1373 pomer
1351 1305 1364 1351 :
1378 1306 1438 1351 uec
1460 1286 1520 1375 qui

177 1393 263 1484 plus
292 1392 495 1483 colleqerat,
522 1392 643 1460 habuit
667 1391 835 1483 amplc'us;
861 1412 924 1459 uec
953 1390 1016 1478 qui
1032 1389 1148 1457 minua
1165 1403 1368 1481 paraverat,
1392 1392 1518 1482 reperit

182 1500 322 1585 minus;
332 1499 394 1567 sed
405 1499 539 1588 sinquli
551 1499 652 1567 iusta
665 1499 716 1582 id,
732 1498 826 1589 quod
840 1497 939 1566 edere
947 1510 1125 1588 poteraut,
1142 1510 1433 1589 conpreqeuerunt
1450 1526 1480 1567 a.

220 1709 290 1759 Inde
308 1722 326 1760 a
341 1710 394 1759 lor.
409 1709 505 1773 plures
525 1711 554 1757 in
572 1709 626 1759 hoc
644 1709 756 1771 insigne
774 1708 828 1757 eibi
846 1709 899 1758 visi
918 1710 984 1759 suut
1004 1706 1214 1770 deprehendere
1233 1708 1407 1759 miraculum.
1426 1709 1519 1772 Aliqui

186 1798 248 1861 plus
267 1810 382 1862 gomore
401 1797 585 1861 collegerant,
599 1796 674 1861 quod
695 1796 861 1859 colligentes
875 1795 989 1847 vasibus
1007 1798 1152 1846 uterentur
1170 1795 1254 1847 modo
1269 1796 1423 1848 maioribus
1437 1797 1520 1849 modo

188 1887 342 1937 minoribus
358 1886 449 1950 (Text,
465 1886 553 1949 sylv.)
569 1898 675 1949 neque,
691 1885 758 1936 dum
776 1886 955 1948 colligerent,
972 1886 1167 1935 mensurarent
1185 1897 1191 1935 :
1208 1884 1274 1935 deln
1289 1884 1426 1949 stupendo
1445 1886 1521 1936 Deus

188 1975 322 2027 miraculo
337 1986 449 2035 eorum,
465 1976 513 2039 qui
527 1974 591 2039 plus
608 1974 796 2038 collegerant,
812 1986 917 2023 manna
935 1974 1126 2025 condensabat
1140 1975 1168 2024 et
1187 1972 1222 2025 ad
1242 1986 1341 2036 gomor
1361 1987 1536 2025 mensuram·

186 2063 345 2129 redigebat,
362 2075 459 2113 eorum
477 2075 559 2122 vero,
576 2064 624 2126 qui
646 2064 739 2112 miuus
760 2062 946 2126 collegerant,
964 2074 1068 2122 manna
1089 2061 1301 2127 multiplicabat.
1316 2061 1424 2113 Tamen
1445 2064 1521 2113 cius-

188 2152 265 2203 modi
277 2152 444 2203 miraculum
455 2164 513 2202 non
522 2154 633 2215 oportet
647 2152 802 2201 adstruere.
817 2151 996 2213 collegerunt
1011 2152 1107 2215 utique
1122 2152 1170 2201 alii
1184 2152 1258 2215 plus,
1274 2150 1323 2201 alii
1337 2152 1445 2213 minus,
1459 2164 1521 2202 cum

189 2241 225 2293 ob
245 2252 378 2292 vasorum
398 2240 540 2291 diversam
561 2241 761 2303 capacitatem,
778 2241 837 2289 tum
858 2239 933 2303 quod
951 2252 997 2291 res
1016 2252 1073 2291 nou
1096 2252 1173 2290 mera
1191 2236 1358 2301 collectione,
1374 2239 1425 2293 sed
1448 2254 1522 2289 ceri-

188 2332 264 2381 stone
287 2329 399 2381 andem
422 2330 497 2380 esset
520 2328 692 2389 delinienda,
716 2328 890 2392 collegerunt
915 2328 1052 2392 imprimis
1075 2330 1123 2378 alii
1149 2330 1227 2392 plus,
1248 2330 1296 2379 alil
1317 2331 1426 2391 miuus,
1447 2330 1523 2393 quod

189 2420 345 2469 animarum
365 2419 395 2467 in
415 2417 530 2467 lamilils
548 2429 682 2468 numerus
706 2416 789 2468 modo
810 2419 885 2467 esset
902 2418 1001 2479 mator,
1018 2417 1102 2467 modo
1124 2418 1215 2468 minor
1237 2414 1332 2485 (Vct).
1351 2417 1407 2469 Sed
1426 2423 1524 2482 postea

189 2508 242 2558 viri
257 2506 374 2558 tortasse
388 2521 405 2557 a
419 2506 517 2568 Moyse
531 2506 675 2557 constituti
689 2505 877 2556 metiebantur
894 2518 1012 2566 manna,
1029 2507 1069 2557 ita
1083 2511 1114 2556 ut
1128 2518 1220 2570 neque
1235 2508 1282 2571 qui
1301 2506 1435 2570 agiliores
1453 2505 1523 2557 tuis-

190 2600 253 2648 sent
274 2597 303 2646 lu
323 2594 496 2659 colligendo,
518 2596 677 2657 acciperent
700 2596 778 2659 plus,
801 2607 895 2658 neque
918 2595 1017 2659 reliqui
1040 2596 1198 2659 acciperent
1222 2597 1328 2656 miuus,
1345 2595 1395 2646 sed
1420 2595 1523 2658 singuli

190 2664 260 2741 im
277 2664 337 2746 aab,
353 2682 428 2749 quod
441 2684 517 2734 Deus
530 2685 721 2749 praeceperat.
737 2682 779 2734 cl.
796 2682 903 2746 boesa,
921 2682 1005 2733 calm.

607 2898 635 2947 b.
653 2896 784 2948 Tentatio
798 2897 888 2947 altera
901 2896 952 2946 Ex.
973 2896 1112 2957 rats-m.

238 3080 354 3149 Altera
374 3079 418 3147 dc
438 3080 638 3147 manuales
657 3080 779 3162 fertur,
798 3086 837 3146 ut
855 3103 901 3147 sc.
917 3078 1007 3145 nihil
1029 3080 1101 3146 eius
1124 3078 1342 3169 relinquatur
1355 3079 1391 3147 in
1411 3101 1524 3147 mane.

195 3212 229 3255 v.
249 3194 289 3254 19
305 3214 321 3249 u
333 3186 498 3277 Dicitque
508 3188 640 3275 Moyses
651 3185 699 3255 ad
707 3209 762 3253 eos
773 3207 786 3251 .·
798 3189 834 3254 N
833 3185 925 3253 ullus
936 3186 1110 3273 relinquat
1124 3210 1166 3254 ee·
1180 3210 1217 3253 eo
1232 3185 1269 3252 io
1283 3209 1384 3254 mone
1397 3215 1427 3253 o.
1440 3211 1471 3253 v.
1484 3194 1525 3253 20

195 3323 210 3356 ι(
236 3293 305 3376 Qui
318 3316 387 3361 non
404 3292 589 3361 audierunt
608 3316 697 3377 cum,
714 3292 775 3361 secl
786 3291 991 3361 dictitarent
1005 3292 1150 3382 quidam
1169 3317 1210 3360 er
1224 3294 1271 3360 eia
1284 3316 1392 3381 easque
1405 3316 1522 3379 mane,

196 3414 228 3468 et
248 3413 377 3469 scotere
398 3400 499 3491 coepit
518 3400 688 3467 vermibus
706 3428 722 3461 »
743 3439 786 3449 -
802 3415 869 3465 niu
885 3423 906 3468 a
924 3415 977 3465 nir
994 3399 1121 3467 elocari
1145 3400 1228 3467 item
1252 3400 1411 3467 derivant
1437 3404 1528 3467 LXX

194 3513 323 3593 ἐξέζεσε,
335 3507 506 3590 ebullivit,
527 3506 639 3575 Chald
641 3560 648 3573 .
663 3508 743 3596 Syr.
756 3522 841 3579 vni,
854 3506 1023 3574 ebullivit.
1036 3505 1155 3575 Dillm.
1168 3506 1335 3574 derivata
1348 3522 1415 3573 nm
1426 3530 1525 3574 sensu

194 3614 436 3705 putrescendi:
454 3613 604 3681 sedeam
620 3613 773 3681 radicem
788 3612 1015 3681 habuerintne
1030 3613 1191 3695 Hebraei,
1209 3618 1243 3681 et
1263 3637 1303 3682 ea
1322 3614 1463 3703 quidem
1483 3613 1525 3679 si-

198 3720 437 3809 gnificatione,
449 3720 591 3787 minime
606 3725 793 3789 coustat-
807 3746 824 3783 u
836 3732 939 3810 atque
959 3720 1180 3810 computruit.
1201 3720 1367 3788 Etiretus
1387 3735 1523 3789 estece-

197 3841 251 3894 trc
261 3851 316 3895 eos
330 3830 462 3917 Moyses
479 3853 509 3894 ».
522 3826 596 3893 Fuit
611 3832 726 3894 autem
742 3827 821 3907 hoc,
838 3828 889 3893 uti
903 3826 1113 3909 dicebamus
1132 3826 1301 3895 miraculi.
1315 3851 1348 3896 v,
1362 3835 1400 3894 21
1418 3855 1434 3889 c
1451 3828 1526 3895 Col-

199 3934 353 4024 liqebuot
364 3946 480 4001 certem
491 3960 508 3995 »
522 3972 567 3983 —
581 3936 683 4001 Hebr.
696 3933 817 4023 quovis
830 3970 875 3983 -
890 3962 905 3993 α
921 3955 1020 4001 reione
1030 3933 1175 4023 sinqulr',
1189 3946 1357 4023 quantum
1373 3934 1528 4022 sufficere

200 4053 336 4131 poterat
356 4039 404 4108 cd
420 4039 643 4126 vescendum·
656 4062 800 4129 cumque
819 4039 1019 4107 incaluisset
1029 4039 1082 4106 sol
1098 4068 1132 4122 n,
1148 4040 1240 4107 illud
1257 4039 1351 4130 qrcod
1364 4061 1531 4107 remanse-

201 4160 257 4214 rat
268 4169 370 4237 areper
381 4146 511 4235 sociem
527 4146 607 4236 apri
622 4145 774 4236 (Chald.)
782 4198 793 4231 ,
808 4169 878 4213 non
894 4148 987 4234 quod
1000 4145 1183 4214 collectum
1194 4149 1324 4231 fuerat,
1344 4174 1359 4209 u
1375 4147 1530 4237 liquefie-

198 4252 255 4320 bat
276 4283 305 4321 ».

615 4412 639 4449 c.
656 4399 789 4451 Tentatio
802 4400 887 4451 tertia
901 4398 951 4449 Ex.
970 4399 1111 4462 isat-30.

243 4582 323 4650 Dies
342 4595 440 4650 serta
454 4589 503 4650 est
520 4582 594 4650 dies
607 4588 686 4650 ante
701 4583 899 4666 sabbatum,
916 4585 959 4651 cl.
978 4608 1009 4650 v.
1028 4592 1060 4653 5.
1078 4585 1232 4651 Narratio
1248 4585 1388 4653 omnino
1403 4608 1529 4675 suppo-

199 4689 261 4773 nit,
278 4690 451 4758 Hebraeos
461 4694 534 4758 tum
547 4690 775 4757 hebdomadis
789 4690 861 4757 dies
871 4690 1081 4758 distribuisse
1096 4697 1130 4757 et
1144 4690 1235 4758 diem
1251 4694 1445 4782 septimum,
1460 4714 1530 4757 non

204 4796 321 4886 utique
340 4797 417 4885 lege
438 4798 553 4864 stricte
575 4796 666 4865 dicta
691 4802 750 4865 aut
773 4797 906 4881 divina,
927 4820 1062 4865 sacrum
1087 4798 1257 4867 habuisse.
1273 4822 1305 4865 v.
1325 4806 1367 4864 22
1381 4826 1396 4860 c
1416 4802 1458 4865 lu
1476 4798 1530 4862 dic
