<?xml version="1.0" encoding="UTF-8"?>
<!DOCTYPE html PUBLIC "-//W3C//DTD XHTML 1.0 Transitional//EN"
    "http://www.w3.org/TR/xhtml1/DTD/xhtml1-transitional.dtd">
<html xmlns="http://www.w3.org/1999/xhtml" xml:lang="en" lang="en">
 <head>
  <title>
</title>
<meta http-equiv="Content-Type" content="text/html;charset=utf-8" />
  <meta name='ocr-system' content='tesseract 3.04.00' />
  <meta name='ocr-capabilities' content='ocr_page ocr_carea ocr_par ocr_line ocrx_word'/>
</head>
<body>
  <div class='ocr_page' id='page_1' title='image "./commentariusine00hummgoog_0298.png"; bbox 0 0 3534 5384; ppageno 0'>
   <div class='ocr_carea' id='block_1_1' title="bbox 740 333 1530 433">
    <p class='ocr_par' dir='ltr' id='par_1_1' title="bbox 740 333 1530 433">
     <span class='ocr_line' id='line_1_1' title="bbox 740 333 1530 433; baseline -0.001 -11"><span class='ocrx_word' id='word_1_1' title='bbox 740 380 788 422; x_wconf 83' lang='lat' dir='ltr'>ex.</span> <span class='ocrx_word' id='word_1_2' title='bbox 811 333 904 433; x_wconf 53' lang='lat'>2836</span> <span class='ocrx_word' id='word_1_3' title='bbox 926 380 990 433; x_wconf 85' lang='lat' dir='ltr'>sao.</span> <span class='ocrx_word' id='word_1_4' title='bbox 1279 426 1282 432; x_wconf 67' lang='grc'><em>,</em></span> <span class='ocrx_word' id='word_1_5' title='bbox 1473 364 1530 422; x_wconf 71' lang='lat'>287</span> 
     </span>
    </p>
   </div>
   <div class='ocr_carea' id='block_1_2' title="bbox 199 499 1532 902">
    <p class='ocr_par' dir='ltr' id='par_1_2' title="bbox 199 499 1532 902">
     <span class='ocr_line' id='line_1_2' title="bbox 202 499 1532 598; baseline -0.002 -18"><span class='ocrx_word' id='word_1_6' title='bbox 202 499 295 580; x_wconf 80' lang='lat' dir='ltr'>mare</span> <span class='ocrx_word' id='word_1_7' title='bbox 307 512 444 580; x_wconf 89' lang='lat' dir='ltr'>videtur</span> <span class='ocrx_word' id='word_1_8' title='bbox 457 512 557 579; x_wconf 85' lang='lat' dir='ltr'>Eccli.</span> <span class='ocrx_word' id='word_1_9' title='bbox 581 533 589 579; x_wconf 92' lang='lat'>:</span> <span class='ocrx_word' id='word_1_10' title='bbox 610 541 626 572; x_wconf 78' lang='grc' dir='ltr'>α</span> <span class='ocrx_word' id='word_1_11' title='bbox 639 512 677 577; x_wconf 91' lang='lat' dir='ltr'>in</span> <span class='ocrx_word' id='word_1_12' title='bbox 687 513 891 579; x_wconf 83' lang='lat' dir='ltr'>memoriam</span> <span class='ocrx_word' id='word_1_13' title='bbox 906 511 987 577; x_wconf 89' lang='lat' dir='ltr'>filiis</span> <span class='ocrx_word' id='word_1_14' title='bbox 1001 512 1114 598; x_wconf 79' lang='lat' dir='ltr'>gentis</span> <span class='ocrx_word' id='word_1_15' title='bbox 1128 534 1209 578; x_wconf 88' lang='lat' dir='ltr'>suae</span> <span class='ocrx_word' id='word_1_16' title='bbox 1225 538 1255 577; x_wconf 83' lang='lat' dir='ltr'>n.</span> <span class='ocrx_word' id='word_1_17' title='bbox 1273 514 1440 579; x_wconf 89' lang='lat' dir='ltr'>Statuitur</span> <span class='ocrx_word' id='word_1_18' title='bbox 1455 517 1532 578; x_wconf 87' lang='lat' dir='ltr'>tan-</span> 
     </span>
     <span class='ocr_line' id='line_1_3' title="bbox 200 617 1532 709; baseline -0.002 -23"><span class='ocrx_word' id='word_1_19' title='bbox 200 619 279 687; x_wconf 88' lang='lat' dir='ltr'>dem</span> <span class='ocrx_word' id='word_1_20' title='bbox 291 641 404 709; x_wconf 89' lang='lat' dir='ltr'>poena</span> <span class='ocrx_word' id='word_1_21' title='bbox 418 618 550 701; x_wconf 81' lang='lat' dir='ltr'>mactis,</span> <span class='ocrx_word' id='word_1_22' title='bbox 568 639 639 685; x_wconf 93' lang='lat' dir='ltr'>non</span> <span class='ocrx_word' id='word_1_23' title='bbox 657 617 825 685; x_wconf 84' lang='lat' dir='ltr'>miraculo</span> <span class='ocrx_word' id='word_1_24' title='bbox 839 617 900 685; x_wconf 89' lang='lat' dir='ltr'>sed</span> <span class='ocrx_word' id='word_1_25' title='bbox 915 617 1046 685; x_wconf 83' lang='lat' dir='ltr'>iudicio</span> <span class='ocrx_word' id='word_1_26' title='bbox 1060 617 1289 705; x_wconf 83' lang='lat' dir='ltr'>infligendae,</span> <span class='ocrx_word' id='word_1_27' title='bbox 1305 618 1367 687; x_wconf 89' lang='lat' dir='ltr'>ubi</span> <span class='ocrx_word' id='word_1_28' title='bbox 1382 619 1532 709; x_wconf 75' lang='lat' dir='ltr'><strong>pontifex</strong></span> 
     </span>
     <span class='ocr_line' id='line_1_4' title="bbox 199 723 1531 812; baseline -0.002 -20"><span class='ocrx_word' id='word_1_29' title='bbox 199 724 432 793; x_wconf 85' lang='lat' dir='ltr'>sanctuarium</span> <span class='ocrx_word' id='word_1_30' title='bbox 458 724 677 812; x_wconf 79' lang='lat' dir='ltr'>ingrediatur</span> <span class='ocrx_word' id='word_1_31' title='bbox 699 746 797 791; x_wconf 86' lang='lat' dir='ltr'>sacra</span> <span class='ocrx_word' id='word_1_32' title='bbox 822 726 992 806; x_wconf 87' lang='lat' dir='ltr'>facturus,</span> <span class='ocrx_word' id='word_1_33' title='bbox 1015 723 1169 791; x_wconf 89' lang='lat' dir='ltr'>tunicam</span> <span class='ocrx_word' id='word_1_34' title='bbox 1197 747 1277 791; x_wconf 90' lang='lat' dir='ltr'>vero</span> <span class='ocrx_word' id='word_1_35' title='bbox 1304 746 1432 791; x_wconf 80' lang='lat' dir='ltr'>sacram</span> <span class='ocrx_word' id='word_1_36' title='bbox 1463 748 1531 791; x_wconf 90' lang='lat' dir='ltr'>non</span> 
     </span>
     <span class='ocr_line' id='line_1_5' title="bbox 201 833 353 902; baseline 0.007 -5"><span class='ocrx_word' id='word_1_37' title='bbox 201 833 353 902; x_wconf 90' lang='lat' dir='ltr'>indutus.</span> 
     </span>
    </p>
   </div>
   <div class='ocr_carea' id='block_1_3' title="bbox 678 982 1105 1047">
    <p class='ocr_par' dir='ltr' id='par_1_3' title="bbox 678 982 1105 1047">
     <span class='ocr_line' id='line_1_6' title="bbox 678 982 1105 1047; baseline -0.007 -16"><span class='ocrx_word' id='word_1_38' title='bbox 678 985 708 1031; x_wconf 81' lang='lat' dir='ltr'>n.</span> <span class='ocrx_word' id='word_1_39' title='bbox 727 982 846 1029; x_wconf 69' lang='lat' dir='ltr'>atacem</span> <span class='ocrx_word' id='word_1_40' title='bbox 862 990 905 1031; x_wconf 82' lang='lat' dir='ltr'>etc.</span> <span class='ocrx_word' id='word_1_41' title='bbox 924 983 970 1028; x_wconf 79' lang='lat' dir='ltr'>Ex.</span> <span class='ocrx_word' id='word_1_42' title='bbox 987 982 1105 1047; x_wconf 59' lang='lat' dir='ltr'>witti-39.</span> 
     </span>
    </p>
   </div>
   <div class='ocr_carea' id='block_1_4' title="bbox 159 1158 1534 2208">
    <p class='ocr_par' dir='ltr' id='par_1_4' title="bbox 159 1158 1534 2208">
     <span class='ocr_line' id='line_1_7' title="bbox 247 1158 1532 1250; baseline -0.002 -24"><span class='ocrx_word' id='word_1_43' title='bbox 247 1184 279 1226; x_wconf 90' lang='lat' dir='ltr'>v.</span> <span class='ocrx_word' id='word_1_44' title='bbox 296 1165 396 1226; x_wconf 75' lang='lat' dir='ltr'>:to-39</span> <span class='ocrx_word' id='word_1_45' title='bbox 420 1160 556 1227; x_wconf 89' lang='lat' dir='ltr'>minora</span> <span class='ocrx_word' id='word_1_46' title='bbox 572 1159 741 1250; x_wconf 79' lang='lat' dir='ltr'>quaedam</span> <span class='ocrx_word' id='word_1_47' title='bbox 764 1164 926 1227; x_wconf 87' lang='lat' dir='ltr'>recenset.</span> <span class='ocrx_word' id='word_1_48' title='bbox 950 1180 983 1225; x_wconf 90' lang='lat' dir='ltr'>v.</span> <span class='ocrx_word' id='word_1_49' title='bbox 1006 1165 1048 1226; x_wconf 87' lang='grc'>36</span> <span class='ocrx_word' id='word_1_50' title='bbox 1074 1187 1089 1219; x_wconf 88' lang='lat'>«</span> <span class='ocrx_word' id='word_1_51' title='bbox 1112 1158 1231 1225; x_wconf 81' lang='lat' dir='ltr'>Facies</span> <span class='ocrx_word' id='word_1_52' title='bbox 1251 1171 1284 1225; x_wconf 86' lang='lat' dir='ltr'>ct</span> <span class='ocrx_word' id='word_1_53' title='bbox 1305 1158 1472 1226; x_wconf 90' lang='lat' dir='ltr'>laminam</span> <span class='ocrx_word' id='word_1_54' title='bbox 1492 1161 1532 1225; x_wconf 79' lang='lat' dir='ltr'>cic</span> 
     </span>
     <span class='ocr_line' id='line_1_8' title="bbox 202 1264 1528 1357; baseline -0.002 -23"><span class='ocrx_word' id='word_1_55' title='bbox 202 1289 287 1335; x_wconf 84' lang='lat' dir='ltr'>aare</span> <span class='ocrx_word' id='word_1_56' title='bbox 304 1266 504 1357; x_wconf 82' lang='lat' dir='ltr'>purissima,</span> <span class='ocrx_word' id='word_1_57' title='bbox 527 1266 566 1332; x_wconf 87' lang='lat' dir='ltr'>in</span> <span class='ocrx_word' id='word_1_58' title='bbox 587 1288 658 1356; x_wconf 84' lang='lat' dir='ltr'>qua</span> <span class='ocrx_word' id='word_1_59' title='bbox 677 1265 809 1355; x_wconf 76' lang='lat' dir='ltr'><em>sculpes</em></span> <span class='ocrx_word' id='word_1_60' title='bbox 828 1289 927 1357; x_wconf 80' lang='lat' dir='ltr'>opere</span> <span class='ocrx_word' id='word_1_61' title='bbox 947 1264 1129 1333; x_wconf 88' lang='lat' dir='ltr'>caelatoris</span> <span class='ocrx_word' id='word_1_62' title='bbox 1147 1268 1313 1335; x_wconf 83' lang='lat' dir='ltr'>Sanctum</span> <span class='ocrx_word' id='word_1_63' title='bbox 1333 1265 1477 1333; x_wconf 86' lang='lat' dir='ltr'>Domino</span> <span class='ocrx_word' id='word_1_64' title='bbox 1500 1296 1528 1331; x_wconf 75' lang='lat' dir='ltr'>n.</span> 
     </span>
     <span class='ocr_line' id='line_1_9' title="bbox 201 1371 1531 1467; baseline -0.005 -25"><span class='ocrx_word' id='word_1_65' title='bbox 201 1378 420 1442; x_wconf 89' lang='lat' dir='ltr'>Consecratus</span> <span class='ocrx_word' id='word_1_66' title='bbox 433 1373 535 1440; x_wconf 88' lang='lat' dir='ltr'>lahve</span> <span class='ocrx_word' id='word_1_67' title='bbox 550 1377 599 1439; x_wconf 88' lang='lat' dir='ltr'>est</span> <span class='ocrx_word' id='word_1_68' title='bbox 613 1373 764 1463; x_wconf 81' lang='lat' dir='ltr'><strong>pontifex</strong></span> <span class='ocrx_word' id='word_1_69' title='bbox 778 1395 862 1462; x_wconf 87' lang='lat' dir='ltr'>prae</span> <span class='ocrx_word' id='word_1_70' title='bbox 880 1371 1020 1461; x_wconf 91' lang='lat' dir='ltr'>reliquis</span> <span class='ocrx_word' id='word_1_71' title='bbox 1037 1373 1194 1440; x_wconf 71' lang='lat' dir='ltr'>Israelitis</span> <span class='ocrx_word' id='word_1_72' title='bbox 1207 1372 1377 1440; x_wconf 88' lang='lat' dir='ltr'>omnibus.</span> <span class='ocrx_word' id='word_1_73' title='bbox 1396 1388 1453 1467; x_wconf 68' lang='lat' dir='ltr'>qut</span> <span class='ocrx_word' id='word_1_74' title='bbox 1467 1374 1531 1463; x_wconf 75' lang='lat' dir='ltr'>flas</span> 
     </span>
     <span class='ocr_line' id='line_1_10' title="bbox 203 1478 1528 1569; baseline -0.003 -22"><span class='ocrx_word' id='word_1_75' title='bbox 203 1483 297 1569; x_wconf 76' lang='lat' dir='ltr'>(LXX</span> <span class='ocrx_word' id='word_1_76' title='bbox 312 1482 453 1566; x_wconf 71' lang='grc' dir='ltr'>πέταλον)</span> <span class='ocrx_word' id='word_1_77' title='bbox 473 1479 528 1545; x_wconf 90' lang='lat' dir='ltr'>vel</span> <span class='ocrx_word' id='word_1_78' title='bbox 541 1480 654 1568; x_wconf 90' lang='lat' dir='ltr'>potins</span> <span class='ocrx_word' id='word_1_79' title='bbox 666 1478 793 1568; x_wconf 77' lang='lat' dir='ltr'>[oliam</span> <span class='ocrx_word' id='word_1_80' title='bbox 810 1480 865 1568; x_wconf 84' lang='lat' dir='ltr'>(ls.</span> <span class='ocrx_word' id='word_1_81' title='bbox 882 1484 961 1561; x_wconf 79' lang='lat' dir='ltr'>t0,6</span> <span class='ocrx_word' id='word_1_82' title='bbox 972 1502 1042 1569; x_wconf 91' lang='lat' dir='ltr'>sq.;</span> <span class='ocrx_word' id='word_1_83' title='bbox 1060 1478 1131 1545; x_wconf 91' lang='lat' dir='ltr'>lob.</span> <span class='ocrx_word' id='word_1_84' title='bbox 1152 1480 1242 1568; x_wconf 58' lang='lat' dir='ltr'>rte)</span> <span class='ocrx_word' id='word_1_85' title='bbox 1263 1502 1270 1548; x_wconf 89' lang='lat'>:</span> <span class='ocrx_word' id='word_1_86' title='bbox 1288 1479 1369 1546; x_wconf 93' lang='lat' dir='ltr'>hino</span> <span class='ocrx_word' id='word_1_87' title='bbox 1386 1480 1528 1558; x_wconf 80' lang='lat' dir='ltr'>lamina,</span> 
     </span>
     <span class='ocr_line' id='line_1_11' title="bbox 201 1584 1532 1677; baseline -0.001 -23"><span class='ocrx_word' id='word_1_88' title='bbox 201 1586 252 1654; x_wconf 89' lang='lat' dir='ltr'>uti</span> <span class='ocrx_word' id='word_1_89' title='bbox 262 1608 324 1653; x_wconf 90' lang='lat' dir='ltr'>nos</span> <span class='ocrx_word' id='word_1_90' title='bbox 334 1584 591 1653; x_wconf 88' lang='lat' dir='ltr'>etiamdieimus</span> <span class='ocrx_word' id='word_1_91' title='bbox 604 1615 619 1646; x_wconf 89' lang='lat'>«</span> <span class='ocrx_word' id='word_1_92' title='bbox 631 1586 749 1651; x_wconf 78' lang='lat' dir='ltr'>feuille</span> <span class='ocrx_word' id='word_1_93' title='bbox 762 1612 792 1666; x_wconf 84' lang='lat' dir='ltr'>n,</span> <span class='ocrx_word' id='word_1_94' title='bbox 803 1607 909 1675; x_wconf 87' lang='lat' dir='ltr'>quam</span> <span class='ocrx_word' id='word_1_95' title='bbox 917 1588 974 1651; x_wconf 90' lang='lat' dir='ltr'>Ps.</span> <span class='ocrx_word' id='word_1_96' title='bbox 987 1586 1060 1652; x_wconf 77' lang='lat' dir='ltr'>loct.</span> <span class='ocrx_word' id='word_1_97' title='bbox 1074 1585 1123 1652; x_wconf 90' lang='lat' dir='ltr'>ait</span> <span class='ocrx_word' id='word_1_98' title='bbox 1132 1586 1311 1675; x_wconf 68' lang='lat' dir='ltr'>pertigisse</span> <span class='ocrx_word' id='word_1_99' title='bbox 1322 1615 1337 1648; x_wconf 76' lang='lat' dir='ltr'>a</span> <span class='ocrx_word' id='word_1_100' title='bbox 1351 1592 1532 1677; x_wconf 85' lang='lat' dir='ltr'>atempore</span> 
     </span>
     <span class='ocr_line' id='line_1_12' title="bbox 203 1691 1529 1783; baseline -0.002 -23"><span class='ocrx_word' id='word_1_101' title='bbox 203 1693 245 1761; x_wconf 90' lang='lat' dir='ltr'>ad</span> <span class='ocrx_word' id='word_1_102' title='bbox 260 1698 394 1783; x_wconf 84' lang='lat' dir='ltr'>tempus</span> <span class='ocrx_word' id='word_1_103' title='bbox 405 1718 435 1759; x_wconf 89' lang='lat'>».</span> <span class='ocrx_word' id='word_1_104' title='bbox 454 1697 543 1782; x_wconf 87' lang='lat' dir='ltr'>Sap..</span> <span class='ocrx_word' id='word_1_105' title='bbox 554 1697 654 1773; x_wconf 64' lang='lat' dir='ltr'>mat</span> <span class='ocrx_word' id='word_1_106' title='bbox 672 1691 798 1759; x_wconf 88' lang='lat' dir='ltr'>dicitnr</span> <span class='ocrx_word' id='word_1_107' title='bbox 811 1721 827 1753; x_wconf 71' lang='grc' dir='ltr'>α</span> <span class='ocrx_word' id='word_1_108' title='bbox 845 1691 1007 1759; x_wconf 88' lang='lat' dir='ltr'>diadema</span> <span class='ocrx_word' id='word_1_109' title='bbox 1023 1718 1038 1751; x_wconf 79' lang='lat' dir='ltr'>n</span> <span class='ocrx_word' id='word_1_110' title='bbox 1053 1698 1086 1758; x_wconf 88' lang='lat' dir='ltr'>et</span> <span class='ocrx_word' id='word_1_111' title='bbox 1099 1691 1200 1759; x_wconf 84' lang='lat' dir='ltr'>Eccli.</span> <span class='ocrx_word' id='word_1_112' title='bbox 1217 1697 1317 1773; x_wconf 83' lang='lat' dir='ltr'>t5‚1t</span> <span class='ocrx_word' id='word_1_113' title='bbox 1332 1720 1348 1755; x_wconf 95' lang='lat'>«</span> <span class='ocrx_word' id='word_1_114' title='bbox 1361 1714 1487 1760; x_wconf 89' lang='lat' dir='ltr'>corona</span> <span class='ocrx_word' id='word_1_115' title='bbox 1500 1722 1529 1758; x_wconf 88' lang='lat'>».</span> 
     </span>
     <span class='ocr_line' id='line_1_13' title="bbox 202 1798 1532 1891; baseline 0.001 -27"><span class='ocrx_word' id='word_1_116' title='bbox 202 1804 351 1867; x_wconf 82' lang='lat' dir='ltr'>Vocatur</span> <span class='ocrx_word' id='word_1_117' title='bbox 370 1800 473 1866; x_wconf 89' lang='lat' dir='ltr'>etiam</span> <span class='ocrx_word' id='word_1_118' title='bbox 487 1813 557 1891; x_wconf 70' lang='lat' dir='ltr'>trip</span> <span class='ocrx_word' id='word_1_119' title='bbox 572 1814 629 1871; x_wconf 75' lang='lat' dir='ltr'>ur,</span> <span class='ocrx_word' id='word_1_120' title='bbox 650 1828 665 1861; x_wconf 73' lang='lat' dir='ltr'>a</span> <span class='ocrx_word' id='word_1_121' title='bbox 689 1800 806 1866; x_wconf 89' lang='lat' dir='ltr'>unctio</span> <span class='ocrx_word' id='word_1_122' title='bbox 825 1820 921 1865; x_wconf 89' lang='lat' dir='ltr'>sacra</span> <span class='ocrx_word' id='word_1_123' title='bbox 943 1824 958 1861; x_wconf 83' lang='lat' dir='ltr'>n</span> <span class='ocrx_word' id='word_1_124' title='bbox 983 1820 1042 1864; x_wconf 90' lang='lat' dir='ltr'>seu</span> <span class='ocrx_word' id='word_1_125' title='bbox 1063 1820 1179 1865; x_wconf 86' lang='lat' dir='ltr'>sacrae</span> <span class='ocrx_word' id='word_1_126' title='bbox 1207 1798 1377 1865; x_wconf 86' lang='lat' dir='ltr'>unctionis</span> <span class='ocrx_word' id='word_1_127' title='bbox 1395 1800 1532 1887; x_wconf 82' lang='lat' dir='ltr'>insigne</span> 
     </span>
     <span class='ocr_line' id='line_1_14' title="bbox 159 1904 1533 1997; baseline -0.001 -24"><span class='ocrx_word' id='word_1_128' title='bbox 159 1936 164 1945; x_wconf 90' lang='lat'><strong>·</strong></span> <span class='ocrx_word' id='word_1_129' title='bbox 202 1906 272 1997; x_wconf 82' lang='lat' dir='ltr'>(Ex.</span> <span class='ocrx_word' id='word_1_130' title='bbox 291 1912 386 1989; x_wconf 73' lang='lat'>29,6;</span> <span class='ocrx_word' id='word_1_131' title='bbox 405 1911 523 1988; x_wconf 71' lang='lat'><strong>39‚29;</strong></span> <span class='ocrx_word' id='word_1_132' title='bbox 539 1909 615 1972; x_wconf 87' lang='lat' dir='ltr'>Lev.</span> <span class='ocrx_word' id='word_1_133' title='bbox 633 1904 724 1995; x_wconf 82' lang='grc'>8,9);</span> <span class='ocrx_word' id='word_1_134' title='bbox 741 1909 775 1971; x_wconf 90' lang='lat' dir='ltr'>et</span> <span class='ocrx_word' id='word_1_135' title='bbox 786 1905 829 1972; x_wconf 82' lang='lat' dir='ltr'>ai.</span> <span class='ocrx_word' id='word_1_136' title='bbox 847 1909 899 1971; x_wconf 90' lang='lat' dir='ltr'>Ps.</span> <span class='ocrx_word' id='word_1_137' title='bbox 920 1909 978 1971; x_wconf 85' lang='lat'>131</span> <span class='ocrx_word' id='word_1_138' title='bbox 1000 1905 1111 1993; x_wconf 71' lang='lat'>(132),</span> <span class='ocrx_word' id='word_1_139' title='bbox 1129 1911 1181 1989; x_wconf 72' lang='lat'>18,</span> <span class='ocrx_word' id='word_1_140' title='bbox 1201 1904 1262 1971; x_wconf 89' lang='lat' dir='ltr'>ubi</span> <span class='ocrx_word' id='word_1_141' title='bbox 1277 1904 1320 1970; x_wconf 90' lang='lat' dir='ltr'>de</span> <span class='ocrx_word' id='word_1_142' title='bbox 1335 1905 1463 1972; x_wconf 87' lang='lat' dir='ltr'>christo</span> <span class='ocrx_word' id='word_1_143' title='bbox 1480 1907 1533 1972; x_wconf 90' lang='lat' dir='ltr'>di-</span> 
     </span>
     <span class='ocr_line' id='line_1_15' title="bbox 202 2001 1532 2105; baseline -0.006 -26"><span class='ocrx_word' id='word_1_144' title='bbox 202 2013 314 2079; x_wconf 85' lang='lat' dir='ltr'>citur:</span> <span class='ocrx_word' id='word_1_145' title='bbox 331 2041 346 2074; x_wconf 77' lang='lat' dir='ltr'>a</span> <span class='ocrx_word' id='word_1_146' title='bbox 364 2034 468 2101; x_wconf 88' lang='lat' dir='ltr'>super</span> <span class='ocrx_word' id='word_1_147' title='bbox 478 2011 592 2101; x_wconf 90' lang='lat' dir='ltr'>ipsum</span> <span class='ocrx_word' id='word_1_148' title='bbox 605 2016 720 2080; x_wconf 85' lang='lat' dir='ltr'>autern</span> <span class='ocrx_word' id='word_1_149' title='bbox 736 2011 908 2087; x_wconf 78' lang='lat' dir='ltr'>efflorebit</span> <span class='ocrx_word' id='word_1_150' title='bbox 918 2012 1143 2079; x_wconf 85' lang='lat' dir='ltr'>sanctificatio</span> <span class='ocrx_word' id='word_1_151' title='bbox 1159 2032 1236 2077; x_wconf 87' lang='lat' dir='ltr'>mea</span> <span class='ocrx_word' id='word_1_152' title='bbox 1250 2039 1280 2093; x_wconf 81' lang='lat' dir='ltr'>n,</span> <span class='ocrx_word' id='word_1_153' title='bbox 1295 2026 1353 2075; x_wconf 72' lang='lat' dir='ltr'>iu:</span> <span class='ocrx_word' id='word_1_154' title='bbox 1371 2027 1431 2105; x_wconf 67' lang='lat' dir='ltr'>psi</span> <span class='ocrx_word' id='word_1_155' title='bbox 1445 2001 1532 2080; x_wconf 69' lang='lat' dir='ltr'>atr.</span> 
     </span>
     <span class='ocr_line' id='line_1_16' title="bbox 203 2116 1534 2208; baseline -0.001 -23"><span class='ocrx_word' id='word_1_156' title='bbox 203 2143 235 2185; x_wconf 88' lang='lat' dir='ltr'>v.</span> <span class='ocrx_word' id='word_1_157' title='bbox 253 2124 295 2185; x_wconf 81' lang='lat'>37</span> <span class='ocrx_word' id='word_1_158' title='bbox 310 2147 327 2181; x_wconf 76' lang='lat' dir='ltr'>a</span> <span class='ocrx_word' id='word_1_159' title='bbox 352 2116 555 2208; x_wconf 77' lang='lat' dir='ltr'>Liqabisqae</span> <span class='ocrx_word' id='word_1_160' title='bbox 574 2140 651 2184; x_wconf 89' lang='lat' dir='ltr'>eam</span> <span class='ocrx_word' id='word_1_161' title='bbox 668 2120 752 2184; x_wconf 65' lang='lat' dir='ltr'>tritta</span> <span class='ocrx_word' id='word_1_162' title='bbox 773 2117 1016 2207; x_wconf 73' lang='lat' dir='ltr'>hyacinthina,</span> <span class='ocrx_word' id='word_1_163' title='bbox 1044 2128 1077 2183; x_wconf 91' lang='lat' dir='ltr'>et</span> <span class='ocrx_word' id='word_1_164' title='bbox 1095 2118 1281 2207; x_wconf 82' lang='lat' dir='ltr'>eritsaper</span> <span class='ocrx_word' id='word_1_165' title='bbox 1296 2117 1424 2184; x_wconf 83' lang='lat' dir='ltr'>tiaram</span> <span class='ocrx_word' id='word_1_166' title='bbox 1444 2146 1476 2201; x_wconf 71' lang='lat' dir='ltr'>i,</span> <span class='ocrx_word' id='word_1_167' title='bbox 1499 2120 1534 2184; x_wconf 85' lang='lat' dir='ltr'>in</span> 
     </span>
    </p>
   </div>
   <div class='ocr_carea' id='block_1_5' title="bbox 98 2221 1534 2315">
    <p class='ocr_par' dir='ltr' id='par_1_5' title="bbox 98 2221 1534 2315">
     <span class='ocr_line' id='line_1_17' title="bbox 98 2221 1534 2315; baseline 0 -24"><span class='ocrx_word' id='word_1_168' title='bbox 98 2234 106 2254; x_wconf 89' lang='grc'>·’</span> <span class='ocrx_word' id='word_1_169' title='bbox 198 2237 301 2315; x_wconf 79' lang='lat' dir='ltr'>parte</span> <span class='ocrx_word' id='word_1_170' title='bbox 314 2224 482 2291; x_wconf 80' lang='lat' dir='ltr'>anteriori</span> <span class='ocrx_word' id='word_1_171' title='bbox 495 2222 606 2290; x_wconf 85' lang='lat' dir='ltr'>tiarae</span> <span class='ocrx_word' id='word_1_172' title='bbox 622 2222 768 2312; x_wconf 64' lang='lat' dir='ltr'>(Hebe).</span> <span class='ocrx_word' id='word_1_173' title='bbox 788 2223 963 2301; x_wconf 79' lang='lat' dir='ltr'>Quomodo</span> <span class='ocrx_word' id='word_1_174' title='bbox 979 2224 1022 2290; x_wconf 91' lang='lat' dir='ltr'>sit</span> <span class='ocrx_word' id='word_1_175' title='bbox 1036 2223 1191 2309; x_wconf 81' lang='lat' dir='ltr'>liganda,</span> <span class='ocrx_word' id='word_1_176' title='bbox 1209 2244 1279 2290; x_wconf 91' lang='lat' dir='ltr'>non</span> <span class='ocrx_word' id='word_1_177' title='bbox 1294 2221 1421 2291; x_wconf 86' lang='lat' dir='ltr'>dicitur</span> <span class='ocrx_word' id='word_1_178' title='bbox 1437 2244 1444 2290; x_wconf 74' lang='grc' dir='ltr'><em>τ</em></span> <span class='ocrx_word' id='word_1_179' title='bbox 1464 2226 1534 2291; x_wconf 82' lang='lat' dir='ltr'>for-</span> 
     </span>
    </p>
   </div>
   <div class='ocr_carea' id='block_1_6' title="bbox 201 2329 1540 4441">
    <p class='ocr_par' dir='ltr' id='par_1_6' title="bbox 201 2329 1540 4441">
     <span class='ocr_line' id='line_1_18' title="bbox 204 2329 1534 2420; baseline -0.002 -22"><span class='ocrx_word' id='word_1_180' title='bbox 204 2338 290 2398; x_wconf 85' lang='lat' dir='ltr'>tasse</span> <span class='ocrx_word' id='word_1_181' title='bbox 311 2353 381 2398; x_wconf 91' lang='lat' dir='ltr'>non</span> <span class='ocrx_word' id='word_1_182' title='bbox 403 2333 474 2397; x_wconf 88' lang='lat' dir='ltr'>tam</span> <span class='ocrx_word' id='word_1_183' title='bbox 496 2330 572 2420; x_wconf 90' lang='lat' dir='ltr'>ipsa</span> <span class='ocrx_word' id='word_1_184' title='bbox 591 2329 723 2397; x_wconf 89' lang='lat' dir='ltr'>lamina</span> <span class='ocrx_word' id='word_1_185' title='bbox 743 2330 900 2398; x_wconf 87' lang='lat' dir='ltr'>frontalis</span> <span class='ocrx_word' id='word_1_186' title='bbox 921 2336 994 2397; x_wconf 89' lang='lat' dir='ltr'>erat</span> <span class='ocrx_word' id='word_1_187' title='bbox 1014 2351 1144 2405; x_wconf 80' lang='lat' dir='ltr'>novum</span> <span class='ocrx_word' id='word_1_188' title='bbox 1169 2329 1253 2419; x_wconf 89' lang='lat' dir='ltr'>quid</span> <span class='ocrx_word' id='word_1_189' title='bbox 1274 2330 1451 2414; x_wconf 84' lang='lat' dir='ltr'>Hebraeis,</span> <span class='ocrx_word' id='word_1_190' title='bbox 1475 2332 1534 2397; x_wconf 84' lang='lat' dir='ltr'>sed</span> 
     </span>
     <span class='ocr_line' id='line_1_19' title="bbox 203 2435 1533 2529; baseline -0.002 -25"><span class='ocrx_word' id='word_1_191' title='bbox 203 2438 276 2505; x_wconf 87' lang='lat' dir='ltr'>sola</span> <span class='ocrx_word' id='word_1_192' title='bbox 288 2436 478 2527; x_wconf 78' lang='lat' dir='ltr'>inscriptio.</span> <span class='ocrx_word' id='word_1_193' title='bbox 493 2450 602 2504; x_wconf 63' lang='lat' dir='ltr'>aaran</span> <span class='ocrx_word' id='word_1_194' title='bbox 618 2451 706 2529; x_wconf 65' lang='lat' dir='ltr'>aqna</span> <span class='ocrx_word' id='word_1_195' title='bbox 720 2436 867 2519; x_wconf 77' lang='lat' dir='ltr'>ooli-cre,</span> <span class='ocrx_word' id='word_1_196' title='bbox 880 2458 992 2523; x_wconf 81' lang='lat' dir='ltr'>genus</span> <span class='ocrx_word' id='word_1_197' title='bbox 1003 2435 1145 2525; x_wconf 84' lang='lat' dir='ltr'>aliquod</span> <span class='ocrx_word' id='word_1_198' title='bbox 1160 2436 1302 2504; x_wconf 88' lang='lat' dir='ltr'>turbani</span> <span class='ocrx_word' id='word_1_199' title='bbox 1319 2435 1412 2520; x_wconf 86' lang='lat' dir='ltr'>:sed,</span> <span class='ocrx_word' id='word_1_200' title='bbox 1431 2460 1533 2527; x_wconf 92' lang='lat' dir='ltr'>quam</span> 
     </span>
     <span class='ocr_line' id='line_1_20' title="bbox 204 2542 1536 2635; baseline -0.002 -24"><span class='ocrx_word' id='word_1_201' title='bbox 204 2544 313 2612; x_wconf 88' lang='lat' dir='ltr'>altum</span> <span class='ocrx_word' id='word_1_202' title='bbox 331 2544 562 2610; x_wconf 84' lang='lat' dir='ltr'>demissumve</span> <span class='ocrx_word' id='word_1_203' title='bbox 576 2543 697 2626; x_wconf 83' lang='lat' dir='ltr'>fuerit,</span> <span class='ocrx_word' id='word_1_204' title='bbox 712 2542 927 2630; x_wconf 83' lang='lat' dir='ltr'>ignoramus.</span> <span class='ocrx_word' id='word_1_205' title='bbox 942 2565 975 2610; x_wconf 79' lang='lat' dir='ltr'>v,</span> <span class='ocrx_word' id='word_1_206' title='bbox 994 2549 1037 2611; x_wconf 88' lang='lat'>38</span> <span class='ocrx_word' id='word_1_207' title='bbox 1055 2572 1070 2604; x_wconf 88' lang='lat'>«</span> <span class='ocrx_word' id='word_1_208' title='bbox 1091 2542 1280 2611; x_wconf 81' lang='lat' dir='ltr'>imminens</span> <span class='ocrx_word' id='word_1_209' title='bbox 1293 2544 1408 2632; x_wconf 77' lang='lat' dir='ltr'>[ronti</span> <span class='ocrx_word' id='word_1_210' title='bbox 1421 2544 1536 2635; x_wconf 81' lang='lat' dir='ltr'>ponci-</span> 
     </span>
     <span class='ocr_line' id='line_1_21' title="bbox 201 2649 1533 2741; baseline -0.002 -23"><span class='ocrx_word' id='word_1_211' title='bbox 201 2652 289 2741; x_wconf 78' lang='lat' dir='ltr'>ficis.</span> <span class='ocrx_word' id='word_1_212' title='bbox 310 2649 533 2740; x_wconf 82' lang='lat' dir='ltr'>Portabitqac</span> <span class='ocrx_word' id='word_1_213' title='bbox 549 2651 667 2717; x_wconf 81' lang='lat' dir='ltr'>Aaron</span> <span class='ocrx_word' id='word_1_214' title='bbox 682 2649 883 2738; x_wconf 78' lang='lat' dir='ltr'>iniquitates</span> <span class='ocrx_word' id='word_1_215' title='bbox 905 2670 1038 2733; x_wconf 82' lang='lat' dir='ltr'>eorccm,</span> <span class='ocrx_word' id='word_1_216' title='bbox 1060 2672 1149 2740; x_wconf 85' lang='lat' dir='ltr'>qaae</span> <span class='ocrx_word' id='word_1_217' title='bbox 1164 2649 1360 2717; x_wconf 83' lang='lat' dir='ltr'>obtcclerant</span> <span class='ocrx_word' id='word_1_218' title='bbox 1379 2663 1411 2716; x_wconf 89' lang='lat' dir='ltr'>ct</span> <span class='ocrx_word' id='word_1_219' title='bbox 1434 2673 1533 2717; x_wconf 85' lang='lat' dir='ltr'>sane-</span> 
     </span>
     <span class='ocr_line' id='line_1_22' title="bbox 205 2754 1535 2847; baseline -0.001 -23"><span class='ocrx_word' id='word_1_220' title='bbox 205 2758 420 2847; x_wconf 79' lang='lat' dir='ltr'>tificaoecnnt</span> <span class='ocrx_word' id='word_1_221' title='bbox 427 2756 498 2845; x_wconf 79' lang='lat' dir='ltr'>filii</span> <span class='ocrx_word' id='word_1_222' title='bbox 504 2756 627 2841; x_wconf 82' lang='lat' dir='ltr'>lsrael,</span> <span class='ocrx_word' id='word_1_223' title='bbox 643 2754 681 2822; x_wconf 88' lang='lat' dir='ltr'>in</span> <span class='ocrx_word' id='word_1_224' title='bbox 692 2756 822 2823; x_wconf 85' lang='lat' dir='ltr'>canetis</span> <span class='ocrx_word' id='word_1_225' title='bbox 833 2755 1083 2845; x_wconf 70' lang='lat' dir='ltr'>mcmecibastct</span> <span class='ocrx_word' id='word_1_226' title='bbox 1096 2754 1259 2846; x_wconf 81' lang='lat' dir='ltr'>donariis]</span> <span class='ocrx_word' id='word_1_227' title='bbox 1273 2756 1345 2823; x_wconf 88' lang='lat' dir='ltr'>sais</span> <span class='ocrx_word' id='word_1_228' title='bbox 1363 2786 1392 2823; x_wconf 74' lang='lat' dir='ltr'>n.</span> <span class='ocrx_word' id='word_1_229' title='bbox 1407 2756 1508 2825; x_wconf 72' lang='lat' dir='ltr'>Hebe.</span> <span class='ocrx_word' id='word_1_230' title='bbox 1524 2780 1535 2821; x_wconf 91' lang='lat'>.·</span> 
     </span>
     <span class='ocr_line' id='line_1_23' title="bbox 204 2861 1538 2954; baseline -0.001 -24"><span class='ocrx_word' id='word_1_231' title='bbox 204 2863 409 2954; x_wconf 79' lang='lat' dir='ltr'>iniquitates</span> <span class='ocrx_word' id='word_1_232' title='bbox 422 2862 564 2952; x_wconf 83' lang='lat' dir='ltr'>(rerum)</span> <span class='ocrx_word' id='word_1_233' title='bbox 576 2874 787 2944; x_wconf 82' lang='lat' dir='ltr'>sanctarum,</span> <span class='ocrx_word' id='word_1_234' title='bbox 799 2885 887 2953; x_wconf 83' lang='lat' dir='ltr'>quae</span> <span class='ocrx_word' id='word_1_235' title='bbox 897 2861 1198 2951; x_wconf 78' lang='lat' dir='ltr'>sanctificaverant</span> <span class='ocrx_word' id='word_1_236' title='bbox 1205 2862 1276 2951; x_wconf 80' lang='lat' dir='ltr'>filii</span> <span class='ocrx_word' id='word_1_237' title='bbox 1284 2862 1408 2947; x_wconf 82' lang='lat' dir='ltr'>lsrael,</span> <span class='ocrx_word' id='word_1_238' title='bbox 1421 2862 1538 2952; x_wconf 79' lang='lat' dir='ltr'>quoad</span> 
     </span>
     <span class='ocr_line' id='line_1_24' title="bbox 206 2968 1536 3056; baseline -0.003 -20"><span class='ocrx_word' id='word_1_239' title='bbox 206 2970 323 3036; x_wconf 72' lang='lat' dir='ltr'>omitia</span> <span class='ocrx_word' id='word_1_240' title='bbox 343 2968 490 3036; x_wconf 85' lang='lat' dir='ltr'>donaria</span> <span class='ocrx_word' id='word_1_241' title='bbox 507 2992 625 3035; x_wconf 77' lang='lat' dir='ltr'>comem</span> <span class='ocrx_word' id='word_1_242' title='bbox 639 2992 748 3035; x_wconf 87' lang='lat' dir='ltr'>sacra.</span> <span class='ocrx_word' id='word_1_243' title='bbox 768 2975 858 3056; x_wconf 84' lang='lat' dir='ltr'>Ergo</span> <span class='ocrx_word' id='word_1_244' title='bbox 875 2990 947 3036; x_wconf 91' lang='lat' dir='ltr'>non</span> <span class='ocrx_word' id='word_1_245' title='bbox 966 2968 1105 3036; x_wconf 81' lang='lat' dir='ltr'>sufferet</span> <span class='ocrx_word' id='word_1_246' title='bbox 1124 2974 1237 3035; x_wconf 71' lang='lat' dir='ltr'>Aaron</span> <span class='ocrx_word' id='word_1_247' title='bbox 1259 2970 1376 3036; x_wconf 90' lang='lat' dir='ltr'>omnia</span> <span class='ocrx_word' id='word_1_248' title='bbox 1395 2969 1536 3035; x_wconf 89' lang='lat' dir='ltr'>omnino</span> 
     </span>
     <span class='ocr_line' id='line_1_25' title="bbox 204 3074 1537 3165; baseline -0.002 -22"><span class='ocrx_word' id='word_1_249' title='bbox 204 3075 325 3165; x_wconf 91' lang='lat' dir='ltr'>populi</span> <span class='ocrx_word' id='word_1_250' title='bbox 342 3076 434 3142; x_wconf 91' lang='lat' dir='ltr'>dona</span> <span class='ocrx_word' id='word_1_251' title='bbox 452 3076 624 3143; x_wconf 85' lang='lat' dir='ltr'>offerentis</span> <span class='ocrx_word' id='word_1_252' title='bbox 641 3080 781 3165; x_wconf 87' lang='lat' dir='ltr'>peccata</span> <span class='ocrx_word' id='word_1_253' title='bbox 799 3076 924 3165; x_wconf 69' lang='lat' dir='ltr'>(Lyn),</span> <span class='ocrx_word' id='word_1_254' title='bbox 942 3074 1001 3143; x_wconf 88' lang='lat' dir='ltr'>sed</span> <span class='ocrx_word' id='word_1_255' title='bbox 1019 3102 1035 3137; x_wconf 71' lang='grc' dir='ltr'>«ι</span> <span class='ocrx_word' id='word_1_256' title='bbox 1056 3075 1154 3143; x_wconf 91' lang='lat' dir='ltr'>tollet</span> <span class='ocrx_word' id='word_1_257' title='bbox 1169 3074 1406 3165; x_wconf 87' lang='lat' dir='ltr'>iniquitatem,</span> <span class='ocrx_word' id='word_1_258' title='bbox 1433 3098 1537 3165; x_wconf 90' lang='lat' dir='ltr'>quam</span> 
     </span>
     <span class='ocr_line' id='line_1_26' title="bbox 205 3164 1538 3271; baseline -0.002 -22"><span class='ocrx_word' id='word_1_259' title='bbox 205 3181 387 3249; x_wconf 80' lang='lat' dir='ltr'>admittere</span> <span class='ocrx_word' id='word_1_260' title='bbox 411 3164 552 3271; x_wconf 81' lang='lat' dir='ltr'>possent</span> <span class='ocrx_word' id='word_1_261' title='bbox 570 3182 739 3249; x_wconf 86' lang='lat' dir='ltr'>lsraelitae</span> <span class='ocrx_word' id='word_1_262' title='bbox 759 3182 794 3248; x_wconf 92' lang='lat' dir='ltr'>in</span> <span class='ocrx_word' id='word_1_263' title='bbox 814 3181 1145 3249; x_wconf 87' lang='lat' dir='ltr'>sanctificationibus</span> <span class='ocrx_word' id='word_1_264' title='bbox 1169 3180 1254 3263; x_wconf 79' lang='lat' dir='ltr'>suiS,</span> <span class='ocrx_word' id='word_1_265' title='bbox 1277 3182 1312 3248; x_wconf 95' lang='lat' dir='ltr'>h.</span> <span class='ocrx_word' id='word_1_266' title='bbox 1334 3204 1365 3249; x_wconf 90' lang='lat' dir='ltr'>e.</span> <span class='ocrx_word' id='word_1_267' title='bbox 1386 3181 1423 3248; x_wconf 88' lang='lat' dir='ltr'>in</span> <span class='ocrx_word' id='word_1_268' title='bbox 1443 3182 1538 3249; x_wconf 88' lang='lat' dir='ltr'>obla-</span> 
     </span>
     <span class='ocr_line' id='line_1_27' title="bbox 207 3286 1537 3377; baseline -0.002 -23"><span class='ocrx_word' id='word_1_269' title='bbox 207 3288 357 3356; x_wconf 87' lang='lat' dir='ltr'>tionibus</span> <span class='ocrx_word' id='word_1_270' title='bbox 371 3288 441 3354; x_wconf 89' lang='lat' dir='ltr'>suis</span> <span class='ocrx_word' id='word_1_271' title='bbox 455 3287 579 3354; x_wconf 87' lang='lat' dir='ltr'>sanatis</span> <span class='ocrx_word' id='word_1_272' title='bbox 593 3295 627 3355; x_wconf 88' lang='lat' dir='ltr'>et</span> <span class='ocrx_word' id='word_1_273' title='bbox 641 3290 678 3355; x_wconf 91' lang='lat' dir='ltr'>in</span> <span class='ocrx_word' id='word_1_274' title='bbox 693 3287 854 3355; x_wconf 91' lang='lat' dir='ltr'>omnibus</span> <span class='ocrx_word' id='word_1_275' title='bbox 868 3286 945 3354; x_wconf 88' lang='lat' dir='ltr'>aliis</span> <span class='ocrx_word' id='word_1_276' title='bbox 960 3286 1076 3369; x_wconf 79' lang='lat' dir='ltr'>doniS,</span> <span class='ocrx_word' id='word_1_277' title='bbox 1095 3287 1219 3377; x_wconf 91' lang='lat' dir='ltr'>siquid</span> <span class='ocrx_word' id='word_1_278' title='bbox 1234 3293 1376 3377; x_wconf 81' lang='lat' dir='ltr'>peccent</span> <span class='ocrx_word' id='word_1_279' title='bbox 1390 3309 1458 3355; x_wconf 93' lang='lat' dir='ltr'>non</span> <span class='ocrx_word' id='word_1_280' title='bbox 1473 3290 1537 3355; x_wconf 81' lang='lat' dir='ltr'>rite</span> 
     </span>
     <span class='ocr_line' id='line_1_28' title="bbox 206 3391 1536 3485; baseline -0.002 -24"><span class='ocrx_word' id='word_1_281' title='bbox 206 3394 396 3477; x_wconf 82' lang='lat' dir='ltr'>offerendo,</span> <span class='ocrx_word' id='word_1_282' title='bbox 414 3399 474 3468; x_wconf 88' lang='lat' dir='ltr'>aut</span> <span class='ocrx_word' id='word_1_283' title='bbox 491 3416 532 3461; x_wconf 89' lang='lat' dir='ltr'>ea</span> <span class='ocrx_word' id='word_1_284' title='bbox 546 3393 732 3477; x_wconf 81' lang='lat' dir='ltr'>offerendo,</span> <span class='ocrx_word' id='word_1_285' title='bbox 750 3416 840 3485; x_wconf 88' lang='lat' dir='ltr'>quoe</span> <span class='ocrx_word' id='word_1_286' title='bbox 857 3393 974 3460; x_wconf 85' lang='lat' dir='ltr'>offerri</span> <span class='ocrx_word' id='word_1_287' title='bbox 990 3416 1059 3459; x_wconf 92' lang='lat' dir='ltr'>non</span> <span class='ocrx_word' id='word_1_288' title='bbox 1077 3391 1222 3477; x_wconf 88' lang='lat' dir='ltr'>debent,</span> <span class='ocrx_word' id='word_1_289' title='bbox 1243 3394 1296 3461; x_wconf 91' lang='lat' dir='ltr'>vel</span> <span class='ocrx_word' id='word_1_290' title='bbox 1310 3402 1454 3484; x_wconf 87' lang='lat' dir='ltr'>propter</span> <span class='ocrx_word' id='word_1_291' title='bbox 1468 3418 1536 3461; x_wconf 89' lang='lat' dir='ltr'>non</span> 
     </span>
     <span class='ocr_line' id='line_1_29' title="bbox 206 3496 1538 3590; baseline -0.002 -23"><span class='ocrx_word' id='word_1_292' title='bbox 206 3500 321 3583; x_wconf 86' lang='lat' dir='ltr'>oblata</span> <span class='ocrx_word' id='word_1_293' title='bbox 346 3522 492 3567; x_wconf 88' lang='lat' dir='ltr'>munera</span> <span class='ocrx_word' id='word_1_294' title='bbox 513 3522 521 3569; x_wconf 91' lang='lat'><strong>:</strong></span> <span class='ocrx_word' id='word_1_295' title='bbox 543 3496 797 3567; x_wconf 85' lang='lat' dir='ltr'>condonabitur</span> <span class='ocrx_word' id='word_1_296' title='bbox 819 3499 868 3566; x_wconf 90' lang='lat' dir='ltr'>eis</span> <span class='ocrx_word' id='word_1_297' title='bbox 886 3504 1030 3590; x_wconf 87' lang='lat' dir='ltr'>proptor</span> <span class='ocrx_word' id='word_1_298' title='bbox 1052 3520 1226 3567; x_wconf 89' lang='lat' dir='ltr'>summum</span> <span class='ocrx_word' id='word_1_299' title='bbox 1255 3500 1481 3567; x_wconf 88' lang='lat' dir='ltr'>sacerdotem.</span> <span class='ocrx_word' id='word_1_300' title='bbox 1511 3507 1538 3566; x_wconf 79' lang='lat' dir='ltr'>ts</span> 
     </span>
     <span class='ocr_line' id='line_1_30' title="bbox 207 3606 1536 3697; baseline -0.003 -23"><span class='ocrx_word' id='word_1_301' title='bbox 207 3607 378 3675; x_wconf 89' lang='lat' dir='ltr'>Christum</span> <span class='ocrx_word' id='word_1_302' title='bbox 393 3607 675 3697; x_wconf 85' lang='lat' dir='ltr'>repraesentabat</span> <span class='ocrx_word' id='word_1_303' title='bbox 690 3634 707 3668; x_wconf 83' lang='lat' dir='ltr'>n</span> <span class='ocrx_word' id='word_1_304' title='bbox 724 3607 848 3697; x_wconf 65' lang='lat' dir='ltr'>(Vae).</span> <span class='ocrx_word' id='word_1_305' title='bbox 868 3606 1102 3673; x_wconf 80' lang='lat' dir='ltr'>«licitantem</span> <span class='ocrx_word' id='word_1_306' title='bbox 1116 3606 1247 3673; x_wconf 91' lang='lat' dir='ltr'>lamina</span> <span class='ocrx_word' id='word_1_307' title='bbox 1261 3630 1393 3697; x_wconf 78' lang='lat' dir='ltr'>semper</span> <span class='ocrx_word' id='word_1_308' title='bbox 1410 3634 1439 3689; x_wconf 84' lang='lat' dir='ltr'>n,</span> <span class='ocrx_word' id='word_1_309' title='bbox 1455 3606 1536 3674; x_wconf 87' lang='lat' dir='ltr'>dum</span> 
     </span>
     <span class='ocr_line' id='line_1_31' title="bbox 206 3712 1534 3807; baseline -0.002 -27"><span class='ocrx_word' id='word_1_310' title='bbox 206 3714 309 3780; x_wconf 89' lang='lat' dir='ltr'>sacris</span> <span class='ocrx_word' id='word_1_311' title='bbox 321 3712 520 3807; x_wconf 88' lang='lat' dir='ltr'>operabitur</span> <span class='ocrx_word' id='word_1_312' title='bbox 530 3713 666 3802; x_wconf 72' lang='lat' dir='ltr'>(Spin),</span> <span class='ocrx_word' id='word_1_313' title='bbox 682 3742 698 3775; x_wconf 71' lang='grc' dir='ltr'>(ι</span> <span class='ocrx_word' id='word_1_314' title='bbox 713 3713 875 3803; x_wconf 74' lang='lat' dir='ltr'>infronte</span> <span class='ocrx_word' id='word_1_315' title='bbox 888 3713 971 3798; x_wconf 86' lang='lat' dir='ltr'>eins,</span> <span class='ocrx_word' id='word_1_316' title='bbox 988 3712 1193 3802; x_wconf 82' lang='lat' dir='ltr'>atplacatns</span> <span class='ocrx_word' id='word_1_317' title='bbox 1205 3713 1250 3779; x_wconf 83' lang='lat' dir='ltr'>sit</span> <span class='ocrx_word' id='word_1_318' title='bbox 1265 3714 1313 3779; x_wconf 81' lang='lat' dir='ltr'>eis</span> <span class='ocrx_word' id='word_1_319' title='bbox 1326 3713 1492 3780; x_wconf 81' lang='lat' dir='ltr'>Dominus</span> <span class='ocrx_word' id='word_1_320' title='bbox 1505 3744 1534 3778; x_wconf 69' lang='lat' dir='ltr'>n.</span> 
     </span>
     <span class='ocr_line' id='line_1_32' title="bbox 206 3818 1534 3909; baseline -0.001 -25"><span class='ocrx_word' id='word_1_321' title='bbox 206 3842 239 3887; x_wconf 89' lang='lat' dir='ltr'>v.</span> <span class='ocrx_word' id='word_1_322' title='bbox 258 3825 299 3886; x_wconf 89' lang='lat'>39</span> <span class='ocrx_word' id='word_1_323' title='bbox 313 3848 329 3881; x_wconf 91' lang='lat'>«</span> <span class='ocrx_word' id='word_1_324' title='bbox 345 3819 570 3909; x_wconf 75' lang='lat' dir='ltr'>Strinpesqac</span> <span class='ocrx_word' id='word_1_325' title='bbox 582 3848 598 3880; x_wconf 88' lang='lat'>»</span> <span class='ocrx_word' id='word_1_326' title='bbox 613 3841 727 3886; x_wconf 90' lang='lat' dir='ltr'>-seu</span> <span class='ocrx_word' id='word_1_327' title='bbox 740 3821 853 3887; x_wconf 90' lang='lat' dir='ltr'>verius</span> <span class='ocrx_word' id='word_1_328' title='bbox 868 3831 958 3884; x_wconf 80' lang='lat' dir='ltr'>tenes</span> <span class='ocrx_word' id='word_1_329' title='bbox 970 3818 1078 3907; x_wconf 69' lang='lat' dir='ltr'>(aare</span> <span class='ocrx_word' id='word_1_330' title='bbox 1090 3822 1170 3885; x_wconf 87' lang='lat' dir='ltr'>LXX</span> <span class='ocrx_word' id='word_1_331' title='bbox 1182 3822 1246 3909; x_wconf 83' lang='lat' dir='ltr'>Aq.</span> <span class='ocrx_word' id='word_1_332' title='bbox 1265 3821 1395 3908; x_wconf 75' lang='lat' dir='ltr'>Symm.</span> <span class='ocrx_word' id='word_1_333' title='bbox 1414 3819 1534 3885; x_wconf 83' lang='lat' dir='ltr'>Theod.</span> 
     </span>
     <span class='ocr_line' id='line_1_33' title="bbox 207 3908 1535 4019; baseline -0.001 -27"><span class='ocrx_word' id='word_1_334' title='bbox 207 3926 421 4017; x_wconf 87' lang='lat' dir='ltr'>interpretati</span> <span class='ocrx_word' id='word_1_335' title='bbox 436 3932 522 3994; x_wconf 82' lang='lat' dir='ltr'>&#39;sunt</span> <span class='ocrx_word' id='word_1_336' title='bbox 542 3946 670 3993; x_wconf 90' lang='lat' dir='ltr'>nomen</span> <span class='ocrx_word' id='word_1_337' title='bbox 692 3924 872 4015; x_wconf 83' lang='lat' dir='ltr'>aliquado</span> <span class='ocrx_word' id='word_1_338' title='bbox 896 3924 1011 3991; x_wconf 87' lang='lat' dir='ltr'>radice</span> <span class='ocrx_word' id='word_1_339' title='bbox 1030 3940 1114 4019; x_wconf 66' lang='lat' dir='ltr'>pro,</span> <span class='ocrx_word' id='word_1_340' title='bbox 1137 3908 1379 4015; x_wconf 87' lang='lat' dir='ltr'>contorquere,</span> <span class='ocrx_word' id='word_1_341' title='bbox 1402 3924 1535 3992; x_wconf 89' lang='lat' dir='ltr'>deriva-</span> 
     </span>
     <span class='ocr_line' id='line_1_34' title="bbox 206 4029 1536 4122; baseline -0.002 -24"><span class='ocrx_word' id='word_1_342' title='bbox 206 4038 280 4099; x_wconf 89' lang='lat' dir='ltr'>tum</span> <span class='ocrx_word' id='word_1_343' title='bbox 292 4053 299 4100; x_wconf 90' lang='lat'>:</span> <span class='ocrx_word' id='word_1_344' title='bbox 313 4031 437 4121; x_wconf 74' lang='lat' dir='ltr'>crodos)</span> <span class='ocrx_word' id='word_1_345' title='bbox 449 4071 494 4084; x_wconf 90' lang='lat'>—</span> <span class='ocrx_word' id='word_1_346' title='bbox 510 4060 527 4093; x_wconf 77' lang='lat' dir='ltr'>a</span> <span class='ocrx_word' id='word_1_347' title='bbox 547 4031 700 4099; x_wconf 82' lang='lat' dir='ltr'>tunicam</span> <span class='ocrx_word' id='word_1_348' title='bbox 718 4059 734 4092; x_wconf 89' lang='lat'>»</span> <span class='ocrx_word' id='word_1_349' title='bbox 749 4029 949 4097; x_wconf 86' lang='lat' dir='ltr'>interiorem</span> <span class='ocrx_word' id='word_1_350' title='bbox 968 4047 1065 4105; x_wconf 67' lang='lat' dir='ltr'>nini,</span> <span class='ocrx_word' id='word_1_351' title='bbox 1087 4030 1157 4098; x_wconf 86' lang='lat' dir='ltr'>euti</span> <span class='ocrx_word' id='word_1_352' title='bbox 1177 4030 1331 4122; x_wconf 88' lang='lat' dir='ltr'>proxime</span> <span class='ocrx_word' id='word_1_353' title='bbox 1347 4030 1536 4098; x_wconf 88' lang='lat' dir='ltr'>adhaeren-</span> 
     </span>
     <span class='ocr_line' id='line_1_35' title="bbox 206 4137 1540 4225; baseline -0.001 -22"><span class='ocrx_word' id='word_1_354' title='bbox 206 4142 292 4221; x_wconf 89' lang='lat' dir='ltr'>tem,</span> <span class='ocrx_word' id='word_1_355' title='bbox 308 4138 452 4206; x_wconf 89' lang='lat' dir='ltr'>talarem</span> <span class='ocrx_word' id='word_1_356' title='bbox 466 4143 500 4205; x_wconf 88' lang='lat' dir='ltr'>et</span> <span class='ocrx_word' id='word_1_357' title='bbox 514 4137 720 4205; x_wconf 87' lang='lat' dir='ltr'>manicatam</span> <span class='ocrx_word' id='word_1_358' title='bbox 738 4138 816 4222; x_wconf 84' lang='lat' dir='ltr'>(los.</span> <span class='ocrx_word' id='word_1_359' title='bbox 838 4141 916 4204; x_wconf 82' lang='lat' dir='ltr'>Ant.</span> <span class='ocrx_word' id='word_1_360' title='bbox 936 4140 991 4203; x_wconf 70' lang='lat'>111.</span> <span class='ocrx_word' id='word_1_361' title='bbox 1009 4144 1042 4204; x_wconf 84' lang='grc'>’1.</span> <span class='ocrx_word' id='word_1_362' title='bbox 1065 4138 1110 4225; x_wconf 71' lang='lat'>2),</span> <span class='ocrx_word' id='word_1_363' title='bbox 1130 4140 1226 4225; x_wconf 74' lang='lat' dir='ltr'>bysso</span> <span class='ocrx_word' id='word_1_364' title='bbox 1245 4150 1277 4203; x_wconf 89' lang='lat' dir='ltr'>et</span> <span class='ocrx_word' id='word_1_365' title='bbox 1294 4138 1420 4204; x_wconf 79' lang='lat' dir='ltr'>tiaram</span> <span class='ocrx_word' id='word_1_366' title='bbox 1437 4140 1540 4225; x_wconf 75' lang='lat' dir='ltr'>byssi-</span> 
     </span>
     <span class='ocr_line' id='line_1_36' title="bbox 208 4242 1538 4335; baseline -0.002 -24"><span class='ocrx_word' id='word_1_367' title='bbox 208 4268 291 4313; x_wconf 90' lang='lat' dir='ltr'>nam</span> <span class='ocrx_word' id='word_1_368' title='bbox 301 4242 431 4334; x_wconf 74' lang='lat' dir='ltr'>facies,</span> <span class='ocrx_word' id='word_1_369' title='bbox 450 4257 483 4311; x_wconf 88' lang='lat' dir='ltr'>ct</span> <span class='ocrx_word' id='word_1_370' title='bbox 498 4245 649 4311; x_wconf 82' lang='lat' dir='ltr'>balteum</span> <span class='ocrx_word' id='word_1_371' title='bbox 667 4271 683 4304; x_wconf 89' lang='lat'>»</span> <span class='ocrx_word' id='word_1_372' title='bbox 699 4281 743 4293; x_wconf 88' lang='lat'>-</span> <span class='ocrx_word' id='word_1_373' title='bbox 756 4259 857 4316; x_wconf 67' lang='lat' dir='ltr'>usna,</span> <span class='ocrx_word' id='word_1_374' title='bbox 879 4242 923 4310; x_wconf 82' lang='lat' dir='ltr'>cf.</span> <span class='ocrx_word' id='word_1_375' title='bbox 942 4247 1020 4311; x_wconf 87' lang='lat' dir='ltr'>Lev.</span> <span class='ocrx_word' id='word_1_376' title='bbox 1040 4250 1117 4326; x_wconf 82' lang='lat' dir='ltr'>16,t</span> <span class='ocrx_word' id='word_1_377' title='bbox 1132 4282 1177 4295; x_wconf 95' lang='lat'>-</span> <span class='ocrx_word' id='word_1_378' title='bbox 1191 4272 1206 4307; x_wconf 83' lang='lat' dir='ltr'>a</span> <span class='ocrx_word' id='word_1_379' title='bbox 1225 4266 1323 4334; x_wconf 81' lang='lat' dir='ltr'>apere</span> <span class='ocrx_word' id='word_1_380' title='bbox 1332 4244 1504 4335; x_wconf 78' lang='lat' dir='ltr'>plumarii</span> <span class='ocrx_word' id='word_1_381' title='bbox 1523 4273 1538 4303; x_wconf 75' lang='lat' dir='ltr'>n</span> 
     </span>
     <span class='ocr_line' id='line_1_37' title="bbox 208 4349 1322 4441; baseline -0.001 -23"><span class='ocrx_word' id='word_1_382' title='bbox 208 4352 263 4441; x_wconf 86' lang='lat' dir='ltr'>(ot.</span> <span class='ocrx_word' id='word_1_383' title='bbox 282 4349 813 4440; x_wconf 72' lang='lat' dir='ltr'>26,31).Haeequ0dsatisnota</span> <span class='ocrx_word' id='word_1_384' title='bbox 832 4350 958 4432; x_wconf 89' lang='lat' dir='ltr'>essent,</span> <span class='ocrx_word' id='word_1_385' title='bbox 980 4373 1051 4418; x_wconf 93' lang='lat' dir='ltr'>non</span> <span class='ocrx_word' id='word_1_386' title='bbox 1070 4349 1322 4419; x_wconf 88' lang='lat' dir='ltr'>describuntur.</span> 
     </span>
    </p>
   </div>
   <div class='ocr_carea' id='block_1_7' title="bbox 557 4591 1197 4655">
    <p class='ocr_par' dir='ltr' id='par_1_7' title="bbox 557 4591 1197 4655">
     <span class='ocr_line' id='line_1_38' title="bbox 557 4591 1197 4655; baseline 0.006 -18"><span class='ocrx_word' id='word_1_387' title='bbox 557 4593 579 4641; x_wconf 68' lang='grc' dir='ltr'>Ἰ.</span> <span class='ocrx_word' id='word_1_388' title='bbox 603 4592 677 4639; x_wconf 73' lang='lat' dir='ltr'>Vesta</span> <span class='ocrx_word' id='word_1_389' title='bbox 693 4591 836 4655; x_wconf 81' lang='lat' dir='ltr'>simpliciam</span> <span class='ocrx_word' id='word_1_390' title='bbox 851 4592 996 4641; x_wconf 72' lang='lat' dir='ltr'>sacerdotum</span> <span class='ocrx_word' id='word_1_391' title='bbox 1014 4594 1059 4641; x_wconf 78' lang='lat' dir='ltr'>Ec.</span> <span class='ocrx_word' id='word_1_392' title='bbox 1077 4594 1197 4653; x_wconf 63' lang='lat' dir='ltr'>esso-ia</span> 
     </span>
    </p>
   </div>
   <div class='ocr_carea' id='block_1_8' title="bbox 253 4768 1537 4880">
    <p class='ocr_par' dir='ltr' id='par_1_8' title="bbox 253 4768 1537 4880">
     <span class='ocr_line' id='line_1_39' title="bbox 253 4768 1537 4880; baseline -0.003 -41"><span class='ocrx_word' id='word_1_393' title='bbox 253 4770 468 4861; x_wconf 88' lang='lat' dir='ltr'>Simplicium</span> <span class='ocrx_word' id='word_1_394' title='bbox 490 4768 705 4859; x_wconf 83' lang='lat' dir='ltr'>sacerdotum</span> <span class='ocrx_word' id='word_1_395' title='bbox 727 4774 850 4851; x_wconf 89' lang='lat' dir='ltr'>vestes,</span> <span class='ocrx_word' id='word_1_396' title='bbox 876 4770 1017 4880; x_wconf 73' lang='lat' dir='ltr'>tortasse</span> <span class='ocrx_word' id='word_1_397' title='bbox 1048 4769 1139 4860; x_wconf 91' lang='lat' dir='ltr'>quod</span> <span class='ocrx_word' id='word_1_398' title='bbox 1163 4776 1273 4839; x_wconf 87' lang='lat' dir='ltr'>essent</span> <span class='ocrx_word' id='word_1_399' title='bbox 1300 4792 1352 4840; x_wconf 89' lang='lat' dir='ltr'>res</span> <span class='ocrx_word' id='word_1_400' title='bbox 1379 4770 1537 4837; x_wconf 81' lang='lat' dir='ltr'>omnibus</span> 
     </span>
    </p>
   </div>
   <div class='ocr_carea' id='block_1_9' title="bbox 0 0 1780 5384">
    <p class='ocr_par' dir='ltr' id='par_1_9' title="bbox 0 0 1780 5384">
     <span class='ocr_line' id='line_1_40' title="bbox 0 0 1780 5384; baseline 0 0"><span class='ocrx_word' id='word_1_401' title='bbox 0 0 1780 5384; x_wconf 95' lang='lat' dir='ltr'> </span> 
     </span>
    </p>
   </div>
  </div>
 </body>
</html>
