3534 5384
248 313 288 374 46
699 327 806 372 ucrsrs
829 328 908 372 nera
930 327 962 370 nr
983 325 1130 371 incurro.

245 485 322 530 rum
343 484 421 529 vere
441 481 574 528 sensum
603 459 718 527 reddit
744 465 776 529 ct
798 462 939 528 fortasse
957 466 1006 528 est
1024 460 1137 527 verior
1151 460 1264 526 lectio.
1287 466 1389 526 Seeus
1407 481 1485 526 cum
1503 459 1578 526 Gai.

242 569 427 636 dicendum
450 567 530 650 erit,
556 589 627 634 non
653 567 738 633 alios
760 567 900 634 tandem
927 589 968 633 ea
997 565 1216 656 expressione
1248 564 1422 652 designari
1446 570 1579 655 patres,

242 696 346 766 qnam
366 674 446 740 illos
467 679 550 754 tres3
574 694 646 740 non
663 673 721 760 agi
741 671 784 740 de
800 677 867 739 Deo
880 676 1041 752 Amram,
1056 672 1118 739 sed
1133 673 1176 740 de
1196 678 1263 739 Deo
1275 685 1434 762 patemo.
1453 676 1582 738 Recen-

241 787 359 849 sentur
382 786 498 848 antem
525 778 600 860 hie,
629 779 678 845 uti
700 779 800 862 alias,
824 779 877 846 illi
899 784 984 860 tres,
1008 779 1088 866 quia
1116 778 1187 846 illis
1209 776 1378 868 promissa
1396 784 1470 845 erat
1491 785 1582 846 terra

240 889 417 970 chanaan,
434 886 471 952 in
486 905 591 975 quam
610 884 759 976 populus
773 886 915 953 iamiam
935 890 1009 953 erat
1023 884 1313 968 introducendus,
1326 890 1361 951 et
1380 887 1464 975 quio
1473 886 1510 951 in
1529 884 1582 951 his

241 993 389 1084 populus
409 992 581 1059 hebraeus
605 990 650 1058 ab
675 991 750 1058 aliis
770 991 970 1058 nationibus
990 992 1103 1059 fuerat
1122 996 1325 1079 segregatus
1346 991 1485 1081 (Syia).
1510 997 1580 1059 Iam

242 1099 393 1167 indolem
417 1098 571 1188 portenti
590 1098 690 1187 plene
719 1097 883 1186 intelligit
905 1102 1047 1186 Moyses,
1065 1098 1149 1165 hinc
1171 1119 1180 1166 :
1206 1128 1221 1160 «
1245 1097 1430 1165 Abscondat
1448 1101 1582 1188 Moyses

241 1208 368 1295 faecem
390 1227 489 1272 saum
507 1232 523 1266 »
543 1204 587 1271 ob
602 1203 764 1270 timorem
785 1210 818 1271 et
833 1204 1059 1272 reverentiam
1077 1203 1248 1295 (Mensa),
1264 1204 1335 1272 sive
1354 1204 1531 1273 declinans
1545 1205 1582 1272 in

243 1320 386 1394 terram,
404 1311 474 1378 sive
488 1311 539 1378 uti
554 1310 643 1378 Elias
659 1316 678 1376 3
697 1315 779 1396 Reg.
804 1317 904 1393 19,13
920 1310 1028 1402 paMio
1040 1311 1197 1400 operiens
1211 1310 1289 1401 (syl
1312 1311 1350 1399 .).
1364 1340 1381 1373 «
1395 1313 1474 1380 Nou
1489 1311 1579 1378 enim

244 1417 556 1508 azcdebotaspiecrc
575 1429 693 1486 contra
705 1421 813 1484 Deam
835 1445 865 1484 n.

287 1525 409 1593 Pendit
421 1545 524 1615 porro
538 1528 626 1591 Deus
636 1523 826 1605 rationem,
843 1546 906 1590 cur
917 1530 1083 1614 appareat
1100 1546 1108 1592 :
1123 1545 1155 1591 v.
1176 1531 1195 1588 7
1210 1551 1226 1583 o
1245 1522 1311 1591 Cui
1320 1523 1373 1589 ait
1385 1523 1580 1590 Dominus:

250 1631 331 1700 Vidi
345 1630 572 1722 offlam
588 1629 715 1721 populi
736 1631 804 1696 mei
822 1630 859 1696 iu
882 1633 1056 1721 Aeyypto,
1078 1640 1110 1696 ct
1132 1628 1316 1697 clamorem
1337 1629 1412 1697 circs
1426 1628 1548 1696 audiui
1563 1657 1579 1691 n

241 1763 263 1806 a
270 1740 361 1828 facie
374 1759 613 1828 oppressorum
623 1737 709 1822 mm,
723 1736 938 1808 scalibatum
950 1735 1052 1826 Vulq.
1066 1757 1079 1802 .·
1094 1764 1110 1797 u
1118 1747 1262 1826 propter
1271 1734 1438 1803 duritiam
1448 1758 1577 1818 coruum,

242 1844 303 1934 qui
315 1856 483 1936 praesum
501 1842 659 1932 operibus
680 1871 715 1928 »‚
733 1865 765 1910 v.
789 1849 809 1911 8
836 1869 851 1902 o
881 1855 916 1910 ct
936 1843 1051 1910 seim
1066 1841 1219 1912 Qum
1238 1842 1311 1908 eius
1332 1871 1348 1904 n
1374 1842 1495 1909 -sed
1515 1843 1580 1910 hoe

242 1952 436 2019 membrum
451 1951 545 2017 trahi
564 1954 700 2039 oportet
719 1947 762 2016 ad
789 1948 1049 2038 praecedentia,
1071 1955 1105 2016 et
1120 1948 1435 2038 emungendum
1450 1971 1580 2016 asseve-

241 2058 390 2126 rativum
409 2080 417 2122 z
431 2058 587 2147 prosecta
604 2055 685 2122 noui
700 2055 925 2146 afflictionem
940 2055 1025 2123 eius.
1042 2059 1112 2123 Moe
1124 2071 1213 2124 'aar'
1227 2077 1290 2122 nos
1303 2056 1503 2126 reruntad
1514 2070 1579 2124 mn

242 2171 321 2248 235
346 2185 354 2233 :
377 2185 514 2230 causam
546 2163 709 2249 cognovit
738 2167 824 2229 Deus
850 2168 889 2228 ut
911 2162 1016 2229 iudex
1041 2167 1076 2229 et
1100 2184 1193 2230 nunc
1215 2184 1292 2229 eam
1318 2163 1447 2252 oppido
1471 2162 1581 2232 norit.

246 2301 260 2332 «
280 2261 461 2352 Descende,
482 2282 520 2334 at
545 2267 682 2334 liberem
700 2291 779 2334 euru
797 2267 837 2334 dc
858 2269 1017 2335 titanibus
1039 2269 1310 2358 Acqyptiorum,
1327 2281 1360 2336 ec
1378 2268 1523 2336 educam
1538 2268 1579 2334 de

243 2390 335 2444 terra
359 2374 421 2444 illa
441 2375 478 2442 iu
493 2388 620 2442 tecuam
643 2377 767 2441 boucam
787 2387 820 2440 ct
839 2374 1026 2464 spatiosam
1043 2403 1079 2456 »,
1097 2375 1120 2442 i.
1138 2398 1169 2442 e.
1189 2375 1380 2459 meliorem,
1399 2375 1578 2466 magisque

242 2485 428 2574 spatiosam
449 2481 568 2570 (Tusa.)
583 2504 590 2549 :
606 2489 700 2548 terra
719 2483 844 2548 Gessen
861 2479 971 2547 solum
984 2502 1114 2570 pascua
1126 2481 1309 2565 offerebat,
1324 2503 1394 2549 uon
1408 2504 1527 2569 agros,
1542 2484 1579 2549 in

243 2613 283 2657 ea
301 2587 444 2655 Hebraei
460 2586 735 2668 coarctabantur,
753 2608 832 2653 cum
848 2585 894 2652 ob
911 2609 1072 2655 numeros
1086 2594 1281 2656 constanter
1291 2594 1493 2671 crescentes,
1505 2595 1578 2655 tum

244 2696 288 2763 ob
303 2695 472 2762 admixtos
486 2693 673 2783 Aegyptios
691 2693 938 2781 variarumque
956 2693 1111 2761 tribuum
1131 2700 1325 2762 exterarum
1340 2695 1513 2777 homines,
1534 2683 1591 2744 -’

246 2833 261 2862 «
284 2803 322 2869 ia
342 2815 486 2886 terrum,
512 2823 601 2891 quac
618 2800 701 2890 [lecit
719 2801 806 2867 laete
827 2812 857 2867 ct
878 2799 995 2886 ocelle,
1015 2799 1063 2867 ad
1076 2800 1151 2868 loca
1168 2801 1372 2869 Cbaaouaei
1387 2814 1420 2868 ct
1435 2801 1580 2869 Hetlram'

242 2922 274 2976 ot
293 2907 497 2976 Aurorrbaez'
509 2919 542 2973 ec
556 2906 742 2973 Pherezaea·
754 2920 786 2973 ct
801 2905 932 2974 Hecaei
944 2918 976 2972 et
991 2904 1149 2974 iebusaei
1174 2935 1205 2976 ».
1224 2908 1391 2976 Promissa
1407 2909 1491 2975 haee
1505 2908 1579 2974 iue-

242 3021 320 3086 rant
339 3018 420 3082 Gen.
447 3021 547 3096 1530
566 3036 632 3103 sq,
659 3012 720 3080 ubi
739 3012 817 3080 vide
838 3012 879 3080 de
898 3012 969 3080 illis
990 3013 1169 3099 gentibus;
1189 3015 1233 3082 ef.
1257 3014 1362 3082 etiam
1381 3020 1436 3082 Ex.
1455 3021 1575 3100 23,23;

242 3128 344 3204 3333
362 3128 475 3202 3t,11.
504 3148 519 3181 o
546 3121 703 3201 Locutio,
720 3118 784 3185 etsi
810 3118 1035 3209 hyperbolica
1057 3119 1113 3204 sit,
1134 3119 1265 3188 indicat
1284 3126 1399 3188 tamen
1409 3142 1577 3188 summam

242 3228 377 3317 copiam
397 3227 553 3293 omnium
575 3246 646 3292 non
661 3229 795 3292 tantum
817 3225 1104 3307 necessariorum,
1122 3225 1183 3293 sed
1201 3227 1306 3294 etiam
1329 3249 1417 3317 quae
1433 3227 1476 3294 ad
1491 3227 1578 3294 deli·

242 3335 309 3402 cias
327 3338 361 3400 et
375 3333 586 3422 voluptatem
600 3331 749 3415 faciunt,
767 3352 913 3420 eamque
934 3335 1084 3416 tantam,
1099 3339 1137 3400 ut
1155 3355 1252 3400 more
1270 3333 1419 3401 fontium
1434 3340 1467 3402 et
1487 3334 1579 3401 rivu-

242 3441 354 3509 lorum
369 3439 467 3529 quasi
487 3439 593 3505 Mucre
616 3437 833 3520 viderentur;
853 3437 948 3527 quod
971 3435 1067 3506 haud
1090 3439 1194 3506 dubie
1214 3438 1345 3507 dictum
1365 3447 1415 3508 est
1439 3446 1580 3531 propter

242 3569 369 3637 pascua
395 3544 525 3634 optima
543 3551 576 3610 et
603 3543 794 3623 uberrima,
814 3565 902 3634 quae
927 3544 972 3611 ab
999 3546 1163 3612 armentis
1178 3544 1320 3636 depasta
1336 3549 1506 3637 optimum
1525 3546 1578 3614 loe

242 3654 491 3742 exprimerent,
509 3657 543 3718 et
562 3651 758 3740 frequentia
773 3672 877 3739 apum
898 3650 1074 3734 examine,
1100 3674 1188 3741 quae
1202 3653 1239 3719 in
1250 3675 1385 3721 summa
1398 3653 1498 3743 copia
1510 3653 1578 3720 mel

241 3759 481 3851 praeberent»
510 3759 672 3846 (Banasa).
700 3758 878 3845 Expressio
901 3755 990 3824 bene
1015 3759 1177 3844 congruit
1193 3761 1289 3845 genti
1306 3765 1500 3849 pastorum,
1518 3760 1578 3849 qni

241 3873 275 3934 et
288 3868 342 3934 lac
357 3870 540 3956 procurant
555 3870 588 3930 et
603 3863 705 3930 melle
715 3865 787 3930 sine
802 3862 923 3930 labore
939 3865 1079 3932 invento
1091 3864 1318 3932 delectantur.
1335 3867 1485 3933 Laetiset
1496 3866 1578 3933 mel·
1621 3867 1627 3882 ’

240 3972 283 4038 lis
317 3972 455 4039 nomine
491 3975 604 4038 censet
632 3969 728 4059 Sylo.
755 3969 873 4036 venire
901 3971 1074 4038 esculenta
1108 3971 1242 4051 omnia,
1275 3978 1314 4039 ut
1346 3972 1575 4056 frumentum,

240 4077 372 4160 oleum,
392 4099 485 4144 uvas.

285 4188 368 4250 Cum
382 4206 415 4249 v.
437 4185 523 4249 euti
544 4205 576 4250 v.
597 4190 637 4251 10
657 4205 677 4249 a
693 4196 771 4250 unm
794 4181 961 4264 ordiatur,
979 4183 1017 4250 hi
1043 4183 1112 4251 duo
1133 4206 1249 4251 versus
1267 4183 1390 4252 intime
1408 4191 1488 4252 sunt
1503 4187 1577 4252 iun-

242 4289 371 4378 gendi:
391 4294 479 4356 Deus
502 4311 639 4356 rursum
657 4289 729 4355 visa
747 4294 779 4355 et
801 4289 921 4355 audita
942 4295 1204 4373 commemorat,
1218 4311 1287 4378 quo
1303 4295 1433 4378 Moysen
1453 4291 1578 4359 instru-

243 4402 397 4465 mentum
418 4395 603 4484 promissae
627 4394 746 4462 salutis
770 4393 1049 4464 demonstretur.
1076 4401 1096 4463 9
1126 4425 1141 4458 c
1166 4394 1302 4463 Clamor
1324 4419 1404 4487 erqo
1422 4398 1577 4487 filiorum

242 4504 349 4571 Israel
361 4501 452 4569 comt
468 4500 516 4569 ad
534 4523 604 4584 me,
622 4499 762 4590 vidique
787 4501 1012 4591 afflictionem
1027 4524 1160 4590 eorum,
1177 4525 1247 4592 qua
1261 4505 1303 4569 ab
1320 4504 1503 4594 Aeyyptiis
1518 4527 1576 4596 op·

237 4610 442 4702 primuutur
464 4637 492 4675 ».
511 4631 544 4676 v.
566 4615 606 4674 10
624 4634 640 4668 «
657 4606 728 4676 Sed
746 4607 825 4674 cerci
837 4635 872 4690 n,
890 4631 950 4675 seu
970 4610 1085 4699 potius
1100 4608 1204 4697 vade,
1225 4631 1307 4677 nam
1321 4611 1424 4699 Moysi
1440 4633 1508 4678 non
1528 4619 1578 4678 est

240 4719 382 4809 propius
396 4715 441 4782 ad
456 4714 582 4783 rubum
595 4713 842 4801 accedendum,
862 4743 877 4776 α
897 4728 930 4781 et
941 4715 1079 4783 mittam
1095 4728 1127 4782 te
1142 4715 1190 4784 ad
1196 4716 1423 4802 Pharaonem,
1442 4731 1479 4783 ut
1494 4717 1577 4786 edu·
