<?xml version="1.0" encoding="UTF-8"?>
<!DOCTYPE html PUBLIC "-//W3C//DTD XHTML 1.0 Transitional//EN"
    "http://www.w3.org/TR/xhtml1/DTD/xhtml1-transitional.dtd">
<html xmlns="http://www.w3.org/1999/xhtml" xml:lang="en" lang="en">
 <head>
  <title>
</title>
<meta http-equiv="Content-Type" content="text/html;charset=utf-8" />
  <meta name='ocr-system' content='tesseract 3.04.00' />
  <meta name='ocr-capabilities' content='ocr_page ocr_carea ocr_par ocr_line ocrx_word'/>
</head>
<body>
  <div class='ocr_page' id='page_1' title='image "./commentariusine00hummgoog_0544.png"; bbox 0 0 3534 5384; ppageno 0'>
   <div class='ocr_carea' id='block_1_1' title="bbox 260 445 1039 506">
    <p class='ocr_par' dir='ltr' id='par_1_1' title="bbox 260 445 1039 506">
     <span class='ocr_line' id='line_1_1' title="bbox 260 445 1039 506; baseline -0.004 -3"><span class='ocrx_word' id='word_1_1' title='bbox 260 445 320 504; x_wconf 75' lang='grc'><strong>516</strong></span> <span class='ocrx_word' id='word_1_2' title='bbox 820 459 911 505; x_wconf 77' lang='lat' dir='ltr'><strong>ann</strong></span> <span class='ocrx_word' id='word_1_3' title='bbox 929 457 1039 506; x_wconf 75' lang='lat' dir='ltr'><strong>man.</strong></span> 
     </span>
    </p>
   </div>
   <div class='ocr_carea' id='block_1_2' title="bbox 256 587 1599 1428">
    <p class='ocr_par' dir='ltr' id='par_1_2' title="bbox 256 587 1599 1428">
     <span class='ocr_line' id='line_1_2' title="bbox 261 587 1599 678; baseline -0.006 -16"><span class='ocrx_word' id='word_1_4' title='bbox 261 600 403 678; x_wconf 83' lang='lat' dir='ltr'><strong>Tamen,</strong></span> <span class='ocrx_word' id='word_1_5' title='bbox 426 593 563 661; x_wconf 86' lang='lat' dir='ltr'><strong>attentis</strong></span> <span class='ocrx_word' id='word_1_6' title='bbox 585 599 618 661; x_wconf 92' lang='grc'><strong>11</strong></span> <span class='ocrx_word' id='word_1_7' title='bbox 631 596 741 660; x_wconf 85' lang='lat' dir='ltr'><strong>textus</strong></span> <span class='ocrx_word' id='word_1_8' title='bbox 754 591 966 660; x_wconf 88' lang='lat' dir='ltr'><strong>iiasorethici</strong></span> <span class='ocrx_word' id='word_1_9' title='bbox 984 589 1214 662; x_wconf 73' lang='lat' dir='ltr'><strong>divisionibus</strong></span> <span class='ocrx_word' id='word_1_10' title='bbox 1223 593 1257 660; x_wconf 87' lang='lat' dir='ltr'><strong>et</strong></span> <span class='ocrx_word' id='word_1_11' title='bbox 1269 591 1322 671; x_wconf 79' lang='grc'>111,</span> <span class='ocrx_word' id='word_1_12' title='bbox 1340 609 1428 678; x_wconf 88' lang='lat' dir='ltr'><strong>quae</strong></span> <span class='ocrx_word' id='word_1_13' title='bbox 1448 587 1491 655; x_wconf 93' lang='lat' dir='ltr'><strong>de</strong></span> <span class='ocrx_word' id='word_1_14' title='bbox 1508 588 1599 654; x_wconf 86' lang='lat' dir='ltr'><strong>sacri</strong></span> 
     </span>
     <span class='ocr_line' id='line_1_3' title="bbox 260 693 1598 786; baseline -0.005 -18"><span class='ocrx_word' id='word_1_15' title='bbox 260 705 370 769; x_wconf 84' lang='lat' dir='ltr'><strong>textus</strong></span> <span class='ocrx_word' id='word_1_16' title='bbox 389 699 542 768; x_wconf 80' lang='lat' dir='ltr'><strong>articulis</strong></span> <span class='ocrx_word' id='word_1_17' title='bbox 561 699 664 767; x_wconf 87' lang='lat' dir='ltr'><strong>certis</strong></span> <span class='ocrx_word' id='word_1_18' title='bbox 677 698 834 768; x_wconf 89' lang='lat' dir='ltr'><strong>formulis</strong></span> <span class='ocrx_word' id='word_1_19' title='bbox 850 697 1105 786; x_wconf 80' lang='lat' dir='ltr'><strong>distinguendis</strong></span> <span class='ocrx_word' id='word_1_20' title='bbox 1119 695 1220 763; x_wconf 89' lang='lat' dir='ltr'><strong>toties</strong></span> <span class='ocrx_word' id='word_1_21' title='bbox 1240 693 1525 777; x_wconf 66' lang='lat' dir='ltr'><strong>obmittamus,</strong></span> <span class='ocrx_word' id='word_1_22' title='bbox 1542 715 1598 761; x_wconf 87' lang='lat' dir='ltr'><strong>se-</strong></span> 
     </span>
     <span class='ocr_line' id='line_1_4' title="bbox 260 801 1598 898; baseline -0.007 -24"><span class='ocrx_word' id='word_1_23' title='bbox 260 809 401 898; x_wconf 81' lang='lat' dir='ltr'><strong>quentia</strong></span> <span class='ocrx_word' id='word_1_24' title='bbox 415 807 646 893; x_wconf 82' lang='lat' dir='ltr'><strong>suggerimus.</strong></span> <span class='ocrx_word' id='word_1_25' title='bbox 663 806 779 873; x_wconf 83' lang='lat' dir='ltr'><strong>Merito</strong></span> <span class='ocrx_word' id='word_1_26' title='bbox 793 805 903 892; x_wconf 88' lang='lat' dir='ltr'><strong>igitur</strong></span> <span class='ocrx_word' id='word_1_27' title='bbox 917 807 1043 872; x_wconf 84' lang='lat' dir='ltr'><strong>Masor.</strong></span> <span class='ocrx_word' id='word_1_28' title='bbox 1060 826 1093 871; x_wconf 91' lang='lat' dir='ltr'><strong>v.</strong></span> <span class='ocrx_word' id='word_1_29' title='bbox 1106 811 1126 873; x_wconf 84' lang='lat'>8</span> <span class='ocrx_word' id='word_1_30' title='bbox 1141 827 1162 870; x_wconf 91' lang='lat' dir='ltr'><strong>a</strong></span> <span class='ocrx_word' id='word_1_31' title='bbox 1173 801 1467 893; x_wconf 63' lang='lat' dir='ltr'><strong>praecedentibus</strong></span> <span class='ocrx_word' id='word_1_32' title='bbox 1474 801 1598 872; x_wconf 80' lang='lat' dir='ltr'><strong>distin-</strong></span> 
     </span>
     <span class='ocr_line' id='line_1_5' title="bbox 258 906 1596 1000; baseline -0.001 -20"><span class='ocrx_word' id='word_1_33' title='bbox 258 918 380 1000; x_wconf 88' lang='lat' dir='ltr'><strong>guunt,</strong></span> <span class='ocrx_word' id='word_1_34' title='bbox 406 935 485 980; x_wconf 88' lang='lat' dir='ltr'><strong>aum</strong></span> <span class='ocrx_word' id='word_1_35' title='bbox 511 914 540 978; x_wconf 89' lang='lat' dir='ltr'><strong>is</strong></span> <span class='ocrx_word' id='word_1_36' title='bbox 563 912 665 980; x_wconf 90' lang='lat' dir='ltr'><strong>misso</strong></span> <span class='ocrx_word' id='word_1_37' title='bbox 686 935 778 980; x_wconf 89' lang='lat' dir='ltr'><strong>anno</strong></span> <span class='ocrx_word' id='word_1_38' title='bbox 797 912 974 980; x_wconf 83' lang='lat' dir='ltr'><strong>sabbatiae</strong></span> <span class='ocrx_word' id='word_1_39' title='bbox 992 910 1034 977; x_wconf 90' lang='lat' dir='ltr'><strong>de</strong></span> <span class='ocrx_word' id='word_1_40' title='bbox 1053 909 1205 978; x_wconf 87' lang='lat' dir='ltr'><strong>iubilaco</strong></span> <span class='ocrx_word' id='word_1_41' title='bbox 1227 929 1421 977; x_wconf 88' lang='lat' dir='ltr'><strong>sermonem</strong></span> <span class='ocrx_word' id='word_1_42' title='bbox 1436 906 1596 978; x_wconf 67' lang='lat' dir='ltr'><strong>induent</strong></span> 
     </span>
     <span class='ocr_line' id='line_1_6' title="bbox 257 1017 1597 1110; baseline -0.005 -24"><span class='ocrx_word' id='word_1_43' title='bbox 257 1043 290 1088; x_wconf 91' lang='lat' dir='ltr'><strong>v.</strong></span> <span class='ocrx_word' id='word_1_44' title='bbox 310 1028 352 1088; x_wconf 80' lang='lat'><strong>17</strong></span> <span class='ocrx_word' id='word_1_45' title='bbox 365 1041 416 1110; x_wconf 89' lang='lat' dir='ltr'><strong>sq.</strong></span> <span class='ocrx_word' id='word_1_46' title='bbox 432 1019 637 1086; x_wconf 87' lang='lat' dir='ltr'><strong>offendimus</strong></span> <span class='ocrx_word' id='word_1_47' title='bbox 648 1041 753 1086; x_wconf 91' lang='lat' dir='ltr'><strong>unam</strong></span> <span class='ocrx_word' id='word_1_48' title='bbox 768 1042 786 1087; x_wconf 92' lang='lat' dir='ltr'><strong>e</strong></span> <span class='ocrx_word' id='word_1_49' title='bbox 801 1017 974 1086; x_wconf 90' lang='lat' dir='ltr'><strong>consuetis</strong></span> <span class='ocrx_word' id='word_1_50' title='bbox 989 1017 1161 1102; x_wconf 64' lang='lat' dir='ltr'><strong>clausulis</strong></span> <span class='ocrx_word' id='word_1_51' title='bbox 1177 1039 1266 1107; x_wconf 87' lang='lat' dir='ltr'><strong>quae</strong></span> <span class='ocrx_word' id='word_1_52' title='bbox 1282 1035 1475 1084; x_wconf 86' lang='lat' dir='ltr'><strong>sermonem</strong></span> <span class='ocrx_word' id='word_1_53' title='bbox 1486 1037 1519 1080; x_wconf 90' lang='lat' dir='ltr'><strong>v.</strong></span> <span class='ocrx_word' id='word_1_54' title='bbox 1536 1019 1597 1080; x_wconf 79' lang='grc'><strong>11-</strong></span> 
     </span>
     <span class='ocr_line' id='line_1_7' title="bbox 260 1123 1592 1212; baseline -0.005 -19"><span class='ocrx_word' id='word_1_55' title='bbox 260 1134 300 1194; x_wconf 83' lang='grc'><strong>17</strong></span> <span class='ocrx_word' id='word_1_56' title='bbox 325 1126 368 1194; x_wconf 91' lang='lat' dir='ltr'><strong>de</strong></span> <span class='ocrx_word' id='word_1_57' title='bbox 388 1127 530 1212; x_wconf 89' lang='lat' dir='ltr'><strong>frugum</strong></span> <span class='ocrx_word' id='word_1_58' title='bbox 550 1126 750 1193; x_wconf 83' lang='lat' dir='ltr'><strong>venditione</strong></span> <span class='ocrx_word' id='word_1_59' title='bbox 779 1124 970 1204; x_wconf 90' lang='lat' dir='ltr'><strong>concludit;</strong></span> <span class='ocrx_word' id='word_1_60' title='bbox 999 1123 1143 1191; x_wconf 87' lang='lat' dir='ltr'><strong>alteram</strong></span> <span class='ocrx_word' id='word_1_61' title='bbox 1166 1125 1200 1190; x_wconf 86' lang='lat' dir='ltr'><strong>v.</strong></span> <span class='ocrx_word' id='word_1_62' title='bbox 1221 1128 1276 1190; x_wconf 84' lang='lat'><strong>38.</strong></span> <span class='ocrx_word' id='word_1_63' title='bbox 1302 1127 1408 1189; x_wconf 89' lang='lat' dir='ltr'><strong>Porro</strong></span> <span class='ocrx_word' id='word_1_64' title='bbox 1429 1145 1462 1188; x_wconf 82' lang='lat' dir='ltr'><strong>v.</strong></span> <span class='ocrx_word' id='word_1_65' title='bbox 1485 1126 1592 1187; x_wconf 73' lang='lat' dir='ltr'><strong>iti-aa</strong></span> 
     </span>
     <span class='ocr_line' id='line_1_8' title="bbox 260 1227 1593 1319; baseline -0.004 -21"><span class='ocrx_word' id='word_1_66' title='bbox 260 1232 480 1299; x_wconf 84' lang='lat' dir='ltr'><strong>ostendemus</strong></span> <span class='ocrx_word' id='word_1_67' title='bbox 499 1232 577 1298; x_wconf 89' lang='lat' dir='ltr'><strong>loeo</strong></span> <span class='ocrx_word' id='word_1_68' title='bbox 595 1253 667 1299; x_wconf 87' lang='lat' dir='ltr'><strong>csse</strong></span> <span class='ocrx_word' id='word_1_69' title='bbox 688 1231 899 1299; x_wconf 90' lang='lat' dir='ltr'><strong>movendum</strong></span> <span class='ocrx_word' id='word_1_70' title='bbox 918 1236 1021 1319; x_wconf 89' lang='lat' dir='ltr'><strong>atque</strong></span> <span class='ocrx_word' id='word_1_71' title='bbox 1045 1230 1090 1296; x_wconf 86' lang='lat' dir='ltr'><strong>ad</strong></span> <span class='ocrx_word' id='word_1_72' title='bbox 1110 1230 1239 1297; x_wconf 88' lang='lat' dir='ltr'><strong>calcem</strong></span> <span class='ocrx_word' id='word_1_73' title='bbox 1253 1229 1416 1296; x_wconf 88' lang='lat' dir='ltr'><strong>sermonis</strong></span> <span class='ocrx_word' id='word_1_74' title='bbox 1435 1227 1477 1294; x_wconf 86' lang='lat' dir='ltr'><strong>dc</strong></span> <span class='ocrx_word' id='word_1_75' title='bbox 1499 1248 1593 1294; x_wconf 85' lang='lat' dir='ltr'><strong>anuo</strong></span> 
     </span>
     <span class='ocr_line' id='line_1_9' title="bbox 256 1334 1371 1428; baseline -0.004 -22"><span class='ocrx_word' id='word_1_76' title='bbox 256 1339 435 1406; x_wconf 85' lang='lat' dir='ltr'><strong>sabbatiae</strong></span> <span class='ocrx_word' id='word_1_77' title='bbox 454 1334 744 1406; x_wconf 87' lang='lat' dir='ltr'><strong>transferendum.</strong></span> <span class='ocrx_word' id='word_1_78' title='bbox 767 1337 891 1428; x_wconf 78' lang='lat' dir='ltr'><strong>Accipe</strong></span> <span class='ocrx_word' id='word_1_79' title='bbox 910 1337 980 1404; x_wconf 87' lang='lat' dir='ltr'><strong>iem</strong></span> <span class='ocrx_word' id='word_1_80' title='bbox 1001 1337 1122 1426; x_wconf 87' lang='lat' dir='ltr'><strong>capitis</strong></span> <span class='ocrx_word' id='word_1_81' title='bbox 1140 1340 1371 1426; x_wconf 86' lang='lat' dir='ltr'><strong>conspectum.</strong></span> 
     </span>
    </p>
   </div>
   <div class='ocr_carea' id='block_1_3' title="bbox 295 1543 1596 1881">
    <p class='ocr_par' dir='ltr' id='par_1_3' title="bbox 296 1543 1089 1614">
     <span class='ocr_line' id='line_1_10' title="bbox 296 1543 1089 1614; baseline -0.003 -17"><span class='ocrx_word' id='word_1_82' title='bbox 296 1543 321 1614; x_wconf 82' lang='lat' dir='ltr'><strong>a)</strong></span> <span class='ocrx_word' id='word_1_83' title='bbox 339 1548 437 1598; x_wconf 86' lang='lat' dir='ltr'><strong>Annus</strong></span> <span class='ocrx_word' id='word_1_84' title='bbox 451 1546 610 1598; x_wconf 85' lang='lat' dir='ltr'><strong>sabbaticus</strong></span> <span class='ocrx_word' id='word_1_85' title='bbox 624 1561 652 1597; x_wconf 83' lang='lat' dir='ltr'><strong>v.</strong></span> <span class='ocrx_word' id='word_1_86' title='bbox 669 1547 717 1597; x_wconf 83' lang='grc'><strong>1-7</strong></span> <span class='ocrx_word' id='word_1_87' title='bbox 732 1545 845 1614; x_wconf 80' lang='grc'>(111111.</span> <span class='ocrx_word' id='word_1_88' title='bbox 860 1544 891 1613; x_wconf 78' lang='lat'><strong>0)</strong></span> <span class='ocrx_word' id='word_1_89' title='bbox 907 1549 935 1596; x_wconf 87' lang='lat' dir='ltr'><strong>et</strong></span> <span class='ocrx_word' id='word_1_90' title='bbox 948 1559 976 1598; x_wconf 84' lang='lat' dir='ltr'><strong>v.</strong></span> <span class='ocrx_word' id='word_1_91' title='bbox 996 1545 1089 1597; x_wconf 74' lang='lat' dir='ltr'><strong>ts-ta.</strong></span> 
     </span>
    </p>

    <p class='ocr_par' dir='ltr' id='par_1_4' title="bbox 295 1632 1596 1881">
     <span class='ocr_line' id='line_1_11' title="bbox 295 1632 1596 1702; baseline -0.003 -16"><span class='ocrx_word' id='word_1_92' title='bbox 295 1632 322 1702; x_wconf 79' lang='lat' dir='ltr'><strong>b)</strong></span> <span class='ocrx_word' id='word_1_93' title='bbox 340 1635 503 1686; x_wconf 84' lang='lat' dir='ltr'><strong>Iubtiaeum.</strong></span> <span class='ocrx_word' id='word_1_94' title='bbox 515 1635 588 1686; x_wconf 88' lang='lat' dir='ltr'><strong>iilud</strong></span> <span class='ocrx_word' id='word_1_95' title='bbox 599 1636 733 1686; x_wconf 87' lang='lat' dir='ltr'><strong>indicitur</strong></span> <span class='ocrx_word' id='word_1_96' title='bbox 747 1648 776 1685; x_wconf 86' lang='lat' dir='ltr'><strong>v.</strong></span> <span class='ocrx_word' id='word_1_97' title='bbox 789 1634 867 1696; x_wconf 76' lang='grc'>8-11,</span> <span class='ocrx_word' id='word_1_98' title='bbox 881 1637 942 1687; x_wconf 86' lang='lat' dir='ltr'><strong>eius</strong></span> <span class='ocrx_word' id='word_1_99' title='bbox 952 1634 1068 1686; x_wconf 78' lang='lat' dir='ltr'><strong>effectus</strong></span> <span class='ocrx_word' id='word_1_100' title='bbox 1079 1648 1107 1684; x_wconf 89' lang='lat' dir='ltr'><strong>v.</strong></span> <span class='ocrx_word' id='word_1_101' title='bbox 1122 1634 1152 1685; x_wconf 95' lang='grc'><strong>13</strong></span> <span class='ocrx_word' id='word_1_102' title='bbox 1163 1634 1289 1698; x_wconf 79' lang='lat' dir='ltr'><strong>generali</strong></span> <span class='ocrx_word' id='word_1_103' title='bbox 1298 1633 1490 1697; x_wconf 71' lang='lat' dir='ltr'><strong>propositione</strong></span> <span class='ocrx_word' id='word_1_104' title='bbox 1501 1645 1596 1682; x_wconf 90' lang='lat' dir='ltr'><strong>enun-</strong></span> 
     </span>
     <span class='ocr_line' id='line_1_12' title="bbox 420 1723 1060 1788; baseline -0.003 -14"><span class='ocrx_word' id='word_1_105' title='bbox 420 1726 535 1785; x_wconf 86' lang='lat' dir='ltr'><strong>tiantur,</strong></span> <span class='ocrx_word' id='word_1_106' title='bbox 546 1728 646 1788; x_wconf 85' lang='lat' dir='ltr'><strong>postea</strong></span> <span class='ocrx_word' id='word_1_107' title='bbox 660 1724 827 1788; x_wconf 82' lang='lat' dir='ltr'><strong>singiliatim</strong></span> <span class='ocrx_word' id='word_1_108' title='bbox 841 1723 1037 1776; x_wconf 87' lang='lat' dir='ltr'><strong>describuntur</strong></span> <span class='ocrx_word' id='word_1_109' title='bbox 1053 1737 1060 1772; x_wconf 92' lang='lat'>:</span> 
     </span>
     <span class='ocr_line' id='line_1_13' title="bbox 404 1808 1279 1881; baseline -0.001 -20"><span class='ocrx_word' id='word_1_110' title='bbox 404 1808 429 1881; x_wconf 84' lang='grc' dir='ltr'><strong>α)</strong></span> <span class='ocrx_word' id='word_1_111' title='bbox 445 1813 538 1878; x_wconf 80' lang='lat' dir='ltr'><strong>quoad</strong></span> <span class='ocrx_word' id='word_1_112' title='bbox 553 1812 651 1878; x_wconf 83' lang='lat' dir='ltr'><strong>trugas</strong></span> <span class='ocrx_word' id='word_1_113' title='bbox 661 1827 690 1864; x_wconf 86' lang='lat' dir='ltr'><strong>v.</strong></span> <span class='ocrx_word' id='word_1_114' title='bbox 707 1812 790 1864; x_wconf 80' lang='lat' dir='ltr'><strong>ii-t&#39;i</strong></span> <span class='ocrx_word' id='word_1_115' title='bbox 799 1852 805 1874; x_wconf 92' lang='lat'>,</span> <span class='ocrx_word' id='word_1_116' title='bbox 822 1811 990 1878; x_wconf 79' lang='lat' dir='ltr'><strong>additurque</strong></span> <span class='ocrx_word' id='word_1_117' title='bbox 1004 1812 1131 1864; x_wconf 79' lang='lat' dir='ltr'><strong>clausula</strong></span> <span class='ocrx_word' id='word_1_118' title='bbox 1144 1825 1172 1864; x_wconf 85' lang='lat' dir='ltr'><strong>v.</strong></span> <span class='ocrx_word' id='word_1_119' title='bbox 1190 1812 1220 1862; x_wconf 85' lang='grc'><strong>17</strong></span> <span class='ocrx_word' id='word_1_120' title='bbox 1235 1825 1279 1876; x_wconf 88' lang='lat' dir='ltr'><strong>sq.</strong></span> 
     </span>
    </p>
   </div>
   <div class='ocr_carea' id='block_1_4' title="bbox 459 1976 1466 2136">
    <p class='ocr_par' dir='ltr' id='par_1_5' title="bbox 459 1976 1466 2136">
     <span class='ocr_line' id='line_1_14' title="bbox 459 1976 1301 2050; baseline -0.03 -1"><span class='ocrx_word' id='word_1_121' title='bbox 459 1982 636 2047; x_wconf 82' lang='lat' dir='ltr'><strong>Appendices</strong></span> <span class='ocrx_word' id='word_1_122' title='bbox 651 1995 658 2031; x_wconf 73' lang='grc' dir='ltr'><em>τ</em></span> <span class='ocrx_word' id='word_1_123' title='bbox 675 1980 707 2048; x_wconf 69' lang='lat' dir='ltr'><strong>rt)</strong></span> <span class='ocrx_word' id='word_1_124' title='bbox 721 1984 797 2033; x_wconf 83' lang='lat' dir='ltr'><strong>terra</strong></span> <span class='ocrx_word' id='word_1_125' title='bbox 809 1983 871 2046; x_wconf 81' lang='lat' dir='ltr'><strong>ipsa</strong></span> <span class='ocrx_word' id='word_1_126' title='bbox 884 1995 941 2032; x_wconf 94' lang='lat' dir='ltr'><strong>non</strong></span> <span class='ocrx_word' id='word_1_127' title='bbox 955 1982 1086 2032; x_wconf 87' lang='lat' dir='ltr'><strong>venditur</strong></span> <span class='ocrx_word' id='word_1_128' title='bbox 1097 1995 1124 2032; x_wconf 87' lang='lat' dir='ltr'><strong>v.</strong></span> <span class='ocrx_word' id='word_1_129' title='bbox 1141 1981 1174 2030; x_wconf 77' lang='grc'><strong>13</strong></span> <span class='ocrx_word' id='word_1_130' title='bbox 1185 1993 1229 2044; x_wconf 88' lang='lat' dir='ltr'><strong>sq.</strong></span> <span class='ocrx_word' id='word_1_131' title='bbox 1244 1976 1301 2050; x_wconf 74' lang='lat'>(0);</span> 
     </span>
     <span class='ocr_line' id='line_1_15' title="bbox 674 2065 1466 2136; baseline -0.027 1"><span class='ocrx_word' id='word_1_132' title='bbox 674 2068 705 2136; x_wconf 63' lang='grc' dir='ltr'><strong>ἒ)</strong></span> <span class='ocrx_word' id='word_1_133' title='bbox 721 2070 890 2135; x_wconf 68' lang='lat' dir='ltr'><strong>pauperibus</strong></span> <span class='ocrx_word' id='word_1_134' title='bbox 905 2071 1079 2134; x_wconf 84' lang='lat' dir='ltr'><strong>indulgentia</strong></span> <span class='ocrx_word' id='word_1_135' title='bbox 1093 2067 1255 2122; x_wconf 87' lang='lat' dir='ltr'><strong>exhibenda</strong></span> <span class='ocrx_word' id='word_1_136' title='bbox 1268 2081 1297 2120; x_wconf 84' lang='lat' dir='ltr'><strong>v.</strong></span> <span class='ocrx_word' id='word_1_137' title='bbox 1314 2067 1398 2118; x_wconf 78' lang='lat'><strong>25-28</strong></span> <span class='ocrx_word' id='word_1_138' title='bbox 1415 2065 1466 2136; x_wconf 75' lang='grc' dir='ltr'>(υ).</span> 
     </span>
    </p>
   </div>
   <div class='ocr_carea' id='block_1_5' title="bbox 402 2220 1603 2642">
    <p class='ocr_par' dir='ltr' id='par_1_6' title="bbox 402 2220 1603 2642">
     <span class='ocr_line' id='line_1_16' title="bbox 402 2220 860 2290; baseline -0.004 -17"><span class='ocrx_word' id='word_1_139' title='bbox 402 2220 428 2290; x_wconf 88' lang='grc' dir='ltr'><strong>β)</strong></span> <span class='ocrx_word' id='word_1_140' title='bbox 444 2223 538 2288; x_wconf 86' lang='lat' dir='ltr'><strong>quoad</strong></span> <span class='ocrx_word' id='word_1_141' title='bbox 552 2224 652 2274; x_wconf 83' lang='lat' dir='ltr'><strong>domus</strong></span> <span class='ocrx_word' id='word_1_142' title='bbox 666 2226 694 2273; x_wconf 91' lang='lat' dir='ltr'><strong>et</strong></span> <span class='ocrx_word' id='word_1_143' title='bbox 708 2222 838 2274; x_wconf 86' lang='lat' dir='ltr'><strong>homines</strong></span> <span class='ocrx_word' id='word_1_144' title='bbox 854 2234 860 2271; x_wconf 91' lang='lat'>:</span> 
     </span>
     <span class='ocr_line' id='line_1_17' title="bbox 677 2307 1603 2377; baseline -0.011 -10"><span class='ocrx_word' id='word_1_145' title='bbox 677 2307 707 2377; x_wconf 75' lang='lat' dir='ltr'><strong>a)</strong></span> <span class='ocrx_word' id='word_1_146' title='bbox 729 2311 764 2362; x_wconf 87' lang='lat' dir='ltr'><strong>dc</strong></span> <span class='ocrx_word' id='word_1_147' title='bbox 787 2311 916 2362; x_wconf 88' lang='lat' dir='ltr'><strong>domibus</strong></span> <span class='ocrx_word' id='word_1_148' title='bbox 940 2313 969 2360; x_wconf 90' lang='lat' dir='ltr'><strong>in</strong></span> <span class='ocrx_word' id='word_1_149' title='bbox 983 2311 1052 2362; x_wconf 89' lang='lat' dir='ltr'><strong>urbe</strong></span> <span class='ocrx_word' id='word_1_150' title='bbox 1070 2322 1098 2362; x_wconf 84' lang='lat' dir='ltr'><strong>v.</strong></span> <span class='ocrx_word' id='word_1_151' title='bbox 1118 2311 1152 2361; x_wconf 75' lang='lat'><strong>29</strong></span> <span class='ocrx_word' id='word_1_152' title='bbox 1171 2323 1214 2374; x_wconf 87' lang='lat' dir='ltr'><strong>sq.</strong></span> <span class='ocrx_word' id='word_1_153' title='bbox 1241 2312 1286 2361; x_wconf 88' lang='lat' dir='ltr'><strong>vel</strong></span> <span class='ocrx_word' id='word_1_154' title='bbox 1299 2311 1359 2360; x_wconf 89' lang='lat' dir='ltr'><strong>ruri</strong></span> <span class='ocrx_word' id='word_1_155' title='bbox 1372 2323 1400 2359; x_wconf 89' lang='lat' dir='ltr'><strong>v.</strong></span> <span class='ocrx_word' id='word_1_156' title='bbox 1421 2307 1452 2360; x_wconf 88' lang='grc'><strong>31</strong></span> <span class='ocrx_word' id='word_1_157' title='bbox 1472 2308 1535 2358; x_wconf 86' lang='lat' dir='ltr'><strong>sitis</strong></span> <span class='ocrx_word' id='word_1_158' title='bbox 1542 2320 1551 2367; x_wconf 91' lang='lat'><em>;</em></span> <span class='ocrx_word' id='word_1_159' title='bbox 1565 2307 1603 2358; x_wconf 88' lang='lat' dir='ltr'><strong>de</strong></span> 
     </span>
     <span class='ocr_line' id='line_1_18' title="bbox 729 2396 1234 2466; baseline 0 -17"><span class='ocrx_word' id='word_1_160' title='bbox 729 2399 857 2450; x_wconf 86' lang='lat' dir='ltr'><strong>domibus</strong></span> <span class='ocrx_word' id='word_1_161' title='bbox 872 2400 1020 2449; x_wconf 84' lang='lat' dir='ltr'><strong>levitarum</strong></span> <span class='ocrx_word' id='word_1_162' title='bbox 1033 2412 1061 2448; x_wconf 87' lang='lat' dir='ltr'><strong>v.</strong></span> <span class='ocrx_word' id='word_1_163' title='bbox 1079 2399 1112 2450; x_wconf 74' lang='lat'><strong>32</strong></span> <span class='ocrx_word' id='word_1_164' title='bbox 1132 2399 1165 2450; x_wconf 84' lang='grc'><strong>34</strong></span> <span class='ocrx_word' id='word_1_165' title='bbox 1180 2396 1218 2466; x_wconf 75' lang='lat'><strong>(0)</strong></span> <span class='ocrx_word' id='word_1_166' title='bbox 1227 2413 1234 2461; x_wconf 90' lang='lat'>;</span> 
     </span>
     <span class='ocr_line' id='line_1_19' title="bbox 679 2484 1601 2552; baseline -0.007 -10"><span class='ocrx_word' id='word_1_167' title='bbox 679 2484 709 2552; x_wconf 69' lang='grc' dir='ltr'><strong>Ξ)</strong></span> <span class='ocrx_word' id='word_1_168' title='bbox 725 2486 759 2537; x_wconf 90' lang='lat' dir='ltr'><strong>de</strong></span> <span class='ocrx_word' id='word_1_169' title='bbox 775 2488 904 2538; x_wconf 85' lang='lat' dir='ltr'><strong>Hebraeo</strong></span> <span class='ocrx_word' id='word_1_170' title='bbox 917 2500 1040 2552; x_wconf 83' lang='lat' dir='ltr'><strong>paupere</strong></span> <span class='ocrx_word' id='word_1_171' title='bbox 1054 2489 1082 2538; x_wconf 95' lang='lat' dir='ltr'><strong>in</strong></span> <span class='ocrx_word' id='word_1_172' title='bbox 1092 2487 1176 2539; x_wconf 89' lang='lat' dir='ltr'><strong>domo</strong></span> <span class='ocrx_word' id='word_1_173' title='bbox 1191 2487 1312 2539; x_wconf 85' lang='lat' dir='ltr'><strong>Hebraei</strong></span> <span class='ocrx_word' id='word_1_174' title='bbox 1324 2487 1444 2551; x_wconf 85' lang='lat' dir='ltr'><strong>degente</strong></span> <span class='ocrx_word' id='word_1_175' title='bbox 1453 2500 1482 2537; x_wconf 87' lang='lat' dir='ltr'><strong>v.</strong></span> <span class='ocrx_word' id='word_1_176' title='bbox 1495 2485 1585 2536; x_wconf 79' lang='grc'>35-37</span> <span class='ocrx_word' id='word_1_177' title='bbox 1593 2499 1601 2545; x_wconf 69' lang='lat'><em>3</em></span> 
     </span>
     <span class='ocr_line' id='line_1_20' title="bbox 725 2574 1196 2642; baseline 0.006 -18"><span class='ocrx_word' id='word_1_178' title='bbox 725 2574 892 2640; x_wconf 80' lang='lat' dir='ltr'><strong>additurque</strong></span> <span class='ocrx_word' id='word_1_179' title='bbox 907 2577 1033 2627; x_wconf 86' lang='lat' dir='ltr'><strong>clausula</strong></span> <span class='ocrx_word' id='word_1_180' title='bbox 1048 2590 1075 2626; x_wconf 92' lang='lat' dir='ltr'><strong>v.</strong></span> <span class='ocrx_word' id='word_1_181' title='bbox 1093 2575 1126 2628; x_wconf 87' lang='grc'><strong>38</strong></span> <span class='ocrx_word' id='word_1_182' title='bbox 1142 2574 1196 2642; x_wconf 76' lang='lat'>(0).</span> 
     </span>
    </p>
   </div>
   <div class='ocr_carea' id='block_1_6' title="bbox 460 2743 1512 2982">
    <p class='ocr_par' dir='ltr' id='par_1_7' title="bbox 460 2743 1512 2982">
     <span class='ocr_line' id='line_1_21' title="bbox 460 2743 1512 2812; baseline 0.004 -16"><span class='ocrx_word' id='word_1_183' title='bbox 460 2745 638 2810; x_wconf 83' lang='lat' dir='ltr'><strong>Appendices</strong></span> <span class='ocrx_word' id='word_1_184' title='bbox 653 2759 660 2795; x_wconf 77' lang='grc' dir='ltr'><strong><em>ε</em></strong></span> <span class='ocrx_word' id='word_1_185' title='bbox 677 2744 709 2812; x_wconf 71' lang='lat' dir='ltr'><strong>u)</strong></span> <span class='ocrx_word' id='word_1_186' title='bbox 723 2746 758 2796; x_wconf 90' lang='lat' dir='ltr'><strong>de</strong></span> <span class='ocrx_word' id='word_1_187' title='bbox 774 2745 916 2806; x_wconf 83' lang='lat' dir='ltr'><strong>Hebraeo,</strong></span> <span class='ocrx_word' id='word_1_188' title='bbox 931 2747 979 2811; x_wconf 90' lang='lat' dir='ltr'><strong>qui</strong></span> <span class='ocrx_word' id='word_1_189' title='bbox 994 2757 1025 2796; x_wconf 85' lang='lat' dir='ltr'><strong>ae</strong></span> <span class='ocrx_word' id='word_1_190' title='bbox 1037 2745 1162 2797; x_wconf 80' lang='lat' dir='ltr'><strong>vendidit</strong></span> <span class='ocrx_word' id='word_1_191' title='bbox 1176 2745 1304 2798; x_wconf 85' lang='lat' dir='ltr'><strong>Hebraeo</strong></span> <span class='ocrx_word' id='word_1_192' title='bbox 1316 2759 1344 2796; x_wconf 84' lang='grc'><strong>1.</strong></span> <span class='ocrx_word' id='word_1_193' title='bbox 1358 2744 1438 2797; x_wconf 83' lang='grc'>39-46</span> <span class='ocrx_word' id='word_1_194' title='bbox 1452 2743 1512 2811; x_wconf 75' lang='grc' dir='ltr'>(ῠ);</span> 
     </span>
     <span class='ocr_line' id='line_1_22' title="bbox 679 2913 1450 2982; baseline -0.006 -13"><span class='ocrx_word' id='word_1_195' title='bbox 679 2913 706 2982; x_wconf 75' lang='lat'><strong>2)</strong></span> <span class='ocrx_word' id='word_1_196' title='bbox 723 2915 758 2966; x_wconf 89' lang='lat' dir='ltr'><strong>de</strong></span> <span class='ocrx_word' id='word_1_197' title='bbox 771 2914 910 2976; x_wconf 83' lang='lat' dir='ltr'><strong>liebraeo,</strong></span> <span class='ocrx_word' id='word_1_198' title='bbox 926 2917 973 2978; x_wconf 89' lang='lat' dir='ltr'><strong>qui</strong></span> <span class='ocrx_word' id='word_1_199' title='bbox 988 2929 1018 2966; x_wconf 88' lang='lat' dir='ltr'><strong>se</strong></span> <span class='ocrx_word' id='word_1_200' title='bbox 1036 2915 1161 2966; x_wconf 87' lang='lat' dir='ltr'><strong>vendidit</strong></span> <span class='ocrx_word' id='word_1_201' title='bbox 1174 2914 1300 2967; x_wconf 84' lang='lat' dir='ltr'><strong>advenae</strong></span> <span class='ocrx_word' id='word_1_202' title='bbox 1314 2928 1342 2965; x_wconf 83' lang='lat' dir='ltr'><strong>v.</strong></span> <span class='ocrx_word' id='word_1_203' title='bbox 1355 2915 1450 2965; x_wconf 83' lang='grc'>17-55.</span> 
     </span>
    </p>
   </div>
   <div class='ocr_carea' id='block_1_7' title="bbox 350 3083 1026 3149">
    <p class='ocr_par' dir='ltr' id='par_1_8' title="bbox 350 3083 1026 3149">
     <span class='ocr_line' id='line_1_23' title="bbox 350 3083 1026 3149; baseline 0 -14"><span class='ocrx_word' id='word_1_204' title='bbox 350 3083 485 3148; x_wconf 81' lang='lat' dir='ltr'><strong>Sequitur</strong></span> <span class='ocrx_word' id='word_1_205' title='bbox 498 3085 683 3135; x_wconf 85' lang='lat' dir='ltr'><strong>summarium</strong></span> <span class='ocrx_word' id='word_1_206' title='bbox 698 3097 748 3136; x_wconf 81' lang='lat' dir='ltr'><strong>seu</strong></span> <span class='ocrx_word' id='word_1_207' title='bbox 762 3085 891 3136; x_wconf 82' lang='lat' dir='ltr'><strong>clausula</strong></span> <span class='ocrx_word' id='word_1_208' title='bbox 905 3085 965 3145; x_wconf 75' lang='lat' dir='ltr'><strong>aar</strong></span> <span class='ocrx_word' id='word_1_209' title='bbox 984 3099 1026 3149; x_wconf 91' lang='lat' dir='ltr'><strong>sq.</strong></span> 
     </span>
    </p>
   </div>
   <div class='ocr_carea' id='block_1_8' title="bbox 657 3271 1188 3334">
    <p class='ocr_par' dir='ltr' id='par_1_9' title="bbox 657 3271 1188 3334">
     <span class='ocr_line' id='line_1_24' title="bbox 657 3271 1188 3334; baseline 0.002 -13"><span class='ocrx_word' id='word_1_210' title='bbox 657 3285 684 3321; x_wconf 87' lang='lat' dir='ltr'><strong>a.</strong></span> <span class='ocrx_word' id='word_1_211' title='bbox 700 3272 742 3323; x_wconf 88' lang='lat' dir='ltr'><strong>De</strong></span> <span class='ocrx_word' id='word_1_212' title='bbox 757 3284 833 3322; x_wconf 86' lang='lat' dir='ltr'><strong>anno</strong></span> <span class='ocrx_word' id='word_1_213' title='bbox 847 3271 991 3323; x_wconf 83' lang='lat' dir='ltr'><strong>sabbattco</strong></span> <span class='ocrx_word' id='word_1_214' title='bbox 1006 3272 1188 3334; x_wconf 72' lang='lat' dir='ltr'><strong>Lev.25‚i-7.</strong></span> 
     </span>
    </p>
   </div>
   <div class='ocr_carea' id='block_1_9' title="bbox 254 3453 1598 4932">
    <p class='ocr_par' dir='ltr' id='par_1_10' title="bbox 259 3453 1597 3749">
     <span class='ocr_line' id='line_1_25' title="bbox 303 3453 1596 3545; baseline 0.001 -26"><span class='ocrx_word' id='word_1_215' title='bbox 303 3455 389 3543; x_wconf 64' lang='lat' dir='ltr'><strong>Aru.</strong></span> <span class='ocrx_word' id='word_1_216' title='bbox 405 3491 450 3504; x_wconf 91' lang='lat'><em>-</em></span> <span class='ocrx_word' id='word_1_217' title='bbox 465 3454 616 3542; x_wconf 88' lang='lat' dir='ltr'><strong>Septimo</strong></span> <span class='ocrx_word' id='word_1_218' title='bbox 631 3476 769 3545; x_wconf 92' lang='lat' dir='ltr'><strong>quoque</strong></span> <span class='ocrx_word' id='word_1_219' title='bbox 782 3477 873 3522; x_wconf 91' lang='lat' dir='ltr'><strong>anno</strong></span> <span class='ocrx_word' id='word_1_220' title='bbox 890 3455 1026 3544; x_wconf 89' lang='lat' dir='ltr'><strong>requies</strong></span> <span class='ocrx_word' id='word_1_221' title='bbox 1039 3454 1258 3522; x_wconf 89' lang='lat' dir='ltr'><strong>concedenda</strong></span> <span class='ocrx_word' id='word_1_222' title='bbox 1272 3457 1400 3535; x_wconf 86' lang='lat' dir='ltr'><strong>terrae;</strong></span> <span class='ocrx_word' id='word_1_223' title='bbox 1419 3453 1596 3523; x_wconf 89' lang='lat' dir='ltr'><strong>abstinen-</strong></span> 
     </span>
     <span class='ocr_line' id='line_1_26' title="bbox 259 3560 1597 3651; baseline 0.002 -25"><span class='ocrx_word' id='word_1_224' title='bbox 259 3560 343 3626; x_wconf 93' lang='lat' dir='ltr'><strong>dum</strong></span> <span class='ocrx_word' id='word_1_225' title='bbox 357 3561 402 3626; x_wconf 91' lang='lat' dir='ltr'><strong>ab</strong></span> <span class='ocrx_word' id='word_1_226' title='bbox 422 3581 587 3646; x_wconf 89' lang='lat' dir='ltr'><strong>agrorum</strong></span> <span class='ocrx_word' id='word_1_227' title='bbox 602 3561 749 3645; x_wconf 86' lang='lat' dir='ltr'><strong>cultura,</strong></span> <span class='ocrx_word' id='word_1_228' title='bbox 767 3583 891 3646; x_wconf 82' lang='lat' dir='ltr'><strong>messe,</strong></span> <span class='ocrx_word' id='word_1_229' title='bbox 908 3561 1100 3644; x_wconf 89' lang='lat' dir='ltr'><strong>vindemia;</strong></span> <span class='ocrx_word' id='word_1_230' title='bbox 1124 3561 1182 3644; x_wconf 88' lang='lat' dir='ltr'><strong>iis,</strong></span> <span class='ocrx_word' id='word_1_231' title='bbox 1201 3583 1289 3651; x_wconf 89' lang='lat' dir='ltr'><strong>quae</strong></span> <span class='ocrx_word' id='word_1_232' title='bbox 1306 3567 1426 3650; x_wconf 88' lang='lat' dir='ltr'><strong>sponte</strong></span> <span class='ocrx_word' id='word_1_233' title='bbox 1450 3583 1597 3629; x_wconf 87' lang='lat' dir='ltr'><strong>nascun-</strong></span> 
     </span>
     <span class='ocr_line' id='line_1_27' title="bbox 259 3666 567 3749; baseline 0 -16"><span class='ocrx_word' id='word_1_234' title='bbox 259 3672 326 3749; x_wconf 91' lang='lat' dir='ltr'><strong>tur,</strong></span> <span class='ocrx_word' id='word_1_235' title='bbox 348 3666 567 3734; x_wconf 89' lang='lat' dir='ltr'><strong>vescendum.</strong></span> 
     </span>
    </p>

    <p class='ocr_par' dir='ltr' id='par_1_11' title="bbox 254 3773 1598 4932">
     <span class='ocr_line' id='line_1_28' title="bbox 302 3773 1590 3865; baseline 0.005 -28"><span class='ocrx_word' id='word_1_236' title='bbox 302 3795 334 3839; x_wconf 88' lang='lat' dir='ltr'><strong>v.</strong></span> <span class='ocrx_word' id='word_1_237' title='bbox 353 3780 368 3839; x_wconf 92' lang='lat'>1</span> <span class='ocrx_word' id='word_1_238' title='bbox 389 3799 405 3836; x_wconf 80' lang='lat' dir='ltr'><strong>a</strong></span> <span class='ocrx_word' id='word_1_239' title='bbox 422 3775 638 3865; x_wconf 68' lang='lat' dir='ltr'><strong>Luctatusque</strong></span> <span class='ocrx_word' id='word_1_240' title='bbox 652 3787 701 3840; x_wconf 86' lang='lat' dir='ltr'><strong>est</strong></span> <span class='ocrx_word' id='word_1_241' title='bbox 717 3773 883 3840; x_wconf 83' lang='lat' dir='ltr'><strong>Dominus</strong></span> <span class='ocrx_word' id='word_1_242' title='bbox 898 3774 946 3842; x_wconf 84' lang='lat' dir='ltr'><strong>ad</strong></span> <span class='ocrx_word' id='word_1_243' title='bbox 959 3777 1101 3865; x_wconf 77' lang='lat' dir='ltr'><strong>Moysen</strong></span> <span class='ocrx_word' id='word_1_244' title='bbox 1116 3775 1153 3841; x_wconf 86' lang='lat' dir='ltr'><strong>iu</strong></span> <span class='ocrx_word' id='word_1_245' title='bbox 1166 3787 1280 3841; x_wconf 84' lang='lat' dir='ltr'><strong>moute</strong></span> <span class='ocrx_word' id='word_1_246' title='bbox 1296 3774 1399 3843; x_wconf 89' lang='lat' dir='ltr'><strong>Siuai</strong></span> <span class='ocrx_word' id='word_1_247' title='bbox 1413 3773 1530 3841; x_wconf 84' lang='lat' dir='ltr'><strong>diceus</strong></span> <span class='ocrx_word' id='word_1_248' title='bbox 1547 3801 1563 3836; x_wconf 73' lang='lat' dir='ltr'><strong>a</strong></span> <span class='ocrx_word' id='word_1_249' title='bbox 1582 3796 1590 3843; x_wconf 90' lang='lat'>:</span> 
     </span>
     <span class='ocr_line' id='line_1_29' title="bbox 259 3879 1593 3970; baseline 0.002 -25"><span class='ocrx_word' id='word_1_250' title='bbox 259 3917 303 3929; x_wconf 92' lang='lat'>-</span> <span class='ocrx_word' id='word_1_251' title='bbox 322 3879 417 3946; x_wconf 92' lang='lat' dir='ltr'><strong>locus</strong></span> <span class='ocrx_word' id='word_1_252' title='bbox 437 3902 575 3947; x_wconf 88' lang='lat' dir='ltr'><strong>rursum</strong></span> <span class='ocrx_word' id='word_1_253' title='bbox 597 3880 863 3963; x_wconf 89' lang='lat' dir='ltr'><strong>demonstratur,</strong></span> <span class='ocrx_word' id='word_1_254' title='bbox 888 3881 970 3970; x_wconf 91' lang='lat' dir='ltr'><strong>quia</strong></span> <span class='ocrx_word' id='word_1_255' title='bbox 996 3881 1150 3949; x_wconf 88' lang='lat' dir='ltr'><strong>narratio</strong></span> <span class='ocrx_word' id='word_1_256' title='bbox 1171 3886 1335 3964; x_wconf 53' lang='lat' dir='ltr'><strong>atsto-aa</strong></span> <span class='ocrx_word' id='word_1_257' title='bbox 1358 3880 1593 3969; x_wconf 87' lang='lat' dir='ltr'><strong>interruperat</strong></span> 
     </span>
     <span class='ocr_line' id='line_1_30' title="bbox 257 3985 1598 4078; baseline 0.001 -26"><span class='ocrx_word' id='word_1_258' title='bbox 257 3986 439 4053; x_wconf 89' lang='lat' dir='ltr'><strong>elenchum</strong></span> <span class='ocrx_word' id='word_1_259' title='bbox 458 3985 577 4073; x_wconf 88' lang='lat' dir='ltr'><strong>legum</strong></span> <span class='ocrx_word' id='word_1_260' title='bbox 598 3987 832 4055; x_wconf 90' lang='lat' dir='ltr'><strong>sinaiticarum</strong></span> <span class='ocrx_word' id='word_1_261' title='bbox 856 3986 1006 4078; x_wconf 83' lang='lat' dir='ltr'><strong>(Dilbat.)</strong></span> <span class='ocrx_word' id='word_1_262' title='bbox 1032 4027 1077 4037; x_wconf 93' lang='lat'>-</span> <span class='ocrx_word' id='word_1_263' title='bbox 1095 4011 1128 4056; x_wconf 81' lang='lat' dir='ltr'><strong>v.</strong></span> <span class='ocrx_word' id='word_1_264' title='bbox 1146 3994 1166 4054; x_wconf 76' lang='lat'><strong>2</strong></span> <span class='ocrx_word' id='word_1_265' title='bbox 1183 4015 1199 4049; x_wconf 83' lang='lat' dir='ltr'><strong>n</strong></span> <span class='ocrx_word' id='word_1_266' title='bbox 1216 3991 1368 4077; x_wconf 76' lang='lat' dir='ltr'><strong>Loquere</strong></span> <span class='ocrx_word' id='word_1_267' title='bbox 1378 3985 1465 4075; x_wconf 79' lang='lat' dir='ltr'><strong>filiis</strong></span> <span class='ocrx_word' id='word_1_268' title='bbox 1484 3987 1598 4055; x_wconf 84' lang='lat' dir='ltr'><strong>lsrael</strong></span> 
     </span>
     <span class='ocr_line' id='line_1_31' title="bbox 256 4091 1594 4184; baseline 0.001 -26"><span class='ocrx_word' id='word_1_269' title='bbox 256 4105 289 4158; x_wconf 89' lang='grc'><strong>11</strong></span> <span class='ocrx_word' id='word_1_270' title='bbox 305 4092 396 4159; x_wconf 87' lang='lat' dir='ltr'><strong>dices</strong></span> <span class='ocrx_word' id='word_1_271' title='bbox 408 4091 457 4159; x_wconf 86' lang='lat' dir='ltr'><strong>ad</strong></span> <span class='ocrx_word' id='word_1_272' title='bbox 470 4115 524 4159; x_wconf 90' lang='lat' dir='ltr'><strong>eos</strong></span> <span class='ocrx_word' id='word_1_273' title='bbox 539 4115 552 4158; x_wconf 93' lang='lat'><strong>.·</strong></span> <span class='ocrx_word' id='word_1_274' title='bbox 569 4093 713 4175; x_wconf 83' lang='lat' dir='ltr'><strong>Quando</strong></span> <span class='ocrx_word' id='word_1_275' title='bbox 727 4094 874 4182; x_wconf 69' lang='lat' dir='ltr'><strong>inpressi</strong></span> <span class='ocrx_word' id='word_1_276' title='bbox 882 4094 1025 4181; x_wconf 77' lang='lat' dir='ltr'><strong>feceritis</strong></span> <span class='ocrx_word' id='word_1_277' title='bbox 1038 4107 1176 4179; x_wconf 83' lang='lat' dir='ltr'><strong>terram,</strong></span> <span class='ocrx_word' id='word_1_278' title='bbox 1191 4117 1297 4184; x_wconf 82' lang='lat' dir='ltr'><strong>quam</strong></span> <span class='ocrx_word' id='word_1_279' title='bbox 1309 4117 1372 4184; x_wconf 70' lang='lat' dir='ltr'><strong>eqo</strong></span> <span class='ocrx_word' id='word_1_280' title='bbox 1385 4091 1471 4160; x_wconf 88' lang='lat' dir='ltr'><strong>dabo</strong></span> <span class='ocrx_word' id='word_1_281' title='bbox 1487 4093 1594 4178; x_wconf 84' lang='lat' dir='ltr'><strong>vobis,</strong></span> 
     </span>
     <span class='ocr_line' id='line_1_32' title="bbox 255 4199 1596 4285; baseline 0.002 -20"><span class='ocrx_word' id='word_1_282' title='bbox 255 4199 445 4266; x_wconf 79' lang='lat' dir='ltr'><strong>sabbatizes</strong></span> <span class='ocrx_word' id='word_1_283' title='bbox 459 4201 636 4267; x_wconf 87' lang='lat' dir='ltr'><strong>sabbatum</strong></span> <span class='ocrx_word' id='word_1_284' title='bbox 652 4200 798 4268; x_wconf 85' lang='lat' dir='ltr'><strong>Domino</strong></span> <span class='ocrx_word' id='word_1_285' title='bbox 822 4228 852 4285; x_wconf 78' lang='lat'><strong>»‚</strong></span> <span class='ocrx_word' id='word_1_286' title='bbox 869 4203 973 4267; x_wconf 87' lang='lat' dir='ltr'><strong>Hebr.</strong></span> <span class='ocrx_word' id='word_1_287' title='bbox 990 4200 1217 4268; x_wconf 73' lang='lat' dir='ltr'><strong>sabbatizabit</strong></span> <span class='ocrx_word' id='word_1_288' title='bbox 1232 4213 1321 4268; x_wconf 81' lang='lat' dir='ltr'><strong>terra</strong></span> <span class='ocrx_word' id='word_1_289' title='bbox 1334 4203 1512 4268; x_wconf 87' lang='lat' dir='ltr'><strong>sabbatum</strong></span> <span class='ocrx_word' id='word_1_290' title='bbox 1527 4204 1596 4268; x_wconf 90' lang='lat' dir='ltr'><strong>Dc·</strong></span> 
     </span>
     <span class='ocr_line' id='line_1_33' title="bbox 256 4306 1593 4399; baseline 0.001 -26"><span class='ocrx_word' id='word_1_291' title='bbox 256 4306 360 4373; x_wconf 84' lang='lat' dir='ltr'><strong>mino.</strong></span> <span class='ocrx_word' id='word_1_292' title='bbox 389 4306 435 4372; x_wconf 84' lang='lat' dir='ltr'><strong>cf.</strong></span> <span class='ocrx_word' id='word_1_293' title='bbox 454 4312 512 4374; x_wconf 78' lang='lat' dir='ltr'><strong>lix.</strong></span> <span class='ocrx_word' id='word_1_294' title='bbox 530 4313 633 4388; x_wconf 71' lang='lat'><strong>23‚10</strong></span> <span class='ocrx_word' id='word_1_295' title='bbox 652 4330 703 4397; x_wconf 91' lang='lat' dir='ltr'><strong>sq.</strong></span> <span class='ocrx_word' id='word_1_296' title='bbox 723 4312 764 4375; x_wconf 84' lang='lat' dir='ltr'><strong>ut</strong></span> <span class='ocrx_word' id='word_1_297' title='bbox 784 4308 975 4398; x_wconf 85' lang='lat' dir='ltr'><strong>explicatur</strong></span> <span class='ocrx_word' id='word_1_298' title='bbox 997 4308 1070 4374; x_wconf 89' lang='lat' dir='ltr'><strong>eius</strong></span> <span class='ocrx_word' id='word_1_299' title='bbox 1092 4309 1226 4399; x_wconf 89' lang='lat' dir='ltr'><strong>requiei</strong></span> <span class='ocrx_word' id='word_1_300' title='bbox 1244 4307 1332 4376; x_wconf 83' lang='lat' dir='ltr'><strong>ratio</strong></span> <span class='ocrx_word' id='word_1_301' title='bbox 1353 4331 1385 4376; x_wconf 87' lang='lat' dir='ltr'><strong>v.</strong></span> <span class='ocrx_word' id='word_1_302' title='bbox 1406 4315 1425 4376; x_wconf 88' lang='lat'><strong>3</strong></span> <span class='ocrx_word' id='word_1_303' title='bbox 1448 4329 1456 4375; x_wconf 75' lang='grc' dir='ltr'><em>τ</em></span> <span class='ocrx_word' id='word_1_304' title='bbox 1481 4336 1497 4370; x_wconf 88' lang='lat'>«</span> <span class='ocrx_word' id='word_1_305' title='bbox 1521 4309 1593 4375; x_wconf 82' lang='lat' dir='ltr'><strong>Sea</strong></span> 
     </span>
     <span class='ocr_line' id='line_1_34' title="bbox 254 4411 1595 4505; baseline 0.002 -26"><span class='ocrx_word' id='word_1_306' title='bbox 254 4411 360 4479; x_wconf 77' lang='lat' dir='ltr'><strong>uacuis</strong></span> <span class='ocrx_word' id='word_1_307' title='bbox 382 4435 471 4480; x_wconf 84' lang='lat' dir='ltr'><strong>seres</strong></span> <span class='ocrx_word' id='word_1_308' title='bbox 486 4437 610 4504; x_wconf 69' lang='lat' dir='ltr'><strong>aprum</strong></span> <span class='ocrx_word' id='word_1_309' title='bbox 632 4428 747 4502; x_wconf 76' lang='lat' dir='ltr'><strong>iuuat,</strong></span> <span class='ocrx_word' id='word_1_310' title='bbox 766 4426 798 4480; x_wconf 89' lang='grc'><strong>11</strong></span> <span class='ocrx_word' id='word_1_311' title='bbox 811 4437 871 4480; x_wconf 81' lang='lat' dir='ltr'><strong>sea</strong></span> <span class='ocrx_word' id='word_1_312' title='bbox 890 4414 993 4481; x_wconf 82' lang='lat' dir='ltr'><strong>anuis</strong></span> <span class='ocrx_word' id='word_1_313' title='bbox 1005 4414 1143 4505; x_wconf 82' lang='lat' dir='ltr'><strong>putabis</strong></span> <span class='ocrx_word' id='word_1_314' title='bbox 1157 4413 1294 4482; x_wconf 83' lang='lat' dir='ltr'><strong>vineam</strong></span> <span class='ocrx_word' id='word_1_315' title='bbox 1310 4426 1418 4498; x_wconf 88' lang='lat' dir='ltr'><strong>tuam,</strong></span> <span class='ocrx_word' id='word_1_316' title='bbox 1433 4413 1595 4504; x_wconf 77' lang='lat' dir='ltr'><strong>colliqes·</strong></span> 
     </span>
     <span class='ocr_line' id='line_1_35' title="bbox 258 4520 1594 4612; baseline 0.001 -25"><span class='ocrx_word' id='word_1_317' title='bbox 258 4543 324 4609; x_wconf 84' lang='lat' dir='ltr'><strong>que</strong></span> <span class='ocrx_word' id='word_1_318' title='bbox 339 4523 476 4608; x_wconf 79' lang='lat' dir='ltr'><strong>fructus</strong></span> <span class='ocrx_word' id='word_1_319' title='bbox 491 4522 565 4587; x_wconf 84' lang='lat' dir='ltr'><strong>eius</strong></span> <span class='ocrx_word' id='word_1_320' title='bbox 583 4551 598 4581; x_wconf 87' lang='lat'>»</span> <span class='ocrx_word' id='word_1_321' title='bbox 620 4543 679 4589; x_wconf 75' lang='lat' dir='ltr'><strong>zv.</strong></span> <span class='ocrx_word' id='word_1_322' title='bbox 699 4529 718 4590; x_wconf 82' lang='lat' dir='ltr'><strong>t</strong></span> <span class='ocrx_word' id='word_1_323' title='bbox 739 4549 755 4583; x_wconf 78' lang='lat' dir='ltr'><strong>o</strong></span> <span class='ocrx_word' id='word_1_324' title='bbox 776 4520 924 4612; x_wconf 78' lang='lat' dir='ltr'><strong>septimo</strong></span> <span class='ocrx_word' id='word_1_325' title='bbox 940 4535 1056 4589; x_wconf 84' lang='lat' dir='ltr'><strong>autem</strong></span> <span class='ocrx_word' id='word_1_326' title='bbox 1071 4544 1164 4588; x_wconf 77' lang='lat' dir='ltr'><strong>anate</strong></span> <span class='ocrx_word' id='word_1_327' title='bbox 1179 4523 1358 4590; x_wconf 85' lang='lat' dir='ltr'><strong>sabbatum</strong></span> <span class='ocrx_word' id='word_1_328' title='bbox 1377 4521 1443 4588; x_wconf 84' lang='lat' dir='ltr'><strong>erit</strong></span> <span class='ocrx_word' id='word_1_329' title='bbox 1463 4533 1594 4602; x_wconf 82' lang='grc'>111111,</span> 
     </span>
     <span class='ocr_line' id='line_1_36' title="bbox 258 4626 1595 4718; baseline 0.001 -26"><span class='ocrx_word' id='word_1_330' title='bbox 258 4626 480 4716; x_wconf 78' lang='lat' dir='ltr'><strong>requietionis</strong></span> <span class='ocrx_word' id='word_1_331' title='bbox 495 4628 636 4694; x_wconf 81' lang='lat' dir='ltr'><strong>Doutiui</strong></span> <span class='ocrx_word' id='word_1_332' title='bbox 652 4657 684 4713; x_wconf 68' lang='lat' dir='ltr'><strong>a,</strong></span> <span class='ocrx_word' id='word_1_333' title='bbox 701 4656 717 4689; x_wconf 88' lang='lat'>«</span> <span class='ocrx_word' id='word_1_334' title='bbox 732 4629 770 4696; x_wconf 92' lang='lat' dir='ltr'><strong>h.</strong></span> <span class='ocrx_word' id='word_1_335' title='bbox 788 4651 818 4697; x_wconf 91' lang='lat' dir='ltr'><strong>e.</strong></span> <span class='ocrx_word' id='word_1_336' title='bbox 832 4628 1006 4717; x_wconf 90' lang='lat' dir='ltr'><strong>quiescere</strong></span> <span class='ocrx_word' id='word_1_337' title='bbox 1021 4629 1240 4718; x_wconf 88' lang='lat' dir='ltr'><strong>permittetur</strong></span> <span class='ocrx_word' id='word_1_338' title='bbox 1254 4636 1347 4696; x_wconf 88' lang='lat' dir='ltr'><strong>terra</strong></span> <span class='ocrx_word' id='word_1_339' title='bbox 1361 4629 1397 4696; x_wconf 91' lang='lat' dir='ltr'><strong>in</strong></span> <span class='ocrx_word' id='word_1_340' title='bbox 1411 4629 1469 4694; x_wconf 86' lang='lat' dir='ltr'><strong>Dei</strong></span> <span class='ocrx_word' id='word_1_341' title='bbox 1487 4629 1595 4695; x_wconf 91' lang='lat' dir='ltr'><strong>hono-</strong></span> 
     </span>
     <span class='ocr_line' id='line_1_37' title="bbox 259 4734 1593 4824; baseline 0.001 -26"><span class='ocrx_word' id='word_1_342' title='bbox 259 4755 334 4800; x_wconf 87' lang='lat' dir='ltr'><strong>rem</strong></span> <span class='ocrx_word' id='word_1_343' title='bbox 344 4740 378 4799; x_wconf 90' lang='lat' dir='ltr'><strong>et</strong></span> <span class='ocrx_word' id='word_1_344' title='bbox 389 4734 586 4822; x_wconf 83' lang='lat' dir='ltr'><strong>symbolum</strong></span> <span class='ocrx_word' id='word_1_345' title='bbox 599 4734 774 4824; x_wconf 87' lang='lat' dir='ltr'><strong>quoddam</strong></span> <span class='ocrx_word' id='word_1_346' title='bbox 789 4735 1054 4803; x_wconf 90' lang='lat' dir='ltr'><strong>memorativum</strong></span> <span class='ocrx_word' id='word_1_347' title='bbox 1065 4735 1201 4804; x_wconf 91' lang='lat' dir='ltr'><strong>divinae</strong></span> <span class='ocrx_word' id='word_1_348' title='bbox 1209 4735 1300 4804; x_wconf 88' lang='lat' dir='ltr'><strong>illius</strong></span> <span class='ocrx_word' id='word_1_349' title='bbox 1311 4734 1434 4824; x_wconf 90' lang='lat' dir='ltr'><strong>quietis</strong></span> <span class='ocrx_word' id='word_1_350' title='bbox 1446 4734 1593 4824; x_wconf 90' lang='lat' dir='ltr'><strong>septimo</strong></span> 
     </span>
     <span class='ocr_line' id='line_1_38' title="bbox 259 4838 1595 4932; baseline 0.003 -28"><span class='ocrx_word' id='word_1_351' title='bbox 259 4839 315 4905; x_wconf 92' lang='lat' dir='ltr'><strong>die</strong></span> <span class='ocrx_word' id='word_1_352' title='bbox 333 4838 527 4930; x_wconf 67' lang='grc'>11111111).</span> <span class='ocrx_word' id='word_1_353' title='bbox 548 4870 564 4902; x_wconf 86' lang='lat'>«</span> <span class='ocrx_word' id='word_1_354' title='bbox 577 4844 710 4930; x_wconf 75' lang='lat' dir='ltr'><strong>Aqriam</strong></span> <span class='ocrx_word' id='word_1_355' title='bbox 727 4865 797 4908; x_wconf 82' lang='lat' dir='ltr'><strong>nora</strong></span> <span class='ocrx_word' id='word_1_356' title='bbox 811 4865 899 4910; x_wconf 80' lang='lat' dir='ltr'><strong>seres</strong></span> <span class='ocrx_word' id='word_1_357' title='bbox 912 4841 1090 4910; x_wconf 83' lang='lat' dir='ltr'><strong>etuiaeaut</strong></span> <span class='ocrx_word' id='word_1_358' title='bbox 1100 4865 1170 4910; x_wconf 84' lang='lat' dir='ltr'><strong>nau</strong></span> <span class='ocrx_word' id='word_1_359' title='bbox 1179 4842 1320 4932; x_wconf 75' lang='lat' dir='ltr'><strong>putabis</strong></span> <span class='ocrx_word' id='word_1_360' title='bbox 1339 4870 1368 4911; x_wconf 77' lang='lat' dir='ltr'><strong>a.</strong></span> <span class='ocrx_word' id='word_1_361' title='bbox 1385 4865 1416 4912; x_wconf 89' lang='lat' dir='ltr'><strong>v.</strong></span> <span class='ocrx_word' id='word_1_362' title='bbox 1433 4849 1452 4909; x_wconf 85' lang='lat'>5</span> <span class='ocrx_word' id='word_1_363' title='bbox 1468 4869 1483 4903; x_wconf 78' lang='grc' dir='ltr'><strong>α</strong></span> <span class='ocrx_word' id='word_1_364' title='bbox 1499 4843 1595 4922; x_wconf 84' lang='lat' dir='ltr'><strong>Quae</strong></span> 
     </span>
    </p>
   </div>
   <div class='ocr_carea' id='block_1_10' title="bbox 0 0 1772 5384">
    <p class='ocr_par' dir='ltr' id='par_1_12' title="bbox 0 0 1772 5384">
     <span class='ocr_line' id='line_1_39' title="bbox 0 0 1772 5384; baseline 0 1"><span class='ocrx_word' id='word_1_365' title='bbox 0 0 1772 5384; x_wconf 95' lang='lat' dir='ltr'><strong> </strong></span> 
     </span>
    </p>
   </div>
  </div>
 </body>
</html>
