3534 5384
243 327 301 385 142
371 320 375 329 '
728 340 767 383 nr
788 339 929 387 aaorrro
951 338 982 419 ru
1003 338 1092 383 sium.

241 488 326 542 esset
341 474 477 541 itineris
489 485 633 564 utroque
648 485 795 563 ternpore
809 501 838 539 ».
856 496 888 540 v.
906 479 950 539 22
967 500 983 533 u
996 474 1184 564 Nunquam
1199 472 1312 563 deserit
1332 474 1493 541 columna
1511 497 1576 539 nu-

241 584 289 649 bis
302 604 368 673 per
382 580 473 648 diem
479 634 489 665 ,
512 602 572 647 nec
594 579 755 649 columna
774 579 865 671 tynis
877 602 945 669 per·
958 592 1107 663 noctem,
1128 602 1243 647 eoram
1258 578 1390 671 populo
1415 608 1429 639 a
1438 634 1448 665 ‚
1475 602 1577 669 prae-

240 687 364 757 eedens
379 686 489 754 iilum.
505 692 595 765 Quae
610 686 716 753 verba
731 687 923 776 conscripta
934 686 1001 753 sint
1016 692 1150 777 oportet
1167 686 1379 775 aliquamdiu
1398 692 1475 776 post
1496 709 1576 753 exo·

241 794 341 875 dum,
356 792 495 883 quando
505 793 621 883 aliqua
634 793 705 861 iarn
717 792 928 883 experientia
942 784 1238 861 demonstraverat
1251 791 1380 860 nubem
1393 791 1491 861 iliam
1506 815 1577 861 non

242 899 400 967 deficere.

275 1050 354 1103 nin?
363 1044 437 1095 eerte
451 1044 517 1094 dielt
528 1042 694 1103 rotumnam,
710 1042 746 1094 ot.
762 1043 822 1095 lud.
842 1043 933 1104 1635.
949 1058 960 1091 r
974 1042 1122 1106 signifieat
1136 1045 1230 1094 autern
1243 1044 1387 1105 columna,
1405 1044 1497 1095 Deum
1514 1056 1572 1095 non

240 1147 323 1199 posse
332 1134 456 1197 imagine
465 1132 669 1195 repraesentari
680 1148 692 1179 r
706 1128 796 1199 (ciem.
808 1132 884 1184 lter.
898 1147 906 1181 :
919 1132 1023 1183 Strom.
1032 1132 1054 1183 1.
1068 1130 1115 1192 ii;
1128 1131 1162 1182 Ι.
1175 1133 1202 1184 8.
1211 1130 1284 1199 909).
1297 1132 1374 1183 Haeo
1381 1133 1513 1184 columna
1521 1146 1572 1184 nn-

241 1224 284 1274 bis
297 1221 475 1288 postmodum
488 1220 615 1272 consedit
629 1222 658 1270 in
675 1222 771 1272 monte
782 1221 861 1272 Sinai
877 1218 962 1288 (19,9.
982 1219 1022 1289 16)
1038 1222 1123 1285 atque
1136 1221 1201 1271 inde
1215 1234 1296 1273 areae
1311 1222 1405 1272 lunata
1418 1222 1462 1273 est
1476 1220 1569 1288 (luel

240 1324 314 1377 sqq.;
329 1310 413 1362 Num.
430 1310 580 1375 a‚15sqq.;
597 1309 672 1370 10,ss
690 1323 737 1374 sq;
751 1309 785 1361 oi.
799 1310 850 1361 Ex.
864 1308 937 1377 33,9i
946 1323 954 1371 ς
969 1322 1122 1370 aroavoro,
1135 1312 1175 1360 uti
1185 1312 1269 1363 antea
1279 1310 1448 1371 solanubea,
1464 1310 1569 1375 populo

241 1403 269 1450 in
285 1401 385 1451 Itinere
399 1398 535 1463 praeibat.
551 1398 648 1450 Nubes
663 1404 780 1449 vooatur
794 1398 918 1449 columna
932 1412 982 1463 per
996 1400 1247 1463 comparationem
1263 1401 1487 1463 comparationes
1501 1412 1569 1450 vero

241 1502 304 1543 m
314 1489 407 1541 alent
425 1500 536 1552 semper
553 1486 670 1539 eaedem
683 1487 824 1545 adbiberi,
840 1488 945 1539 babent
958 1489 1059 1539 natura
1072 1486 1178 1553 ailquid
1196 1490 1306 1539 varium
1320 1489 1404 1553 atque
1418 1489 1573 1550 incertum;

241 1578 392 1644 panim
407 1589 446 1629 ea
457 1576 626 1643 §udoque
638 1577 728 1628 nubes
743 1578 782 1627 ita
796 1576 914 1641 deprimi
930 1582 980 1628 aut
996 1578 1036 1628 ita
1051 1589 1137 1642 supra
1153 1577 1245 1627 solum
1260 1577 1379 1638 elevari,
1395 1578 1426 1626 ut
1445 1590 1501 1627 non
1521 1579 1577 1627 iam

241 1666 391 1717 eoiumuae
404 1678 474 1730 prae
486 1664 854 1728 nfflffliuidinem,
868 1668 985 1731 quaeat
999 1668 1028 1715 in
1042 1666 1130 1717 altum
1143 1677 1261 1729 procera
1275 1666 1412 1717 attollitur
1424 1670 1452 1716 et
1472 1666 1501 1715 in
1515 1668 1576 1717 solo

241 1755 312 1806 lixas
326 1755 411 1805 habet
424 1755 543 1805 radices.
563 1754 598 1805 in
612 1754 956 1819 mfflnulia
969 1754 1188 1818 deprehenditur
1207 1755 1280 1805 ratio
1294 1754 1412 1805 duorum
1429 1754 1577 1806 adstruen-

241 1842 340 1894 derum
354 1836 513 1904 auctorum,
530 1855 650 1906 quorum
663 1856 740 1894 unias
751 1842 862 1897 nube·
872 1843 1032 1901 winde
1051 1843 1086 1893 ab
1100 1844 1163 1907 ipsa
1176 1842 1281 1902 exodo,
1297 1843 1369 1893 aiter
1384 1842 1497 1893 nonnisi
1511 1846 1575 1906 post

241 1933 413 1983 exstructum
428 1932 639 1983 tabernaculum
653 1931 777 1983 adlutsse
791 1930 929 1993 affirmet.
945 1933 1178 1989 nabataea
1192 1933 1348 1996 eornparet,
1366 1932 1437 1982 altor
1451 1944 1508 1981 nen
1524 1933 1574 1982 ita.

238 2047 276 2059 -
289 2018 446 2073 Alexander
464 2020 583 2084 Magnus
599 2017 687 2087 (Curi.
704 2018 788 2088 5,i,7)
805 2020 990 2083 Babyloniam
1007 2025 1037 2071 et
1058 2020 1214 2076 Saum
1223 2032 1379 2091 peragrans
1396 2036 1408 2067 r
1426 2022 1572 2085 perticam,

240 2122 314 2175 quae
327 2109 453 2174 undique
467 2110 591 2173 oonspici
610 2111 719 2173 posset,
735 2122 822 2173 supra
839 2111 1011 2173 praetorium
1029 2111 1141 2169 statuit,
1159 2122 1197 2161 ex
1209 2122 1270 2177 qua
1279 2110 1393 2177 Quum
1416 2110 1574 2169 eminebat,

240 2201 346 2264 pariter
365 2198 495 2249 omnibus
514 2199 708 2261 conspicuum,
725 2197 927 2249 observabatur
948 2200 1022 2261 ignis
1042 2200 1140 2259 noctu,
1157 2198 1252 2249 tumus
1271 2196 1398 2253 intem
1413 2214 1436 2249 a.
1461 2197 1576 2249 Addunt

241 2288 343 2352 aliqui,
359 2288 512 2337 etiamnum
532 2288 561 2336 in
582 2286 685 2337 Arabia
703 2286 838 2350 praeterri
854 2303 866 2334 r
884 2288 1030 2339 caravanis
1049 2304 1061 2335 r
1078 2289 1105 2335 in
1126 2288 1233 2351 pertiae
1248 2288 1376 2351 praealta
1389 2298 1468 2343 rasa
1484 2286 1577 2347 terrea

242 2376 313 2439 ligni
325 2374 450 2425 ardentis
464 2375 558 2439 plena.
576 2374 631 2425 Sed
645 2381 742 2426 monet
755 2376 838 2424 Eberr
853 2377 871 2425 l.
888 2388 913 2426 o.
926 2389 954 2440 p.
971 2376 1022 2425 530
1035 2374 1172 2427 eiusmodi
1186 2374 1331 2439 praeferri,
1346 2389 1403 2426 non
1419 2388 1479 2439 que
1490 2376 1584 2431 ittae«

242 2465 366 2515 rentium
386 2462 547 2527 agminibus
564 2463 612 2513 via
630 2462 847 2524 demonstretur,
866 2464 917 2514 sed
935 2476 992 2528 quo
1011 2464 1184 2529 principibus
1201 2466 1270 2514 viris
1290 2464 1382 2515 bonor
1399 2465 1577 2516 exhibeatur.

242 2552 320 2603 Nihil
343 2551 504 2603 huiuamodi
527 2565 551 2603 s.
576 2553 741 2616 scriptorem
764 2564 880 2603 narrare
904 2553 1018 2616 planum
1042 2557 1098 2613 eet;
1116 2553 1164 2617 qut
1184 2565 1252 2603 vero
1275 2554 1414 2613 sentiunt,
1431 2553 1574 2604 eiusmodi

242 2644 336 2704 ignem
355 2643 385 2692 ln
403 2642 509 2705 pertua
522 2642 662 2704 gestatum
676 2642 706 2690 in
719 2640 885 2704 plebeculae
899 2641 1039 2692 mentibus
1053 2654 1119 2693 mox
1138 2642 1367 2693 transtormatum
1383 2654 1445 2693 esse
1460 2643 1489 2692 in
1506 2654 1572 2706 por·

247 2733 352 2781 tentum
367 2730 523 2790 eolumnae,
538 2731 558 2779 ii
572 2730 753 2781 veracitatem
766 2730 922 2794 scripturae
937 2732 1052 2793 negant.

1448 2839 1459 2869 ὑ

509 2944 545 2995 c.
566 2941 748 2995 'frunitus
765 2942 877 2994 Maris
895 2942 1005 2995 Rubri
1025 2944 1087 2995 Ex.
1112 2942 1318 3009 iar-15³1.

242 3108 272 3167 i.
289 3098 524 3167 Hebraeorum
539 3112 571 3166 et
588 3098 836 3190 Aeqyptr'orum
850 3098 899 3167 od
916 3101 1011 3167 Mure
1025 3102 1176 3167 Rubrum
1199 3113 1312 3168 cestro
1335 3105 1392 3167 Ex.
1423 3106 1571 3181 1t,1-1i.

284 3288 367 3374 Arq.
392 3324 436 3336 -
456 3284 622 3353 Dominus
640 3285 812 3353 Hebraeos
830 3285 924 3354 iussit
945 3286 1070 3376 pedem
1090 3287 1217 3354 referre
1239 3294 1272 3355 et
1295 3288 1333 3354 in
1353 3289 1451 3355 ilaris
1472 3286 1573 3354 litore

238 3396 348 3458 eastra
367 3414 509 3481 ponere.
535 3390 630 3459 Unde
647 3393 820 3482 perspexit
838 3392 970 3459 Pharao
988 3414 1057 3460 non
1075 3398 1169 3460 reeta
1188 3392 1267 3460 ilios
1280 3392 1440 3461 sacrificii
1462 3393 1575 3460 locum

238 3503 354 3587 petere
369 3520 547 3588 regnoque
562 3519 717 3584 egressos
733 3496 777 3565 ad
797 3520 833 3565 se
857 3498 998 3565 minime
1020 3522 1092 3566 esse
1108 3521 1315 3567 reversuros.
1339 3500 1402 3577 Qui
1422 3505 1524 3567 antea
1536 3507 1576 3567 ut

241 3603 499 3671 dimitterentur
523 3610 717 3688 suaserant,
746 3603 817 3673 iam
839 3603 1080 3692 indignatione
1100 3606 1137 3673 in
1162 3606 1333 3674 Hebraeos
1361 3612 1573 3673 exarserunt.

242 3711 374 3777 Pharao
386 3710 541 3801 priorum
556 3715 793 3802 portentorum
809 3712 993 3778 immemor
1003 3733 1082 3779 eum
1097 3712 1256 3779 universo
1272 3712 1422 3779 exercitu
1442 3712 1576 3799 fugien-

241 3822 292 3884 tes
304 3821 355 3884 est
370 3823 580 3906 persecutns,
601 3818 793 3884 Perterritis
814 3840 854 3884 aa
875 3818 1172 3885 murmurantibus
1186 3818 1338 3886 divinam
1356 3823 1482 3907 Moyses
1496 3839 1576 3907 pro-

241 3922 346 3990 mittit
357 3922 522 4005 salutem,
535 3947 557 3991 a
570 3924 642 3991 soto
659 3929 728 3991 Deo
740 3922 813 3990 sine
829 3923 913 4014 ipsis
925 3922 1158 3993 efficiendam.

283 4032 366 4120 Cep.
383 4032 434 4096 XI
440 4032 474 4099 V.
492 4054 525 4097 r.
551 4037 567 4097 1
591 4033 773 4097 «Locutus
793 4044 842 4098 est
854 4044 974 4098 aulem
987 4031 1154 4097 Dominus
1172 4030 1221 4098 ad
1237 4034 1378 4120 Moysen
1397 4030 1514 4097 diceris
1531 4058 1545 4089 »ν
1564 4052 1573 4097 :

236 4159 269 4203 v.
287 4142 308 4202 2
327 4165 342 4199 u
355 4140 507 4226 Loquere
516 4135 602 4226 filiis
612 4137 720 4204 lsrael
733 4160 745 4204 .·
761 4136 897 4204 Rererai
913 4150 1025 4204 rostro
1038 4150 1208 4205 uariantur
1221 4161 1239 4203 e
1253 4138 1393 4227 raptorio
1408 4134 1576 4204 ptiriali-

239 4242 329 4326 rori,
349 4246 451 4333 [qaue
465 4246 526 4329 esi]
547 4243 636 4309 iuter
654 4242 860 4332 Mapdalurn
879 4255 913 4310 et
927 4267 1039 4327 ruore,
1057 4257 1177 4312 contra
1196 4245 1424 4334 Beelsepdon;
1440 4243 1476 4309 in
1496 4264 1576 4309 eon-

239 4361 355 4437 speciu
380 4350 454 4416 eius·
471 4364 584 4417 castra
595 4349 731 4440 ponetis
749 4372 851 4441 anper
874 4372 969 4418 more
994 4380 1026 4419 ».
1053 4356 1102 4419 lta
1122 4353 1225 4418 etiam
1241 4354 1332 4419 LXX
1336 4371 1351 4437 ,·
1371 4350 1432 4417 sed
1446 4352 1573 4417 Moror.

243 4454 363 4524 cnald.
380 4456 528 4543 iungunt
545 4456 593 4524 sie
610 4478 618 4525 :
643 4456 811 4546 ereqr'onr
826 4457 1055 4548 Beelaeplrorm
1077 4482 1118 4525 er
1134 4459 1287 4548 opposito
1304 4460 1375 4525 eius·
1391 4468 1576 4547 casiropo-

241 4562 329 4629 netr'a
348 4560 502 4631 udrnnre.

275 4744 459 4796 Phihaliirottr
474 4758 543 4797 sane
557 4745 630 4797 idem
645 4748 688 4798 est
702 4750 787 4811 atque
801 4749 940 4798 Piieberet
953 4760 1003 4799 seu
1018 4746 1166 4809 Piierelret,
1180 4748 1256 4813 quod
1270 4749 1373 4813 reperit
1389 4746 1498 4799 Noviiie
1510 4746 1531 4797 l.
1544 4758 1568 4796 o.
