3534 5384
279 364 335 424 118
761 377 798 419 rx
820 375 959 420 1111110
979 376 1011 419 rx
1031 375 1126 419 sium.

191 573 192 580 ,
273 510 532 603 supernaturale
557 507 673 598 quoad
694 508 834 575 modum
856 513 1003 576 tantum.
1020 513 1129 598 Atque
1148 530 1286 597 reapse,
1301 507 1330 574 si
1347 513 1422 574 tota
1444 507 1488 574 ab
1507 505 1607 574 initio

272 641 325 686 res
339 616 503 685 inauditis
514 615 617 706 plane
629 614 804 682 miraculis
818 614 1033 698 constitisset,
1048 613 1209 704 Aegyptii
1224 613 1328 681 nullis
1347 613 1449 682 iussis
1461 613 1607 680 minisve

273 723 442 814 compulsi
461 728 588 806 essent,
607 729 643 788 ut
661 721 700 788 in
716 721 804 788 illud
827 743 863 790 se
882 720 1011 788 vadum
1029 721 1249 788 coniioieutes
1267 720 1438 788 Hebraeos
1459 723 1607 787 insecta-

273 836 413 900 rentur:
430 851 497 897 non
519 828 584 895 1111
602 826 694 894 istud
716 829 869 895 humana
895 834 1028 895 natura.
1048 832 1146 894 Notat
1167 830 1265 894 Prae.
1284 831 1484 918 portentum
1502 827 1606 894 affine

271 937 393 1006 haberi
418 941 583 1016 101.3,16
610 956 617 1002 :
644 940 776 1017 tamen,
794 955 837 1002 an
861 934 966 1001 luerit
994 934 1135 1001 omnino
1157 934 1250 1000 idem
1276 932 1470 1023 iisdemque
1495 933 1606 1000 causis

271 1045 446 1124 effectum,
463 1041 659 1132 interpretis
672 1047 723 1107 est
736 1040 942 1130 disquirere.
961 1043 1032 1107 Est.
1046 1047 1122 1130 post
1136 1043 1201 1107 Ios.
1216 1041 1348 1108 confert
1361 1041 1490 1107 lactum
1507 1039 1604 1107 Maris

271 1147 454 1240 Pamphilii
471 1145 677 1230 recedentis,
691 1169 760 1236 quo
774 1147 960 1214 Alexandri
973 1146 1084 1234 Magni
1103 1145 1210 1237 copiis
1224 1148 1387 1214 transitus
1397 1151 1532 1236 pateret
1548 1147 1605 1215 :in

270 1254 438 1324 eiusmodi
452 1255 551 1321 factis
567 1253 809 1343 comparandis
827 1275 963 1320 summa
983 1253 1102 1343 utique
1119 1274 1203 1343 opus
1217 1257 1267 1320 est
1282 1251 1482 1342 prudentie.

313 1367 358 1428 De
374 1366 474 1429 vento
494 1375 572 1452 nup
591 1360 634 1427 el.
651 1381 739 1449 quae
760 1359 908 1428 diximus
925 1359 971 1426 ad
992 1359 1064 1426 lud.
1082 1365 1173 1441 511.
1189 1364 1245 1426 Est
1264 1366 1384 1426 ventus
1402 1358 1448 1426 ab
1468 1359 1601 1426 oriente

268 1472 370 1550 Mane,
394 1467 557 1548 scirocco,
588 1466 737 1556 ideoque
765 1488 837 1533 non
859 1466 975 1556 inepte
996 1465 1106 1532 dictus
1132 1487 1245 1532 urens.
1272 1465 1337 1532 Sed
1361 1470 1473 1555 potest
1497 1465 1603 1532 ctiam

269 1598 339 1644 esse
354 1579 475 1642 ventus
497 1573 568 1640 iere
589 1573 634 1640 ab
657 1573 787 1639 oriente
807 1573 909 1653 ilaus,
932 1594 1011 1640 cum
1027 1572 1170 1640 Hebraei
1188 1578 1305 1640 ventos
1324 1577 1459 1640 tentum
1477 1594 1598 1640 secun-

270 1681 354 1748 dum
383 1688 531 1770 quatuor
552 1684 667 1769 partes
688 1679 772 1746 coeli
792 1678 966 1768 principes
990 1678 1216 1765 distinguant.
1244 1685 1347 1746 Porro
1366 1678 1460 1746 venti
1477 1678 1516 1745 in
1538 1701 1601 1746 an-

269 1793 368 1876 gusto
381 1787 442 1853 illo
457 1787 542 1854 mari
556 1806 727 1852 summam
738 1791 897 1853 exercent
907 1785 989 1851 vim.
1004 1789 1091 1852 Raro
1106 1791 1227 1853 ventus
1242 1785 1303 1853 flat
1318 1785 1363 1852 ab
1382 1785 1529 1864 oriente,
1546 1785 1601 1851 vix

270 1895 337 1962 alio
351 1914 457 1983 quam
476 1892 683 1982 aequinoctii
697 1892 786 1958 veris
806 1897 971 1981 tempore.
993 1891 1159 1960 Mensibus
1179 1891 1287 1983 Aprili
1305 1896 1338 1958 et
1359 1892 1502 1959 ineunte
1518 1893 1600 1958 Maio

268 2022 370 2091 saepe
387 1999 571 2066 vehemens
583 1997 732 2065 habetur
746 2003 860 2066 auster
875 1998 920 2066 ad
935 1997 1103 2066 orientem
1116 2020 1273 2085 vergens,
1289 2003 1327 2065 11
1337 1999 1525 2088 plurimum
1538 1997 1602 2064 ho-

268 2107 315 2174 ris
326 2112 379 2175 ter
391 2104 515 2192 viginti
530 2109 697 2193 quatuor;
712 2104 768 2172 cui
777 2104 927 2173 succedit
937 2103 1117 2188 violentior
1127 2104 1231 2171 etiam
1245 2104 1367 2172 boreas
1380 2103 1427 2171 ad
1441 2103 1601 2172 occiden-

268 2220 338 2281 tem
354 2231 511 2298 vergeus,
530 2210 687 2278 undasex
699 2219 844 2298 angusto
856 2211 932 2278 sinu
945 2213 980 2279 in
994 2211 1146 2301 apertius
1162 2232 1257 2280 mare
1272 2210 1479 2302 propellens,
1495 2211 1601 2277 maris

268 2320 405 2388 alveum
428 2339 537 2406 prope
560 2320 643 2384 Suez
666 2316 736 2383 1111
757 2316 954 2399 denudans,
969 2341 1039 2409 quo
1064 2325 1218 2407 tempore
1244 2316 1482 2385 recedentibus
1504 2322 1602 2384 aestu

268 2425 366 2513 aquis
381 2424 475 2490 sinus
491 2446 511 2488 a
526 2421 700 2511 peditibus
714 2415 827 2489 etiam
837 2431 982 2510 angusto
1000 2424 1116 2514 aliquo
1133 2428 1217 2491 Suez
1231 2423 1320 2492 vado
1334 2423 1515 2491 traiicitur.
1534 2422 1602 2492 Sed

263 2537 364 2598 vento
383 2529 427 2596 ad
445 2533 598 2596 austrum
617 2533 831 2612 transeunte,
856 2552 966 2619 aquae
987 2552 1121 2597 rursum
1144 2531 1181 2597 iu
1201 2538 1392 2598 extremum
1409 2531 1524 2598 sinum
1544 2531 1596 2598 ir-

266 2641 387 2718 ruunt,
409 2633 601 2703 altitudinis
615 2656 671 2701 sex
689 2633 743 2702 vel
757 2657 879 2702 novem
895 2635 1035 2725 pedum.
1053 2637 1100 2706 ci.
1118 2640 1197 2717 Ka,
1215 2636 1319 2704 Ebers
1334 2661 1369 2726 p.
1389 2644 1518 2727 101sq.

312 2749 421 2822 Quare
437 2749 577 2809 ventum
597 2740 642 2808 ad
657 2763 828 2831 aquarum
841 2747 899 2816 Mi.
917 2747 1014 2825 itm
1032 2741 1236 2811 divisionem
1249 2743 1382 2833 aliquid
1398 2743 1597 2824 contulisse,

264 2852 365 2920 lacile
385 2848 621 2926 concedimuS,
642 2847 760 2916 omnia
780 2849 989 2938 praestitisse
1010 2850 1108 2928 haud¹
1122 2851 1338 2918 assentimur.
1355 2849 1478 2928 Quodsi
1502 2851 1600 2918 enim

268 2962 387 3025 ventus
401 2956 459 3023 ille
475 2953 613 3022 calidas
630 2953 834 3022 divisionem
851 2977 1020 3046 aquarum
1036 2977 1124 3024 unus
1138 2956 1326 3040 efficiebat,
1345 2957 1466 3024 debuit
1479 2979 1604 3046 quam·
1691 3006 1695 3010 ψ

268 3064 327 3132 diu
344 3085 384 3130 ea
397 3061 534 3146 divisio,
551 3061 684 3128 tamdiu
698 3061 770 3150 ipse
785 3062 989 3150 perdurare,
1004 3068 1076 3130 1010
1094 3086 1139 3129 sc.
1155 3069 1327 3153 tempore,
1345 3062 1437 3152 quod
1455 3062 1602 3131 Hebraei
1644 3051 1650 3059 ⁴

265 3168 469 3237 traiicieudo
495 3168 582 3236 mari
608 3165 819 3257 impendere.
842 3168 905 3246 Qui
929 3173 1050 3235 ventus
1068 3167 1202 3235 validus
1223 3175 1258 3236 et
1270 3192 1374 3237 urens
1393 3168 1513 3237 debuit
1534 3174 1600 3236 lle-

264 3275 379 3344 braeis
400 3297 469 3342 esse
491 3295 595 3364 quam
617 3273 764 3340 maxime
788 3273 966 3356 adversus,
991 3274 1126 3358 liberis,
1143 3274 1311 3364 gregibus
1335 3283 1368 3344 11
1390 3275 1599 3366 supellectili

265 3383 511 3473 impeditorum
523 3381 589 3447 iter
601 3381 792 3469 plurimum
802 3378 922 3447 debuit
935 3381 1129 3463 retardare,
1144 3381 1215 3449 imo
1228 3382 1439 3472 impossibile
1453 3383 1599 3452 reddere

267 3488 398 3578 (Tusa).
417 3493 532 3576 Neque
556 3485 761 3554 divisionem
781 3508 950 3576 aquarum
964 3488 996 3553 ei
1011 3493 1111 3554 vento
1132 3489 1296 3555 adscribit
1312 3495 1436 3569 textus,
1453 3490 1513 3556 sed
1531 3491 1600 3557 sic-

267 3606 380 3663 catum
396 3592 633 3661 recedentibus
648 3592 746 3682 aquis
760 3592 863 3659 maris
878 3592 1026 3660 alveum.
1044 3593 1175 3660 Sufficit
1186 3595 1294 3680 igitur
1308 3617 1385 3661 cum
1400 3595 1598 3686 interpreti-

265 3703 329 3769 bus
347 3699 521 3790 plerisque
550 3698 640 3766 tueri
657 3699 703 3766 ad
724 3700 816 3766 hunc
840 3699 1053 3789 potissimum
1073 3700 1177 3768 finem
1201 3699 1299 3767 illum
1321 3705 1427 3768 11110
1449 3707 1591 3770 ventum

265 3809 367 3875 fuisse
381 3805 598 3874 submissum.
615 3809 732 3895 Neque
751 3805 846 3872 obest
864 3827 971 3895 aquas
984 3804 1089 3872 scribi
1108 3805 1292 3875 diffluxisse
1315 3822 1407 3880 ntia,
1427 3807 1466 3875 id
1489 3808 1595 3876 veluti

265 3913 434 3982 efficiente
448 3917 549 3979 vento
565 3934 572 3978 :
589 3933 665 3979 eum
675 3901 735 3978 ¹res
752 3911 795 3977 ad
812 3909 950 3978 oculum
965 3918 1135 3992 narretur,
1147 3936 1259 4003 neque
1272 3913 1367 3982 aliud
1381 3915 1521 3982 tandem
1540 3937 1598 3982 ex-

266 4023 447 4112 primatur,
466 4039 569 4107 quam
582 4017 684 4084 simul
696 4021 729 4084 et
743 4039 850 4107 aquas
861 4019 1035 4086 recessisse
1050 4024 1174 4087 etcum
1195 4027 1334 4088 ventum
1349 4020 1496 4102 flavisse,
1511 4022 1598 4112 quin

266 4127 481 4193 affirmentur
495 4126 568 4192 eius
582 4124 676 4191 venti
693 4124 856 4192 violentia
871 4147 981 4214 aquae
998 4147 1069 4193 esse
1088 4127 1276 4194 revolutae.

302 4270 384 4320 Putat
396 4268 488 4318 Dittm.
503 4282 529 4317 v.
546 4269 576 4318 it
595 4281 636 4332 sq.
653 4268 772 4319 duorum
784 4272 951 4334 scriptorum
970 4276 1104 4321 centones
1121 4270 1293 4335 deprehendi
1314 4276 1459 4332 consutos,
1476 4284 1598 4336 quorum

263 4355 333 4410 alter
347 4358 442 4421 Moyse
458 4369 572 4408 manum
581 4357 752 4408 extendente
767 4371 855 4422 aquas
870 4371 933 4409 esse
947 4359 1053 4409 divisas
1064 4361 1234 4420 narraverit,
1248 4358 1321 4409 alter
1331 4366 1417 4410 vento
1432 4357 1518 4412 flante
1532 4373 1598 4412 esse

264 4447 422 4512 propulsas.
439 4445 566 4497 Gratuita
582 4444 734 4496 adstruitur
747 4449 854 4496 sutura.
873 4447 997 4498 Primum
1011 4460 1067 4509 res,
1084 4449 1125 4497 uti
1139 4447 1228 4497 oculis
1242 4446 1420 4519 cernebatur,
1436 4448 1599 4501 111101111-

264 4536 403 4596 scribitur,
420 4547 459 4584 sc.
476 4533 571 4596 Moyse
586 4546 699 4584 manum
709 4534 876 4586 extendente
888 4535 1133 4600 validoquellante
1142 4537 1227 4586 rento
1241 4548 1329 4601 aquas
1341 4535 1495 4587 diffluxisse
1504 4539 1597 4589 sicea·

264 4631 379 4688 tumque
394 4635 456 4673 esse
472 4624 596 4683 alveum,
613 4621 677 4672 dein
692 4635 742 4686 per
755 4623 859 4674 divisas
877 4638 965 4687 aquas
985 4629 1013 4676 et
1032 4637 1175 4676 murorum
1189 4627 1278 4675 instar
1294 4627 1435 4677 traudtem
1451 4627 1597 4691 utrimque

265 4713 430 4765 definientes
445 4713 518 4762 sicco
533 4713 632 4762 itinere
648 4713 791 4762 transiisse
807 4712 960 4763 Hebraeos.
973 4713 1110 4765 Ultimum
1119 4727 1146 4764 v.
1161 4713 1190 4764 11
1204 4716 1322 4766 incisum
1332 4716 1489 4778 iungecum
1502 4727 1530 4765 r.
1547 4715 1594 4774 ti,

263 4808 293 4853 ct
305 4803 412 4854 videbis
426 4814 483 4852 non
497 4800 540 4851 bis
554 4800 642 4863 idem,
657 4799 707 4852 sed
721 4800 831 4851 diuersa
845 4802 964 4852 narrari.
