3534 5384
757 413 808 458 xx.
829 397 934 471 iate.
1453 399 1511 458 245

180 551 332 614 appellarit
346 552 426 600 Deera
441 551 532 602 iacob.
549 551 629 611 Quae
645 552 739 602 tamen
758 551 853 602 omnia
866 565 920 602 uos
933 565 985 616 pro
998 553 1160 604 coniectura
1173 553 1367 616 suggerimus,
1384 565 1446 604 eum
1459 552 1510 603 ad-

181 641 366 692 ditamentum
380 640 458 692 Sam.
470 641 508 691 sit
520 640 644 692 dubium.

486 840 518 900 3.
541 831 710 924 Epiloqtts
728 832 943 901 novellarum
955 839 1011 902 lix.
1029 839 1206 918 asae-33.

222 1023 308 1110 Arq.
330 1057 375 1069 -
395 1024 469 1086 Non
488 1018 672 1086 traduntur
690 1019 761 1086 iam
780 1043 889 1087 novae
910 1020 1021 1107 legeS,
1044 1020 1104 1087 sed
1128 1019 1375 1088 observationis
1392 1020 1509 1107 legum

180 1133 251 1194 tam
267 1126 425 1194 datarum
444 1148 550 1215 quam
565 1125 759 1193 dandarum
776 1127 971 1216 praemium
991 1127 1193 1194 ostenditur.
1211 1127 1360 1213 Angelus
1380 1149 1426 1194 sc.
1445 1132 1509 1193 Do-

179 1233 265 1300 mini
283 1231 477 1299 introducet
501 1232 669 1299 Hebraeos
683 1232 720 1299 in
744 1238 873 1300 terram
896 1233 1114 1323 promissam,
1137 1233 1198 1300 ubi
1225 1255 1397 1322 quaenam
1420 1233 1510 1300 circa

181 1361 239 1406 eos
261 1340 376 1406 futura
394 1339 438 1405 sit
456 1340 515 1405 liei
535 1338 751 1429 providentia
769 1338 988 1408 describitur.
1013 1340 1047 1408 si
1073 1362 1183 1408 unum
1197 1345 1303 1406 Deum
1322 1339 1506 1424 coluerint,
1549 1426 1550 1430 Ἰ

179 1445 372 1534 praemium
396 1445 566 1534 accipient
594 1445 842 1512 abundantiam
872 1447 1031 1533 frugum,
1058 1447 1354 1514 immunitatema
1381 1446 1510 1513 morbis

179 1551 400 1639 conagiosis,
418 1572 646 1619 numerosam
664 1553 814 1640 prolem,
837 1558 1005 1620 terrorem
1027 1554 1063 1619 in
1085 1553 1197 1620 hostes
1220 1552 1427 1620 immissum.
1448 1554 1508 1630 Qui

180 1666 295 1726 tamen
307 1657 480 1745 gradatim
492 1658 705 1724 solummodo
715 1659 1048 1742 exterminabuntur,
1062 1659 1209 1726 Hebraei
1220 1659 1358 1725 interim
1371 1680 1508 1725 omnem

179 1765 336 1834 cumillis
354 1764 629 1832 commixtionem
645 1765 918 1856 perhorrescant.
942 1769 980 1832 nt
1002 1765 1158 1845 adverte,
1181 1766 1242 1831 has
1264 1765 1508 1855 promissiones

178 1873 284 1938 factas
305 1893 393 1952 esse,
415 1893 483 1961 quo
500 1877 655 1960 tempore
675 1870 829 1937 nondum
851 1871 1011 1938 Hebraeis
1028 1876 1114 1938 Deus
1131 1871 1316 1938 multorum
1337 1893 1507 1938 annorum

178 1977 215 2044 in
234 1977 369 2044 deserto
382 1976 685 2044 commorationem
699 1975 874 2043 indixisset
889 1979 926 2044 in
940 1999 1087 2066 poenam
1104 1978 1246 2064 exiguae
1265 1977 1357 2044 fidei.

213 2151 355 2214 Angelum
369 2147 477 2212 Moysen
498 2150 645 2213 reputabat
660 2150 736 2210 611,Ι
751 2149 813 2209 aiii,
830 2149 906 2214 quod
920 2149 1030 2214 Moyses
1048 2162 1105 2201 non
1117 2151 1301 2201 introduxerit
1325 2149 1460 2214 populum
1478 2150 1508 2198 in

178 2237 419 2299 chanaantttden,
436 2239 512 2288 losue
526 2252 534 2287 :
549 2240 629 2302 lup,
645 2240 734 2298 Proc,
761 2241 831 2288 lost.
846 2239 961 2302 aliique.
975 2239 1048 2299 Quia
1059 2253 1126 2290 vero
1140 2240 1175 2290 ab
1188 2237 1390 2290 introducendo
1404 2237 1508 2302 populo

178 2327 357 2393 postmodum
371 2327 483 2390 Moyses
495 2328 635 2378 cohibitus
643 2331 687 2378 cst
697 2327 733 2377 ob
746 2329 878 2392 exiguam
894 2325 991 2390 fidem,
1008 2330 1111 2390 poterit
1121 2329 1191 2378 haec
1203 2329 1351 2391 explicatio
1364 2341 1398 2378 ee
1411 2339 1508 2378 omen-

178 2417 252 2478 dari‚
270 2419 301 2466 ut
315 2416 423 2466 dicatur
434 2416 552 2480 angelus
569 2429 631 2468 esse
645 2417 746 2478 Moyses
761 2423 786 2466 et
800 2417 886 2466 iocur.
907 2415 988 2475 Quod
1002 2429 1052 2481 pro
1068 2417 1151 2468 losue
1166 2416 1285 2468 atterunt
1299 2419 1367 2478 lup.
1387 2417 1506 2480 alliquo,

177 2507 251 2556 ineo
263 2504 402 2556 verificari
417 2503 485 2555 illud
499 2518 527 2554 v.
544 2505 574 2554 ii
592 2521 604 2553 ‹
620 2507 649 2556 et
662 2510 706 2556 est
721 2517 825 2556 nomen
840 2518 934 2556 meum
951 2505 980 2554 in
995 2505 1043 2554 illo
1062 2519 1091 2568 1,
1109 2505 1184 2570 quod
1201 2506 1277 2556 idem
1294 2507 1330 2556 sit
1345 2517 1446 2555 nomen
1462 2505 1505 2554 lo·

178 2608 228 2645 suc
242 2601 326 2658 atque
341 2594 429 2655 lesus,
447 2592 586 2645 infirmum
600 2599 652 2644 est.
667 2594 763 2644 Potest
774 2605 843 2644 vero
853 2606 903 2656 pro
920 2593 1015 2656 Moyse
1028 2596 1056 2645 et
1069 2593 1152 2645 losue
1167 2593 1261 2646 asierri
1276 2594 1359 2655 illud,
1376 2594 1440 2644 Mul.
1460 2593 1502 2653 3,1

178 2683 305 2734 nostrum
320 2684 429 2733 textum
447 2681 592 2733 transterri
610 2682 646 2732 ad
667 2682 695 2732 S.
718 2682 853 2734 ioannem
874 2683 1031 2746 Baptistam
1050 2695 1056 2731 :
1074 2683 1098 2733 si
1114 2695 1181 2747 ergo
1196 2683 1226 2732 in
1247 2683 1373 2747 antitypa
1394 2681 1508 2746 cuprius

178 2773 226 2823 illc
237 2772 358 2834 intelligi
372 2774 458 2836 queat
471 2772 570 2832 home,
585 2783 634 2821 cur
644 2784 702 2821 uon
715 2772 783 2820 item
797 2772 826 2822 iu
836 2770 924 2834 typo?
939 2771 1045 2822 Tamen
1054 2773 1207 2832 sententia,
1222 2771 1347 2835 enectum
1359 2770 1506 2821 declarans

179 2873 242 2911 esse
256 2873 314 2911 non
328 2861 484 2919 hominem,
496 2859 546 2910 sed
562 2872 659 2910 verum
674 2860 806 2924 angelum
821 2856 911 2926 (Philo
929 2873 937 2908 :
954 2859 995 2910 De
1010 2860 1096 2923 agric.
1112 2860 1182 2924 att,
1199 2874 1226 2924 p.
1244 2859 1310 2920 3083
1328 2858 1434 2922 Bottia,
1451 2859 1503 2920 Su,

179 2949 255 3012 Syia.
272 2946 351 3015 ete),
368 2949 483 2998 omniuo
497 2949 540 2999 est
553 2948 737 3012 praeterendo
743 2961 751 3008 ;
769 2961 853 3012 quem
867 2949 936 2998 lieo.
956 2961 1019 2999 esse
1033 2948 1157 2999 declarat
1171 2948 1200 2998 S.
1217 2948 1409 3008 matruelem,
1427 2949 1513 3012 popul

179 3039 262 3089 electi
274 3037 424 3101 specialem
438 3036 582 3088 custodem
596 3037 784 3100 designatum.
802 3036 844 3088 ct.
863 3038 907 3086 Ps.
924 3039 983 3086 ion.
1005 3037 1040 3087 ad
1055 3037 1128 3098 ild.
1150 3037 1199 3087 t'lst
1218 3036 1292 3087 idem
1306 3037 1439 3100 augelus,
1459 3038 1508 3100 qui

178 3125 353 3177 custodiebat
366 3127 540 3191 patriarchas
557 3126 638 3191 (Gen.
656 3126 734 3187 31,1t
744 3140 752 3187 ;
770 3125 860 3188 iate)
880 3128 909 3176 et
924 3126 1058 3177 Israelem
1072 3125 1193 3177 custodit
1208 3125 1271 3190 (Ex.
1291 3125 1369 3187 11,19
1376 3138 1383 3186 ;
1406 3124 1502 3186 aa,3t;

179 3216 253 3275 333.
271 3215 321 3279 ii).
337 3215 489 3266 Residebat
497 3216 522 3265 is
536 3216 672 3279 imprimis
684 3217 714 3265 iu
728 3215 858 3266 columna
871 3215 954 3266 nubis
964 3215 1054 3277 (tait
1069 3228 1123 3279 sq.;
1145 3214 1222 3276 itte
1231 3227 1238 3276 ;
1254 3211 1326 3282 33‚9)
1342 3218 1427 3280 atquc
1438 3213 1504 3264 inde

177 3304 294 3367 Moysen
308 3305 452 3356 edocebat.

220 3447 254 3492 v.
271 3431 315 3491 20
333 3453 349 3487 «
370 3427 457 3491 Eece
476 3447 536 3514 eqo
554 3424 691 3492 mittem
704 3423 868 3515 aoqelutu
884 3447 998 3492 meum
1025 3453 1058 3508 o,
1075 3465 1119 3474 -
1136 3447 1326 3516 pronomen
1345 3425 1506 3512 ignorant

178 3531 280 3598 Hebr.
305 3530 426 3599 Glale.
448 3533 528 3621 Syr.
544 3569 589 3582 -
613 3559 629 3592 ι(
655 3531 722 3612 Qui
737 3530 928 3622 praecedet
948 3544 998 3613 te,
1021 3531 1239 3598 etetetodiot
1255 3533 1291 3598 in
1307 3531 1382 3613 cio,
1404 3544 1437 3598 et
1452 3534 1506 3598 itt-

179 3637 338 3705 troducat
354 3639 392 3704 in
407 3637 534 3722 locum,
552 3639 790 3729 qttempurevi
806 3667 840 3722 »‚
856 3644 986 3706 terram
1000 3639 1160 3706 Chanaan
1174 3641 1274 3706 toties
1288 3641 1501 3728 promissam.

177 3768 209 3812 v.
228 3752 267 3812 at
295 3772 312 3806 «
336 3747 481 3812 Observa
499 3767 577 3810 erem
601 3773 637 3826 »,
660 3783 704 3794 -
722 3744 825 3811 Hebr.
844 3766 856 3809 .·
871 3767 952 3812 cuce
968 3745 1030 3812 tibi
1046 3769 1067 3812 α
1079 3744 1172 3833 secie
1188 3745 1260 3813 ciris
1274 3785 1319 3794 —
1334 3772 1351 3807 «
1371 3757 1402 3811 et
1421 3743 1505 3811 occdi

177 3874 290 3919 rocem
305 3852 393 3936 eius,
414 3874 476 3918 nec
495 3850 780 3918 contemnendum
795 3854 916 3941 [putes]
935 3879 968 3933 a,
992 3891 1037 3902 -
1061 3851 1163 3919 Hebr.
1186 3875 1199 3918 .·
1214 3875 1323 3942 aeque
1337 3872 1505 3940 repupnes·

177 3959 210 4025 ei
223 3996 268 4009 —
290 3985 307 4019 «
329 3959 411 4048 quia
429 3981 499 4024 non
522 3957 685 4045 dimittet,
711 3981 789 4025 etun
802 3957 995 4047 peccaveris·
1013 3986 1046 4045 u,
1073 3999 1117 4010 -
1135 3959 1207 4026 Cei.
1236 3981 1249 4024 .·
1266 3987 1282 4020 a
1298 3960 1335 4024 in
1357 3957 1505 4023 hebraeo

175 4066 324 4133 habetur
346 4065 586 4152 gravissimum
616 4087 725 4152 genus
746 4064 934 4154 peccandi:
952 4063 1035 4154 quie
1051 4088 1121 4131 iton
1136 4065 1286 4132 dimittet
1298 4062 1505 4154 apostasium

156 4234 162 4247 ,
177 4185 410 4239 1111111111»-
426 4199 442 4232 «
454 4183 487 4239 et
499 4184 679 4239 estnomeo
687 4194 799 4238 merem
811 4171 916 4237 inille
931 4199 960 4238 o.
979 4198 995 4233 e
1013 4173 1161 4240 Sustinet
1170 4192 1351 4261 personam
1359 4191 1472 4237 meam
1488 4197 1504 4232 u

180 4279 268 4368 (Sa).
286 4306 302 4340 κ
326 4283 416 4356 Quae
438 4278 538 4359 dicit,
559 4279 700 4345 nomine
714 4299 792 4344 meo
806 4277 890 4344 dicit
912 4305 928 4338 »
954 4277 1076 4369 (Vae).
1096 4283 1251 4345 Ceterum
1272 4299 1342 4344 nott
1357 4277 1506 4344 dimittet

177 4393 328 4453 nontam
344 4389 492 4452 retertur
505 4384 550 4452 ad
561 4390 756 4475 peecatum,
772 4407 877 4474 quam
896 4384 938 4451 ad
951 4407 1116 4474 poenam,
1138 4415 1153 4447 a
1169 4383 1311 4452 sinendo
1326 4384 1504 4473 impunem

177 4513 266 4572 csse,
286 4513 369 4558 nam
387 4497 421 4558 et
443 4492 508 4559 hoc
527 4491 747 4582 peccantibus
763 4512 927 4578 magnum
953 4497 1002 4558 esi
1020 4490 1228 4558 beneficium
1246 4519 1260 4550 a
1286 4489 1419 4582 (lana).
1443 4494 1503 4556 Re-

177 4600 314 4665 censitis
333 4596 588 4664 inobedientiae
603 4598 739 4687 poenis,
757 4597 975 4665 obedientiae
989 4597 1144 4686 praemia
1161 4603 1380 4664 recensentur
1405 4595 1503 4680 (Cei.)

179 4727 210 4770 v.
233 4710 276 4770 22
298 4725 306 4770 :
331 4731 347 4765 «
374 4703 504 4785 Quodsi
518 4702 670 4770 acedieris
686 4726 800 4770 vocem
815 4705 889 4771 eires
910 4731 947 4786 u,
966 4742 1009 4752 -
1031 4725 1170 4770 erronee
1195 4726 1306 4770 tricem
1329 4701 1445 4792 (iiii)
1461 4741 1505 4752 -

181 4840 198 4873 o
224 4824 257 4879 et
267 4810 392 4901 seceris
407 4809 540 4894 ontnia,
554 4833 642 4900 qliae
652 4810 773 4901 loquor
789 4840 820 4894 n,
833 4817 919 4878 lleus
937 4812 1066 4899 quippe
1076 4831 1140 4898 per
1157 4809 1320 4896 angelum
1332 4809 1504 4899 loquitur:
