3534 5384
715 442 784 486 nav.
809 427 878 500 ua
904 443 967 494 suo.

320 692 350 751 1.
368 687 437 750 Len
450 681 492 749 de
500 682 698 774 percutitur,
717 681 950 772 aquatilibus,
969 681 1109 749 alitibus
1120 685 1198 748 Lev.
1216 687 1367 763 11,1-au.

226 891 311 979 Gap.
333 891 385 955 XI
398 912 431 955 v.
457 895 474 956 1
499 916 514 948 ι(
544 893 758 978 baculusque
778 900 825 954 cst
848 887 1015 954 Dominus
1036 886 1084 953 ud
1101 890 1243 976 Moysen
1263 899 1295 956 ct
1315 889 1432 954 Aaron
1459 887 1510 952 di-

178 1019 256 1062 emas
271 1023 287 1055 »
308 1018 315 1065 :
337 1033 382 1046 -
401 996 444 1062 ad
470 1001 583 1062 Aaron
607 995 712 1062 edam
729 996 790 1060 Dei
817 994 981 1081 dirigitur
999 993 1206 1083 alloquium,
1227 994 1309 1082 quia
1328 992 1372 1059 ad
1396 1015 1509 1060 sacer-

178 1102 276 1170 dotes
289 1101 438 1192 pertinet
457 1101 511 1168 his
538 1101 674 1189 legibus
688 1101 869 1187 invigilare
882 1107 916 1169 et
930 1122 1019 1190 quae
1033 1099 1162 1167 munda
1178 1099 1400 1168 immundave
1421 1102 1505 1180 sint,

176 1209 330 1277 iudicare
356 1208 475 1298 (Tort.)
499 1248 542 1258 -
566 1232 597 1274 v.
623 1215 682 1274 2«
709 1207 818 1274 Dicite
839 1207 926 1298 filiis
949 1207 1058 1274 Israel
1079 1233 1114 1288 a,
1136 1207 1182 1274 ad
1208 1228 1325 1273 omnes
1353 1205 1444 1272 euim
1477 1213 1510 1272 et

178 1315 331 1403 singulos
343 1315 521 1405 sequentia
533 1320 689 1405 spectant
705 1337 713 1383 ε
729 1352 775 1365 -
788 1336 860 1381 non
874 1314 984 1381 multo
999 1319 1077 1381 ante
1093 1314 1269 1381 saeculum
1284 1312 1456 1380 decimum
1470 1312 1507 1379 in

177 1421 337 1512 pluribus
359 1422 458 1508 Vulg.
485 1421 663 1489 codicibus
685 1421 741 1487 hic
766 1421 932 1511 irrepsere
955 1419 1061 1488 verba
1089 1420 1230 1487 omnino
1255 1418 1506 1488 confodienda:

180 1557 197 1588 u
220 1528 392 1596 Custodite
406 1528 541 1609 omnia,
560 1550 648 1617 quae
662 1527 783 1617 scripsi
793 1527 907 1608 vobiS,
925 1532 963 1594 ut
974 1526 1037 1594 sim
1051 1531 1137 1594 Deus
1150 1532 1261 1594 vester
1282 1555 1297 1587 »
1319 1527 1375 1616 (ei.
1399 1527 1506 1614 Vere.)

177 1675 222 1685 -
243 1662 259 1696 «
282 1638 375 1701 Haec
390 1633 668 1719 suutuuimclia,
690 1656 778 1724 quae
788 1634 961 1700 comedere
976 1632 1102 1699 debetis
1121 1659 1150 1701 n.

660 1909 686 1946 a.
708 1897 815 1946 pecora
834 1895 903 1946 nov.
922 1895 1026 1956 iia-a.
1047 1871 1052 1880 ’

222 2091 305 2176 deq.
322 2125 367 2137 —
381 2087 629 2154 Permittuntur
647 2086 860 2154 ruminantia
873 2087 1040 2173 ungulam
1056 2084 1257 2152 dividentia.
1280 2083 1509 2152 Prohibentur

179 2193 388 2260 ruminantia
404 2193 575 2279 ungulam
595 2215 667 2260 non
686 2191 891 2276 dividentia,
910 2197 942 2259 et
957 2213 1027 2259 non
1046 2191 1256 2258 ruminantia
1273 2192 1440 2278 ungulam
1455 2191 1508 2257 di·

178 2299 340 2367 videntia.
359 2305 510 2378 Quorum
529 2322 592 2366 uec
604 2299 770 2366 carnibus
784 2298 874 2367 vesci
890 2321 952 2366 nec
966 2298 1134 2366 cadavera
1148 2299 1321 2386 attingere
1336 2297 1387 2364 ias
1400 2303 1460 2364 est.

224 2434 240 2466 «
263 2409 311 2472 De
325 2406 456 2472 cunctis
475 2406 708 2473 animantibus
730 2418 839 2473 terroe
861 2434 878 2467 a
894 2445 938 2454 -
961 2405 1047 2472 haec
1060 2409 1111 2472 est
1123 2404 1236 2494 prima
1251 2405 1382 2488 classis,
1401 2419 1505 2469 unua.

179 2512 344 2580 Statuitur
359 2513 480 2599 regula
494 2513 665 2600 generalis
679 2536 710 2578 v.
727 2520 746 2579 3
764 2534 774 2579 2
793 2552 836 2562 —
852 2540 868 2573 «
884 2533 998 2594 omne,
1014 2510 1109 2602 quod
1123 2511 1224 2578 tabet
1238 2510 1384 2578 divisum
1399 2533 1510 2601 uuqu-

178 2620 249 2686 lum
268 2632 301 2684 et
320 2620 527 2686 ruminatio
540 2620 740 2710 pecoribus,
756 2618 936 2685 concedetis
957 2646 987 2685 n.
1007 2620 1129 2701 Omne,
1149 2616 1243 2706 quod
1260 2616 1384 2684 diuidit
1398 2641 1509 2708 uuqu-

180 2726 267 2806 lum,
284 2741 369 2794 notu
387 2741 518 2800 notum
545 2731 579 2792 et
601 2727 686 2792 haec
716 2725 887 2815 expressio
914 2725 1106 2792 accuratius
1127 2723 1422 2791 circumscribitur
1447 2748 1509 2815 per

180 2847 265 2899 notu
281 2847 352 2901 rou
367 2847 482 2905 nunu,
497 2831 560 2899 uhi
571 2833 665 2898 Sum.
681 2833 772 2897 LXX
784 2836 879 2920 Syr„
890 2830 940 2898 uti
951 2835 1044 2896 [taut.
1061 2835 1151 2912 1t,u,
1168 2828 1301 2897 addunt
1316 2844 1380 2892 'nu
1399 2849 1405 2892 :
1423 2852 1508 2916 ergo

180 2937 276 3026 quod
288 2938 395 3028 findit
413 2938 590 3025 fissuram,
615 2936 702 3003 duos
723 2935 892 3026 inpietas,
915 2936 1009 3026 quod
1030 2934 1079 3003 ita
1106 2934 1230 3002 dividit
1254 2935 1443 3021 ungulam,
1473 2944 1510 3001 ut

180 3066 298 3133 reapse
312 3045 378 3110 sint
390 3044 478 3110 duae
495 3043 658 3129 ungulae.
676 3048 770 3110 Dent.
798 3047 874 3123 iat
887 3065 936 3132 sq.
954 3027 1203 3109 ¹enumerantur
1222 3041 1402 3122 animalia,
1421 3063 1509 3130 quae

181 3149 236 3215 his
253 3149 509 3216 conditionibus
523 3149 743 3217 satisfaciunt.
759 3148 885 3218 Eadem
902 3149 1025 3236 regula
1039 3171 1116 3215 mox
1130 3172 1161 3214 v.
1181 3153 1237 3216 t·8
1256 3149 1417 3235 negative
1428 3169 1507 3236 pro-

184 3256 324 3346 ponitur
338 3261 371 3322 et
387 3255 595 3346 quibusdam
610 3278 729 3324 eorum
744 3257 962 3338 animalium,
979 3277 1066 3345 quac
1087 3255 1188 3322 edere
1204 3255 1300 3322 nefas
1319 3255 1377 3335 sit,
1396 3275 1509 3321 exem-

184 3363 250 3454 pjis
263 3362 469 3430 illustratur.
487 3367 572 3430 Sunt
581 3364 740 3452 exempla
750 3369 885 3430 tantum
901 3362 1059 3449 regulam
1073 3361 1300 3444 illustrantia;
1317 3381 1387 3428 non
1401 3359 1507 3428 tradi·

178 3472 235 3561 tur
249 3470 440 3560 completus
455 3469 657 3537 animalium
673 3476 858 3559 catalogus.
881 3494 913 3537 v.
937 3474 956 3536 ts
976 3498 992 3531 «
1021 3467 1199 3558 Quidquid
1219 3480 1335 3534 utitem
1355 3467 1510 3534 ruminat

170 3569 316 3667 ,quidem
343 3588 375 3644 et
399 3577 521 3666 [dubet]
547 3575 734 3665 caupulum,
763 3575 843 3666 [scd]
866 3599 936 3642 riou
958 3573 1085 3642 diuidit
1106 3575 1221 3663 [cum],
1243 3573 1331 3641 sicut
1361 3572 1509 3641 eumelus

169 3691 223 3763 {et
246 3695 378 3764 cetera,
403 3706 473 3750 non
492 3681 673 3751 comedetis
693 3683 801 3763 iilud,
817 3683 859 3773 et]
880 3683 969 3749 iuter
986 3681 1167 3748 immunda
1180 3680 1383 3771 reputabitis
1401 3709 1431 3747 ».
1449 3685 1509 3747 Ca-

180 3789 289 3856 melus
311 3789 436 3856 dividit
459 3790 608 3876 ungulas
633 3789 831 3879 imperfecte
855 3795 1001 3856 tantum.
1019 3811 1051 3856 v.
1070 3795 1090 3854 5
1115 3815 1131 3850 u
1150 3787 1430 3878 Ciceroqrylluo,
1448 3787 1511 3875 qui

179 3895 333 3961 ruminat
345 3897 581 3986 tremulumque
595 3919 664 3962 nou
678 3894 823 3977 diuidit,
840 3894 1040 3962 immundus
1058 3908 1106 3962 cst
1122 3923 1154 3960 ».
1172 3918 1204 3961 v.
1226 3901 1244 3960 6
1262 3897 1405 3984 «Lepus
1423 3915 1509 3982 quc-

152 3983 167 4003 ’
179 4024 262 4091 que,
283 4024 364 4068 uum
383 4016 415 4069 ct
434 4002 506 4093 ipse
525 4002 694 4085 ucuviuut,
716 4001 777 4069 scd
790 4001 959 4092 renqulum
980 4025 1048 4068 uon
1071 4000 1194 4068 dividit
1209 4023 1245 4083 »3
1265 4023 1298 4069 v.
1316 4007 1335 4065 7
1353 4027 1368 4060 u
1387 4011 1420 4066 et
1433 4023 1507 4081 sies,

179 4107 242 4198 qui
262 4130 339 4174 cum
355 4110 524 4197 uuqulum
540 4095 672 4176 diuidat
693 4135 709 4170 n
731 4121 763 4175 et
773 4107 887 4198 findat
909 4109 1069 4198 fissuram
1084 4106 1258 4197 unqulue,
1281 4128 1382 4173 «nou
1401 4107 1510 4172 rumi-

180 4227 241 4281 uut
256 4241 286 4280 u.
308 4238 339 4280 v.
364 4220 385 4281 8
405 4243 421 4275 «
442 4219 575 4282 Horum
590 4216 751 4283 carnibus
765 4238 835 4283 uon
849 4214 1049 4301 vescemini,
1068 4237 1129 4280 nec
1148 4212 1315 4281 cadauera
1332 4213 1509 4302 continue-

179 4320 237 4407 tis,
261 4319 343 4410 quic
359 4320 539 4388 immunda
554 4334 635 4388 sient
650 4322 743 4389 vobis
761 4351 792 4390 a.

214 4507 277 4587 tw
296 4503 360 4554 m
373 4515 485 4566 semper
497 4505 609 4555 vertunt
622 4500 826 4572 χοιρογρύλλιος,
841 4506 909 4555 item
926 4506 974 4567 Aq.
989 4507 1088 4568 summ.
1106 4503 1152 4554 Ps.
1171 4499 1305 4570 totttsst),
1322 4502 1368 4562 18,
1385 4505 1412 4552 et
1433 4500 1507 4563 Vulq.

179 4592 206 4641 h.
221 4591 241 4641 l.
256 4589 489 4654 choerogryllum
508 4593 548 4642 ita
568 4592 700 4642 describtt
720 4595 795 4642 Hier.
814 4589 867 4657 (ep.
885 4592 933 4642 106
953 4592 988 4642 ad
1009 4593 1159 4652 Sunniam;
1172 4592 1206 4642 u.
1219 4592 1262 4645 22.
1281 4591 1341 4658 861)
1360 4605 1366 4641 :
1382 4607 1393 4639 v
1412 4590 1509 4640 Scien-

178 4679 244 4729 dum
261 4680 354 4729 autem
373 4677 478 4728 anunul
492 4691 549 4728 non
568 4681 658 4730 matus
672 4680 791 4741 hericio,
807 4680 916 4730 hahens
935 4681 1144 4731 similitudinem
1163 4683 1250 4730 muris
1265 4685 1293 4730 et
1307 4681 1378 4741 ursi,
1392 4679 1467 4730 unde
1482 4680 1510 4727 in

180 4767 343 4818 Palaestina
356 4762 482 4834 ἀρκτομΰς
496 4766 609 4829 diuitum
624 4772 652 4818 et
666 4781 770 4830 magna
783 4769 826 4818 est
840 4769 870 4818 in
884 4769 946 4818 istis
964 4769 1126 4831 regionihus
1140 4769 1223 4819 huius
1237 4770 1348 4832 generis
1364 4766 1510 4817 abundan-

182 4857 233 4917 tta,
251 4869 419 4921 semperque
433 4857 463 4906 tn
483 4857 610 4907 cavernis
627 4858 796 4920 patrarum»
815 4853 858 4923 (ct.
874 4858 921 4906 Pa.
944 4856 1053 4918 103,18;
1069 4855 1151 4911 Prov.
1169 4855 1275 4922 3036),
1295 4873 1305 4904 ι
1323 4859 1351 4906 et
1362 4857 1454 4906 terrac
1468 4855 1511 4906 to-
