3534 5384
258 340 296 398 66
708 351 820 397 norsrs
839 352 918 396 nora
939 352 972 397 ru
993 352 1138 398 naerrro.

256 489 351 556 cialis
364 488 465 554 lahve
476 485 629 570 uocatio;
639 485 707 552 loci
721 485 898 568 distantia,
909 486 961 554 rei
972 488 1162 576 periculum
1176 485 1352 554 definitur.
1367 509 1400 553 v.
1417 491 1465 552 t«
1476 486 1538 552 Aa
1549 486 1596 552 od

255 619 310 662 cos
329 618 389 661 rea
403 593 554 684 Aegypti
571 621 602 676 u,
621 593 744 659 omisso
759 593 827 659 iarn
844 614 998 659 sermone
1014 593 1057 658 de
1073 593 1192 675 labve,
1211 593 1308 670 ouius
1326 593 1528 661 mandatum
1544 594 1593 661 ef-

253 701 387 768 finxisse
412 704 548 788 Moysen
570 698 804 766 arbitrabatur
825 699 1007 766 turbarum
1027 699 1355 767 commovendarum
1379 706 1594 789 praetextum

257 808 376 897 (Kn.):
398 833 413 867 «
440 810 552 888 Quare
571 809 705 895 Moyses
729 817 762 872 ct
777 808 895 872 Aaron
918 805 1114 873 sollicitatis
1136 835 1171 888 »‚
1190 805 1314 873 atala.
1332 805 1437 872 otiari
1455 807 1591 897 facitis,

171 900 172 908 ἵ
256 942 271 975 «
287 913 461 1004 popellum
476 915 518 979 ab
535 913 690 1002 operibns
704 913 796 979 sciis?
812 915 860 978 Ite
873 912 922 978 ad
932 936 1035 980 onera
1050 925 1160 978 vestra
1177 941 1206 978 u.
1225 917 1359 1000 Moysen
1372 921 1405 979 et
1417 919 1533 981 Aaron
1546 913 1591 979 ad

256 1043 362 1087 onera
380 1019 471 1086 mitti
485 1042 562 1086 cum
578 1041 711 1086 summo
728 1019 935 1108 opprobrio,
951 1026 1064 1086 censet
1081 1023 1167 1086 Tost.
1177 1041 1192 1104 ‚·
1206 1018 1251 1084 ad
1269 1018 1359 1086 solos
1376 1020 1527 1087 seniores
1542 1020 1592 1086 di-

255 1126 324 1213 rigi
337 1147 547 1205 sermonem,
563 1131 719 1192 autumat
735 1129 835 1192 liras.
857 1126 984 1214 (Critici
999 1125 1124 1214 Sacri);
1139 1125 1262 1192 melius
1279 1129 1407 1193 statuas
1423 1126 1527 1212 dirigi
1546 1125 1592 1192 ad

253 1255 386 1310 omneS,
407 1233 467 1322 qui
483 1232 653 1314 adessent,
668 1231 989 1316 indiscriminatim,
1007 1232 1136 1322 quique
1154 1231 1317 1321 operibus
1327 1253 1446 1322 reapse
1459 1231 1590 1299 addicti

254 1346 377 1408 essent.

709 1474 734 1520 b.
752 1473 878 1532 Argariae
894 1477 983 1519 auctae
999 1473 1046 1521 Ex.
1063 1474 1135 1532 itt-9.

298 1681 331 1726 v.
350 1666 369 1726 5
389 1687 404 1719 r
426 1657 591 1748 Dicitque
606 1657 743 1724 Pharao
763 1687 778 1718 »
799 1680 806 1725 :
830 1697 877 1752 ··.
894 1658 1042 1725 alterum
1063 1671 1157 1723 insu
1180 1658 1237 1747 (ct.
1262 1681 1294 1726 v.
1313 1657 1346 1748 t)
1371 1678 1440 1724 non
1470 1656 1587 1747 prodit

255 1770 413 1838 consutos
423 1769 584 1832 centones
596 1764 758 1854 (bilin),
772 1765 831 1831 sed
841 1764 990 1832 dimissis
1002 1769 1110 1852 Moyse
1120 1770 1154 1832 et
1166 1764 1264 1831 sociis
1274 1785 1468 1832 sermonem
1481 1763 1588 1849 dirigi

254 1872 297 1938 ad
310 1871 441 1938 aulicos
458 1871 588 1960 (Tora),
607 1870 877 1960 quorumaliqui
889 1870 1049 1938 videntur
1061 1867 1201 1938 mitiora
1211 1871 1353 1939 consilia
1365 1869 1587 1958 suggessisse.

251 1984 293 2045 at
302 1978 450 2060 Pharao,
467 1976 682 2044 considerata
692 1977 927 2044 Hebraeorum
938 1978 1168 2059 multitudine,
1182 1978 1318 2067 putavit
1330 2000 1404 2044 rem
1414 1975 1586 2063 agendam

252 2105 322 2151 esse
341 2106 412 2152 non
431 2083 580 2151 suaviter
597 2084 657 2150 sed
675 2084 819 2150 fortiter.
837 2123 881 2133 -
898 2113 914 2146 ι(
937 2084 1066 2151 Multas
1079 2097 1129 2149 cst
1136 2084 1288 2174 populns
1306 2097 1417 2151 terrac
1437 2112 1466 2163 »‚
1486 2103 1589 2172 quem

251 2191 344 2280 Sple.
361 2190 607 2280 interpretatur
618 2190 798 2270 Hebraeos,
812 2190 954 2256 fortasse
971 2203 1095 2257 terram
1110 2189 1309 2277 intelligens
1323 2195 1465 2271 Gessen3
1483 2193 1585 2255 Deus.

255 2324 270 2357 α
292 2296 448 2363 infimam
464 2295 601 2386 plebem
624 2323 654 2378 u,
672 2295 859 2384 etquidem
878 2296 1024 2384 (oillei.)
1039 2305 1112 2364 tarn
1125 2297 1359 2364 Hebraeorum
1379 2318 1483 2386 quam
1499 2295 1587 2361 alio-

252 2421 345 2481 rum;
364 2402 504 2469 tandem
524 2402 617 2469 Sani.
641 2403 824 2468 lectionem
839 2401 947 2468 habet
962 2409 1057 2470 nin:
1078 2403 1197 2493 plures
1216 2416 1297 2470 sant
1314 2425 1420 2492 qaam
1434 2400 1587 2491 populns

254 2522 373 2591 terrac,
397 2508 421 2573 i.
440 2532 469 2575 e.
490 2509 663 2596 Aegyptii.
687 2507 802 2574 Merito
825 2513 940 2575 autern
957 2509 1039 2575 hinc
1055 2509 1189 2596 colligit
1209 2509 1296 2593 aaa,
1314 2508 1446 2581 iussum
1465 2507 1509 2574 de
1531 2529 1587 2574 ex-

253 2614 423 2704 ponendis
438 2614 556 2705 pueris
577 2613 648 2680 iarn
667 2636 736 2680 non
756 2615 935 2681 observari
954 2616 1191 2684 consuevisse:
1213 2614 1382 2683 eiusmodi
1401 2615 1496 2701 leges
1511 2615 1586 2680 vio-

253 2721 367 2788 lentae
386 2721 525 2788 difficile
545 2720 733 2787 subsistunt
753 2744 816 2810 per
837 2720 993 2808 integros
1010 2721 1244 2810 qnadraginta
1261 2744 1382 2789 annos.
1403 2749 1418 2782 α
1442 2719 1587 2810 [Via-'ctis

253 2827 348 2917 qnod
368 2827 466 2895 turba
485 2829 690 2894 succreverit
708 2829 729 2916 :l
755 2829 1032 2917 quantomagis,
1057 2827 1088 2894 si
1108 2827 1272 2895 dederitis
1296 2829 1344 2894 eis
1364 2827 1516 2917 requierit
1543 2829 1585 2892 ab

251 2933 429 3024 operibus?
447 2963 462 2995 u
479 2937 581 3000 Hebr.
599 2935 709 3023 priori
733 2934 888 3000 membro
907 2934 1058 3001 inserens
1075 2957 1194 3002 vocem
1209 2957 1302 3001 nanc
1317 2934 1433 3024 pergit
1453 2957 1461 2998 t
1480 2945 1513 2998 et
1531 2956 1585 2999 re-

251 3041 421 3130 quiescere
445 3041 523 3107 illos
537 3041 677 3129 facietis
698 3038 740 3106 ab
759 3040 938 3129 operibns?
957 3047 1027 3119 Quo
1047 3047 1207 3108 nontam
1224 3041 1334 3108 maius
1354 3042 1511 3108 futurum
1528 3039 1584 3105 in-

251 3154 464 3214 crementum
484 3149 623 3236 (paronio
638 3146 764 3234 acopis)
781 3146 1046 3229 demonstratur,
1065 3170 1170 3237 qnam
1183 3149 1274 3214 inter
1287 3147 1414 3214 multos
1428 3147 1584 3214 homines

251 3252 396 3319 otiantes
410 3253 532 3320 turbae
551 3253 651 3320 facile
666 3252 829 3320 oriturae.
853 3256 926 3319 Non
940 3253 1143 3342 insipienter
1157 3259 1423 3341 argumentatur
1437 3255 1580 3337 Pharao,

250 3359 311 3448 qui
334 3359 505 3448 potentiae
527 3365 560 3426 et
584 3359 797 3426 auctoritatis
823 3361 924 3427 labve
946 3361 1081 3426 nullum
1102 3361 1217 3428 adhuc
1236 3363 1410 3451 conspexit
1430 3361 1580 3448 signum.

250 3469 363 3548 Porro,
381 3466 441 3554 qui
461 3489 491 3530 v.
519 3471 533 3532 1
554 3473 772 3532 recensentur
791 3465 957 3555 praelecti
972 3489 1116 3556 operum
1133 3475 1166 3532 et
1183 3469 1315 3534 scribae
1332 3466 1443 3557 (radix
1457 3482 1531 3535 tunt
1546 3468 1581 3533 in

251 3571 410 3638 omnibus
436 3572 562 3658 linguis
585 3572 746 3639 semiticis
771 3580 911 3660 excepta
941 3573 1094 3640 hebraea
1125 3574 1311 3662 reperitur,
1331 3573 1582 3659 significatione

249 3677 439 3760 scribendi,
472 3677 662 3764 Schrader),
689 3677 725 3744 in
753 3677 986 3744 monumentis
1010 3678 1137 3768 depicti
1168 3681 1341 3747 multoties
1365 3680 1583 3769 conspiciun-

248 3788 305 3851 tur
320 3805 327 3852 :
345 3784 395 3850 illi
414 3783 544 3851 baculis
564 3787 687 3851 armati
707 3784 841 3851 adstant
863 3786 1048 3874 operaria,
1067 3785 1105 3852 hi
1123 3787 1236 3875 operis
1255 3786 1398 3854 conlecti
1411 3788 1581 3853 rationem

250 3889 460 3957 describunt.
474 3913 505 3956 v.
519 3898 539 3956 o
555 3921 571 3953 o
586 3891 766 3980 Praecepit
780 3913 858 3979 erpo
873 3891 908 3956 in
922 3890 975 3958 die
988 3891 1242 3982 illapracsectis·
1256 3894 1420 3982 [operum]
1437 3905 1470 3957 ct
1481 3916 1581 3960 erac-

250 3997 378 4063 turihns
397 3996 540 4086 populi,
566 3997 683 4063 dicens
707 4025 723 4058 n
751 4020 758 4066 :
784 4004 862 4063 ut
894 4027 909 4057 α
939 3999 1168 4088 Nequaquam
1193 3999 1287 4067 ultra
1311 3998 1439 4065 dabitis
1459 4000 1580 4089 paleas

244 4103 373 4191 populo
387 4102 435 4169 ad
448 4103 675 4192 conficiendos
690 4105 829 4184 lateres,
846 4103 1061 4194 sicatprins;
1074 4104 1136 4171 sed
1147 4105 1213 4196 ipsi
1227 4105 1359 4172 variarat
1371 4119 1405 4170 et
1415 4105 1581 4195 colligant

243 4207 390 4297 stipulas
405 4237 435 4275 n.
455 4215 491 4275 ln
510 4211 658 4301 antiquis
673 4211 851 4278 structuris
865 4211 1014 4300 Aegypti
1031 4213 1255 4279 inveniuntur
1270 4212 1409 4296 lateres,
1433 4218 1503 4279 tam
1518 4215 1578 4302 qni

241 4314 314 4380 luto
329 4314 480 4382 admixta
499 4316 628 4383 habent
643 4317 822 4406 palearum
837 4325 1032 4402 segmenta,
1049 4341 1154 4408 quam
1167 4319 1228 4409 qui
1241 4319 1294 4386 his
1307 4324 1424 4387 carent
1441 4319 1576 4407 (Ebers,

240 4423 347 4488 Gosen
364 4446 399 4512 p.
416 4423 485 4511 76).
504 4425 591 4490 Citat
612 4426 717 4490 etiarn
737 4423 868 4492 Chadas
886 4424 1067 4512 (Melanges
1090 4426 1259 4515 egyptol„
1283 4432 1315 4492 2⁶
1336 4427 1424 4492 serie
1443 4449 1476 4515 p.
1495 4431 1574 4509 1333

240 4549 295 4616 ap.
320 4528 407 4615 Vig.‚
430 4530 526 4595 Bible
554 4535 595 4598 11.
613 4537 675 4598 231
700 4530 766 4620 sq.)
788 4535 934 4612 textum,
957 4534 1016 4620 qui
1040 4532 1112 4618 agit
1135 4532 1177 4597 de
1204 4531 1361 4600 aedificio
1383 4537 1577 4598 constructo

236 4634 273 4700 in
302 4634 387 4702 urbe
419 4635 570 4725 quadam
600 4641 789 4718 Ramesses,
813 4643 982 4723 regnante
1013 4639 1155 4704 fortasse
1187 4637 1263 4728 ipso
1294 4637 1518 4728 llerenptbab
1545 4643 1572 4719 l,

236 4740 364 4832 quique
380 4747 523 4811 testatur
541 4742 699 4811 debuisse
714 4743 889 4832 operarios
906 4744 1061 4833 quotidie
1078 4750 1210 4812 certum
1227 4745 1373 4813 laterum
1390 4767 1574 4812 numerum
