<?xml version="1.0" encoding="UTF-8"?>
<!DOCTYPE html PUBLIC "-//W3C//DTD XHTML 1.0 Transitional//EN"
    "http://www.w3.org/TR/xhtml1/DTD/xhtml1-transitional.dtd">
<html xmlns="http://www.w3.org/1999/xhtml" xml:lang="en" lang="en">
 <head>
  <title>
</title>
<meta http-equiv="Content-Type" content="text/html;charset=utf-8" />
  <meta name='ocr-system' content='tesseract 3.04.00' />
  <meta name='ocr-capabilities' content='ocr_page ocr_carea ocr_par ocr_line ocrx_word'/>
</head>
<body>
  <div class='ocr_page' id='page_1' title='image "./commentariusine00hummgoog/commentariusine00hummgoog_0371.png"; bbox 0 0 3534 5384; ppageno 0'>
   <div class='ocr_carea' id='block_1_1' title="bbox 235 296 1154 356">
    <p class='ocr_par' dir='ltr' id='par_1_1' title="bbox 235 296 1154 356">
     <span class='ocr_line' id='line_1_1' title="bbox 235 296 1154 356; baseline -0.001 -2"><span class='ocrx_word' id='word_1_1' title='bbox 235 296 294 354; x_wconf 83' lang='lat'>360</span> <span class='ocrx_word' id='word_1_2' title='bbox 640 310 781 355; x_wconf 81' lang='lat' dir='ltr'>uovoauu</span> <span class='ocrx_word' id='word_1_3' title='bbox 803 310 955 356; x_wconf 81' lang='grc'><strong>66666666</strong></span> <span class='ocrx_word' id='word_1_4' title='bbox 977 310 1154 355; x_wconf 80' lang='grc'><strong>6666666666.</strong></span> 
     </span>
    </p>
   </div>
   <div class='ocr_carea' id='block_1_2' title="bbox 234 443 1567 746">
    <p class='ocr_par' dir='ltr' id='par_1_2' title="bbox 234 443 1567 746">
     <span class='ocr_line' id='line_1_2' title="bbox 234 443 1562 533; baseline 0.004 -24"><span class='ocrx_word' id='word_1_5' title='bbox 234 446 338 511; x_wconf 87' lang='grc'><strong>666616</strong></span> <span class='ocrx_word' id='word_1_6' title='bbox 361 443 509 525; x_wconf 90' lang='lat' dir='ltr'>delictis,</span> <span class='ocrx_word' id='word_1_7' title='bbox 529 450 665 533; x_wconf 88' lang='lat' dir='ltr'>praeter</span> <span class='ocrx_word' id='word_1_8' title='bbox 688 445 879 524; x_wconf 87' lang='lat' dir='ltr'>victimam,</span> <span class='ocrx_word' id='word_1_9' title='bbox 898 446 1002 510; x_wconf 90' lang='lat' dir='ltr'>etiam</span> <span class='ocrx_word' id='word_1_10' title='bbox 1024 444 1274 510; x_wconf 90' lang='lat' dir='ltr'>restitutionem</span> <span class='ocrx_word' id='word_1_11' title='bbox 1303 466 1361 511; x_wconf 88' lang='lat' dir='ltr'>sen</span> <span class='ocrx_word' id='word_1_12' title='bbox 1388 445 1562 514; x_wconf 90' lang='lat' dir='ltr'>mulctam.</span> 
     </span>
     <span class='ocr_line' id='line_1_3' title="bbox 238 548 1567 641; baseline 0.006 -29"><span class='ocrx_word' id='word_1_13' title='bbox 238 552 312 617; x_wconf 84' lang='lat' dir='ltr'>Visa</span> <span class='ocrx_word' id='word_1_14' title='bbox 331 550 550 640; x_wconf 89' lang='lat' dir='ltr'>postmodum</span> <span class='ocrx_word' id='word_1_15' title='bbox 572 560 621 618; x_wconf 88' lang='lat' dir='ltr'>est</span> <span class='ocrx_word' id='word_1_16' title='bbox 644 549 764 616; x_wconf 88' lang='lat' dir='ltr'>similis</span> <span class='ocrx_word' id='word_1_17' title='bbox 787 550 842 617; x_wconf 83' lang='lat' dir='ltr'>lex</span> <span class='ocrx_word' id='word_1_18' title='bbox 862 550 1044 617; x_wconf 89' lang='lat' dir='ltr'>statuenda</span> <span class='ocrx_word' id='word_1_19' title='bbox 1068 549 1110 617; x_wconf 90' lang='lat' dir='ltr'>de</span> <span class='ocrx_word' id='word_1_20' title='bbox 1128 548 1333 640; x_wconf 89' lang='lat' dir='ltr'>quibusdam</span> <span class='ocrx_word' id='word_1_21' title='bbox 1354 550 1390 616; x_wconf 92' lang='lat' dir='ltr'>in</span> <span class='ocrx_word' id='word_1_22' title='bbox 1410 552 1567 641; x_wconf 83' lang='lat' dir='ltr'><strong>profanis</strong></span> 
     </span>
     <span class='ocr_line' id='line_1_4' title="bbox 235 656 1563 746; baseline 0.001 -23"><span class='ocrx_word' id='word_1_23' title='bbox 235 657 382 737; x_wconf 81' lang='lat' dir='ltr'>delictis3</span> <span class='ocrx_word' id='word_1_24' title='bbox 405 679 513 746; x_wconf 91' lang='lat' dir='ltr'>quare</span> <span class='ocrx_word' id='word_1_25' title='bbox 533 656 576 723; x_wconf 91' lang='lat' dir='ltr'>ad</span> <span class='ocrx_word' id='word_1_26' title='bbox 597 657 726 723; x_wconf 82' lang='lat' dir='ltr'>calcem</span> <span class='ocrx_word' id='word_1_27' title='bbox 746 656 1007 724; x_wconf 88' lang='lat' dir='ltr'>adscribebatur</span> <span class='ocrx_word' id='word_1_28' title='bbox 1027 663 1135 739; x_wconf 84' lang='grc'><strong>6,1-”1,</strong></span> <span class='ocrx_word' id='word_1_29' title='bbox 1155 656 1254 723; x_wconf 88' lang='lat' dir='ltr'>nulla</span> <span class='ocrx_word' id='word_1_30' title='bbox 1268 656 1387 723; x_wconf 87' lang='lat' dir='ltr'>addita</span> <span class='ocrx_word' id='word_1_31' title='bbox 1400 658 1563 725; x_wconf 80' lang='lat' dir='ltr'>clausula.</span> 
     </span>
    </p>
   </div>
   <div class='ocr_carea' id='block_1_3' title="bbox 236 847 1567 1255">
    <p class='ocr_par' dir='ltr' id='par_1_3' title="bbox 236 847 1567 1255">
     <span class='ocr_line' id='line_1_5' title="bbox 276 847 1567 911; baseline 0.001 -13"><span class='ocrx_word' id='word_1_32' title='bbox 276 849 415 908; x_wconf 81' lang='lat' dir='ltr'><strong>Quaeres,</strong></span> <span class='ocrx_word' id='word_1_33' title='bbox 433 860 482 897; x_wconf 89' lang='lat' dir='ltr'>cur</span> <span class='ocrx_word' id='word_1_34' title='bbox 505 848 625 897; x_wconf 82' lang='lat' dir='ltr'>victimis</span> <span class='ocrx_word' id='word_1_35' title='bbox 648 861 699 910; x_wconf 92' lang='grc'>666</span> <span class='ocrx_word' id='word_1_36' title='bbox 723 852 840 910; x_wconf 86' lang='lat' dir='ltr'>peccato</span> <span class='ocrx_word' id='word_1_37' title='bbox 863 853 892 897; x_wconf 91' lang='lat' dir='ltr'>et</span> <span class='ocrx_word' id='word_1_38' title='bbox 913 860 963 911; x_wconf 92' lang='grc'>666</span> <span class='ocrx_word' id='word_1_39' title='bbox 982 847 1084 899; x_wconf 86' lang='lat' dir='ltr'>delicto</span> <span class='ocrx_word' id='word_1_40' title='bbox 1106 860 1164 898; x_wconf 90' lang='lat' dir='ltr'>non</span> <span class='ocrx_word' id='word_1_41' title='bbox 1182 847 1266 897; x_wconf 85' lang='lat' dir='ltr'>tuerit</span> <span class='ocrx_word' id='word_1_42' title='bbox 1286 848 1428 910; x_wconf 75' lang='grc'><strong>6616661616</strong></span> <span class='ocrx_word' id='word_1_43' title='bbox 1445 847 1567 899; x_wconf 86' lang='grc'><strong>16666616</strong></span> 
     </span>
     <span class='ocr_line' id='line_1_6' title="bbox 238 934 1566 1000; baseline 0.001 -12"><span class='ocrx_word' id='word_1_44' title='bbox 238 957 250 988; x_wconf 74' lang='lat' dir='ltr'>r</span> <span class='ocrx_word' id='word_1_45' title='bbox 267 938 475 991; x_wconf 79' lang='lat' dir='ltr'>combustiones</span> <span class='ocrx_word' id='word_1_46' title='bbox 490 941 542 987; x_wconf 89' lang='lat' dir='ltr'>etc.</span> <span class='ocrx_word' id='word_1_47' title='bbox 559 953 582 995; x_wconf 85' lang='grc'>6,</span> <span class='ocrx_word' id='word_1_48' title='bbox 600 949 718 1000; x_wconf 81' lang='grc'><strong>6666666</strong></span> <span class='ocrx_word' id='word_1_49' title='bbox 733 940 842 986; x_wconf 87' lang='lat' dir='ltr'>tantum</span> <span class='ocrx_word' id='word_1_50' title='bbox 857 940 993 999; x_wconf 90' lang='lat' dir='ltr'>quantum</span> <span class='ocrx_word' id='word_1_51' title='bbox 1005 934 1185 999; x_wconf 82' lang='lat' dir='ltr'>pacificorum</span> <span class='ocrx_word' id='word_1_52' title='bbox 1200 938 1229 985; x_wconf 91' lang='lat' dir='ltr'>in</span> <span class='ocrx_word' id='word_1_53' title='bbox 1244 938 1325 987; x_wconf 88' lang='lat' dir='ltr'>altari</span> <span class='ocrx_word' id='word_1_54' title='bbox 1338 940 1523 997; x_wconf 86' lang='lat' dir='ltr'>cremaretur;</span> <span class='ocrx_word' id='word_1_55' title='bbox 1538 944 1566 989; x_wconf 88' lang='lat' dir='ltr'>et</span> 
     </span>
     <span class='ocr_line' id='line_1_7' title="bbox 236 1024 1566 1089; baseline -0.003 -10"><span class='ocrx_word' id='word_1_56' title='bbox 236 1029 270 1079; x_wconf 86' lang='lat' dir='ltr'>ci.</span> <span class='ocrx_word' id='word_1_57' title='bbox 287 1028 359 1087; x_wconf 65' lang='lat' dir='ltr'>htt.</span> <span class='ocrx_word' id='word_1_58' title='bbox 376 1026 519 1086; x_wconf 78' lang='lat' dir='ltr'>Fortasse,</span> <span class='ocrx_word' id='word_1_59' title='bbox 532 1027 580 1089; x_wconf 88' lang='lat' dir='ltr'>qui</span> <span class='ocrx_word' id='word_1_60' title='bbox 595 1026 646 1074; x_wconf 87' lang='lat' dir='ltr'>has</span> <span class='ocrx_word' id='word_1_61' title='bbox 664 1026 742 1087; x_wconf 84' lang='lat' dir='ltr'>leges</span> <span class='ocrx_word' id='word_1_62' title='bbox 756 1027 786 1074; x_wconf 89' lang='lat' dir='ltr'>in</span> <span class='ocrx_word' id='word_1_63' title='bbox 801 1039 888 1075; x_wconf 90' lang='lat' dir='ltr'>unum</span> <span class='ocrx_word' id='word_1_64' title='bbox 904 1025 1032 1089; x_wconf 87' lang='lat' dir='ltr'>collegit,</span> <span class='ocrx_word' id='word_1_65' title='bbox 1047 1039 1081 1075; x_wconf 89' lang='lat' dir='ltr'>ea</span> <span class='ocrx_word' id='word_1_66' title='bbox 1095 1024 1189 1075; x_wconf 78' lang='lat' dir='ltr'>traditi</span> <span class='ocrx_word' id='word_1_67' title='bbox 1204 1030 1298 1076; x_wconf 87' lang='lat' dir='ltr'>textus</span> <span class='ocrx_word' id='word_1_68' title='bbox 1312 1028 1470 1076; x_wconf 83' lang='lat' dir='ltr'>reverentia</span> <span class='ocrx_word' id='word_1_69' title='bbox 1487 1034 1566 1076; x_wconf 86' lang='lat' dir='ltr'>tene-</span> 
     </span>
     <span class='ocr_line' id='line_1_8' title="bbox 236 1112 1567 1177; baseline -0.002 -11"><span class='ocrx_word' id='word_1_70' title='bbox 236 1118 329 1176; x_wconf 88' lang='lat' dir='ltr'>batur,</span> <span class='ocrx_word' id='word_1_71' title='bbox 346 1117 378 1165; x_wconf 90' lang='lat' dir='ltr'>ut</span> <span class='ocrx_word' id='word_1_72' title='bbox 401 1126 458 1163; x_wconf 92' lang='lat' dir='ltr'>non</span> <span class='ocrx_word' id='word_1_73' title='bbox 479 1114 561 1177; x_wconf 83' lang='lat' dir='ltr'>plum</span> <span class='ocrx_word' id='word_1_74' title='bbox 582 1112 728 1175; x_wconf 87' lang='lat' dir='ltr'>adiiceret,</span> <span class='ocrx_word' id='word_1_75' title='bbox 748 1126 832 1177; x_wconf 86' lang='lat' dir='ltr'>quam</span> <span class='ocrx_word' id='word_1_76' title='bbox 853 1126 926 1177; x_wconf 87' lang='lat' dir='ltr'>quac</span> <span class='ocrx_word' id='word_1_77' title='bbox 950 1115 1101 1164; x_wconf 79' lang='lat' dir='ltr'>memoriae</span> <span class='ocrx_word' id='word_1_78' title='bbox 1125 1114 1302 1163; x_wconf 81' lang='lat' dir='ltr'>recitantium</span> <span class='ocrx_word' id='word_1_79' title='bbox 1326 1114 1463 1165; x_wconf 87' lang='lat' dir='ltr'>iuvandae</span> <span class='ocrx_word' id='word_1_80' title='bbox 1487 1114 1567 1164; x_wconf 82' lang='lat' dir='ltr'>suth-</span> 
     </span>
     <span class='ocr_line' id='line_1_9' title="bbox 240 1207 345 1255; baseline -0.029 0"><span class='ocrx_word' id='word_1_81' title='bbox 240 1207 345 1255; x_wconf 81' lang='lat' dir='ltr'>carent.</span> 
     </span>
    </p>
   </div>
   <div class='ocr_carea' id='block_1_4' title="bbox 238 1358 1578 3895">
    <p class='ocr_par' dir='ltr' id='par_1_4' title="bbox 238 1358 1578 3895">
     <span class='ocr_line' id='line_1_10' title="bbox 282 1358 1566 1449; baseline 0.002 -24"><span class='ocrx_word' id='word_1_82' title='bbox 282 1359 388 1427; x_wconf 76' lang='lat' dir='ltr'>Venio</span> <span class='ocrx_word' id='word_1_83' title='bbox 411 1358 551 1425; x_wconf 88' lang='lat' dir='ltr'>tandem</span> <span class='ocrx_word' id='word_1_84' title='bbox 575 1358 620 1425; x_wconf 91' lang='lat' dir='ltr'>ad</span> <span class='ocrx_word' id='word_1_85' title='bbox 640 1380 696 1441; x_wconf 92' lang='lat' dir='ltr'>ea,</span> <span class='ocrx_word' id='word_1_86' title='bbox 720 1381 808 1448; x_wconf 89' lang='lat' dir='ltr'>quae</span> <span class='ocrx_word' id='word_1_87' title='bbox 829 1358 932 1425; x_wconf 92' lang='lat' dir='ltr'>modo</span> <span class='ocrx_word' id='word_1_88' title='bbox 956 1359 1245 1433; x_wconf 81' lang='lat' dir='ltr'>transmittebam,</span> <span class='ocrx_word' id='word_1_89' title='bbox 1263 1359 1415 1449; x_wconf 72' lang='lat' dir='ltr'>procifico</span> <span class='ocrx_word' id='word_1_90' title='bbox 1437 1364 1512 1427; x_wconf 90' lang='lat' dir='ltr'>Lev.</span> <span class='ocrx_word' id='word_1_91' title='bbox 1535 1368 1566 1428; x_wconf 89' lang='lat'>3.</span> 
     </span>
     <span class='ocr_line' id='line_1_11' title="bbox 238 1464 1570 1555; baseline -0.002 -20"><span class='ocrx_word' id='word_1_92' title='bbox 238 1472 468 1535; x_wconf 83' lang='lat' dir='ltr'>Recensentur</span> <span class='ocrx_word' id='word_1_93' title='bbox 489 1488 529 1544; x_wconf 72' lang='lat' dir='ltr'>ex</span> <span class='ocrx_word' id='word_1_94' title='bbox 553 1464 673 1530; x_wconf 86' lang='lat' dir='ltr'>ordine</span> <span class='ocrx_word' id='word_1_95' title='bbox 697 1464 853 1531; x_wconf 88' lang='lat' dir='ltr'>victimae</span> <span class='ocrx_word' id='word_1_96' title='bbox 881 1488 890 1531; x_wconf 72' lang='grc' dir='ltr'><strong>ε</strong></span> <span class='ocrx_word' id='word_1_97' title='bbox 914 1466 992 1549; x_wconf 83' lang='grc'><strong>1666,</strong></span> <span class='ocrx_word' id='word_1_98' title='bbox 1021 1467 1110 1549; x_wconf 87' lang='lat' dir='ltr'>ovis,</span> <span class='ocrx_word' id='word_1_99' title='bbox 1139 1487 1259 1555; x_wconf 88' lang='lat' dir='ltr'>capra,</span> <span class='ocrx_word' id='word_1_100' title='bbox 1285 1466 1493 1532; x_wconf 81' lang='lat' dir='ltr'>adamussim</span> <span class='ocrx_word' id='word_1_101' title='bbox 1519 1466 1570 1532; x_wconf 89' lang='lat' dir='ltr'>uti</span> 
     </span>
     <span class='ocr_line' id='line_1_12' title="bbox 240 1571 1571 1661; baseline -0.002 -21"><span class='ocrx_word' id='word_1_102' title='bbox 240 1580 315 1641; x_wconf 80' lang='lat' dir='ltr'>hev.</span> <span class='ocrx_word' id='word_1_103' title='bbox 343 1579 358 1639; x_wconf 93' lang='lat'>1</span> <span class='ocrx_word' id='word_1_104' title='bbox 375 1590 447 1659; x_wconf 87' lang='lat' dir='ltr'>sq.;</span> <span class='ocrx_word' id='word_1_105' title='bbox 465 1572 611 1659; x_wconf 86' lang='grc'><strong>61636116</strong></span> <span class='ocrx_word' id='word_1_106' title='bbox 632 1572 862 1661; x_wconf 82' lang='lat' dir='ltr'>paragraphis</span> <span class='ocrx_word' id='word_1_107' title='bbox 886 1573 969 1638; x_wconf 89' lang='lat' dir='ltr'>item</span> <span class='ocrx_word' id='word_1_108' title='bbox 989 1571 1196 1639; x_wconf 78' lang='lat' dir='ltr'>adscribitur</span> <span class='ocrx_word' id='word_1_109' title='bbox 1213 1572 1362 1639; x_wconf 85' lang='lat' dir='ltr'>formula</span> <span class='ocrx_word' id='word_1_110' title='bbox 1381 1598 1396 1631; x_wconf 92' lang='lat'>«</span> <span class='ocrx_word' id='word_1_111' title='bbox 1414 1571 1571 1639; x_wconf 90' lang='lat' dir='ltr'>combus-</span> 
     </span>
     <span class='ocr_line' id='line_1_13' title="bbox 238 1677 1571 1766; baseline -0.002 -20"><span class='ocrx_word' id='word_1_112' title='bbox 238 1680 347 1746; x_wconf 90' lang='lat' dir='ltr'>tiones</span> <span class='ocrx_word' id='word_1_113' title='bbox 362 1682 425 1745; x_wconf 90' lang='lat' dir='ltr'>etc.</span> <span class='ocrx_word' id='word_1_114' title='bbox 443 1705 474 1745; x_wconf 82' lang='grc'>6.</span> <span class='ocrx_word' id='word_1_115' title='bbox 492 1680 545 1744; x_wconf 88' lang='grc'><strong>1111</strong></span> <span class='ocrx_word' id='word_1_116' title='bbox 560 1684 702 1757; x_wconf 69' lang='lat' dir='ltr'>att-13</span> <span class='ocrx_word' id='word_1_117' title='bbox 719 1678 853 1765; x_wconf 80' lang='lat' dir='ltr'>Moysis,</span> <span class='ocrx_word' id='word_1_118' title='bbox 870 1678 963 1766; x_wconf 92' lang='lat' dir='ltr'>quod</span> <span class='ocrx_word' id='word_1_119' title='bbox 978 1678 1200 1760; x_wconf 85' lang='lat' dir='ltr'>crediderim,</span> <span class='ocrx_word' id='word_1_120' title='bbox 1219 1700 1324 1745; x_wconf 89' lang='lat' dir='ltr'>mauu</span> <span class='ocrx_word' id='word_1_121' title='bbox 1345 1677 1571 1744; x_wconf 87' lang='lat' dir='ltr'>adscribeba-</span> 
     </span>
     <span class='ocr_line' id='line_1_14' title="bbox 238 1782 1571 1873; baseline -0.002 -20"><span class='ocrx_word' id='word_1_122' title='bbox 238 1792 296 1852; x_wconf 90' lang='lat' dir='ltr'>tur</span> <span class='ocrx_word' id='word_1_123' title='bbox 314 1784 483 1851; x_wconf 91' lang='lat' dir='ltr'>monitum</span> <span class='ocrx_word' id='word_1_124' title='bbox 506 1782 734 1850; x_wconf 87' lang='lat' dir='ltr'>deformante</span> <span class='ocrx_word' id='word_1_125' title='bbox 753 1790 831 1867; x_wconf 79' lang='lat' dir='ltr'>etc,</span> <span class='ocrx_word' id='word_1_126' title='bbox 857 1784 906 1851; x_wconf 90' lang='lat' dir='ltr'>ita</span> <span class='ocrx_word' id='word_1_127' title='bbox 930 1791 1008 1867; x_wconf 70' lang='lat' dir='ltr'>ato</span> <span class='ocrx_word' id='word_1_128' title='bbox 1029 1806 1080 1873; x_wconf 91' lang='lat' dir='ltr'>sq.</span> <span class='ocrx_word' id='word_1_129' title='bbox 1107 1782 1314 1851; x_wconf 81' lang='lat' dir='ltr'>adscribitur</span> <span class='ocrx_word' id='word_1_130' title='bbox 1338 1784 1506 1850; x_wconf 90' lang='lat' dir='ltr'>monitum</span> <span class='ocrx_word' id='word_1_131' title='bbox 1527 1785 1571 1851; x_wconf 89' lang='lat' dir='ltr'>dc</span> 
     </span>
     <span class='ocr_line' id='line_1_15' title="bbox 239 1890 1572 1982; baseline -0.002 -23"><span class='ocrx_word' id='word_1_132' title='bbox 239 1890 343 1982; x_wconf 88' lang='lat' dir='ltr'>adipe</span> <span class='ocrx_word' id='word_1_133' title='bbox 369 1897 402 1956; x_wconf 91' lang='lat' dir='ltr'>et</span> <span class='ocrx_word' id='word_1_134' title='bbox 430 1892 598 1977; x_wconf 86' lang='grc'><strong>66636166</strong></span> <span class='ocrx_word' id='word_1_135' title='bbox 630 1890 731 1957; x_wconf 90' lang='lat' dir='ltr'>lahve</span> <span class='ocrx_word' id='word_1_136' title='bbox 760 1891 977 1958; x_wconf 88' lang='lat' dir='ltr'>reservandis</span> <span class='ocrx_word' id='word_1_137' title='bbox 998 1890 1055 1979; x_wconf 90' lang='grc'><strong>(61.</strong></span> <span class='ocrx_word' id='word_1_138' title='bbox 1081 1896 1161 1958; x_wconf 88' lang='lat' dir='ltr'>Gen.</span> <span class='ocrx_word' id='word_1_139' title='bbox 1186 1891 1357 1957; x_wconf 91' lang='lat' dir='ltr'>monitum</span> <span class='ocrx_word' id='word_1_140' title='bbox 1376 1891 1461 1977; x_wconf 74' lang='lat' dir='ltr'>aa).</span> <span class='ocrx_word' id='word_1_141' title='bbox 1479 1892 1572 1968; x_wconf 80' lang='lat' dir='ltr'>Quod</span> 
     </span>
     <span class='ocr_line' id='line_1_16' title="bbox 240 1995 1574 2087; baseline -0.002 -21"><span class='ocrx_word' id='word_1_142' title='bbox 240 2019 376 2065; x_wconf 89' lang='lat' dir='ltr'>rursum</span> <span class='ocrx_word' id='word_1_143' title='bbox 392 2004 441 2063; x_wconf 88' lang='lat' dir='ltr'>est</span> <span class='ocrx_word' id='word_1_144' title='bbox 460 2020 477 2063; x_wconf 93' lang='grc'>6</span> <span class='ocrx_word' id='word_1_145' title='bbox 493 2018 637 2063; x_wconf 91' lang='lat' dir='ltr'>numero</span> <span class='ocrx_word' id='word_1_146' title='bbox 657 2018 792 2078; x_wconf 87' lang='lat' dir='ltr'>eorum,</span> <span class='ocrx_word' id='word_1_147' title='bbox 815 2020 904 2087; x_wconf 88' lang='lat' dir='ltr'>quae</span> <span class='ocrx_word' id='word_1_148' title='bbox 924 2004 1047 2084; x_wconf 79' lang='lat' dir='ltr'>Moyses</span> <span class='ocrx_word' id='word_1_149' title='bbox 1061 2020 1162 2087; x_wconf 89' lang='lat' dir='ltr'>saepe</span> <span class='ocrx_word' id='word_1_150' title='bbox 1177 1995 1338 2064; x_wconf 82' lang='lat' dir='ltr'>inculcat.</span> <span class='ocrx_word' id='word_1_151' title='bbox 1357 2002 1456 2077; x_wconf 85' lang='lat' dir='ltr'>Sane,</span> <span class='ocrx_word' id='word_1_152' title='bbox 1471 1997 1499 2063; x_wconf 91' lang='lat' dir='ltr'>si</span> <span class='ocrx_word' id='word_1_153' title='bbox 1514 1998 1574 2063; x_wconf 92' lang='lat' dir='ltr'>has</span> 
     </span>
     <span class='ocr_line' id='line_1_17' title="bbox 240 2102 1573 2193; baseline -0.002 -22"><span class='ocrx_word' id='word_1_154' title='bbox 240 2106 335 2191; x_wconf 85' lang='grc'><strong>16366</strong></span> <span class='ocrx_word' id='word_1_155' title='bbox 349 2110 475 2190; x_wconf 76' lang='lat' dir='ltr'>Moyses</span> <span class='ocrx_word' id='word_1_156' title='bbox 488 2125 559 2169; x_wconf 91' lang='lat' dir='ltr'>non</span> <span class='ocrx_word' id='word_1_157' title='bbox 577 2102 767 2192; x_wconf 89' lang='lat' dir='ltr'>antiquitus</span> <span class='ocrx_word' id='word_1_158' title='bbox 779 2103 922 2170; x_wconf 89' lang='lat' dir='ltr'>traditas</span> <span class='ocrx_word' id='word_1_159' title='bbox 941 2102 1150 2190; x_wconf 81' lang='lat' dir='ltr'>collegisset,</span> <span class='ocrx_word' id='word_1_160' title='bbox 1165 2102 1222 2170; x_wconf 89' lang='lat' dir='ltr'>sed</span> <span class='ocrx_word' id='word_1_161' title='bbox 1234 2103 1367 2191; x_wconf 90' lang='lat' dir='ltr'>primus</span> <span class='ocrx_word' id='word_1_162' title='bbox 1379 2105 1452 2193; x_wconf 89' lang='lat' dir='ltr'>ipse</span> <span class='ocrx_word' id='word_1_163' title='bbox 1467 2103 1573 2192; x_wconf 90' lang='lat' dir='ltr'>scrip-</span> 
     </span>
     <span class='ocr_line' id='line_1_18' title="bbox 242 2208 1573 2299; baseline -0.002 -21"><span class='ocrx_word' id='word_1_164' title='bbox 242 2211 347 2292; x_wconf 89' lang='lat' dir='ltr'>sisset,</span> <span class='ocrx_word' id='word_1_165' title='bbox 367 2231 514 2298; x_wconf 89' lang='lat' dir='ltr'>eaquae</span> <span class='ocrx_word' id='word_1_166' title='bbox 534 2208 599 2274; x_wconf 88' lang='lat' dir='ltr'>sibi</span> <span class='ocrx_word' id='word_1_167' title='bbox 617 2230 701 2298; x_wconf 90' lang='lat' dir='ltr'>prae</span> <span class='ocrx_word' id='word_1_168' title='bbox 722 2211 843 2276; x_wconf 89' lang='lat' dir='ltr'>ceteris</span> <span class='ocrx_word' id='word_1_169' title='bbox 865 2209 962 2276; x_wconf 88' lang='lat' dir='ltr'>cordi</span> <span class='ocrx_word' id='word_1_170' title='bbox 982 2216 1081 2276; x_wconf 89' lang='lat' dir='ltr'>erant</span> <span class='ocrx_word' id='word_1_171' title='bbox 1104 2210 1276 2298; x_wconf 69' lang='grc'><strong>(1,11-13;</strong></span> <span class='ocrx_word' id='word_1_172' title='bbox 1300 2214 1379 2291; x_wconf 86' lang='grc'><strong>3,16</strong></span> <span class='ocrx_word' id='word_1_173' title='bbox 1395 2209 1482 2299; x_wconf 85' lang='lat' dir='ltr'>sq.),</span> <span class='ocrx_word' id='word_1_174' title='bbox 1504 2232 1573 2275; x_wconf 92' lang='lat' dir='ltr'>non</span> 
     </span>
     <span class='ocr_line' id='line_1_19' title="bbox 244 2314 1570 2405; baseline -0.002 -22"><span class='ocrx_word' id='word_1_175' title='bbox 244 2324 373 2383; x_wconf 89' lang='lat' dir='ltr'>temere</span> <span class='ocrx_word' id='word_1_176' title='bbox 387 2314 496 2382; x_wconf 82' lang='lat' dir='ltr'>veluti</span> <span class='ocrx_word' id='word_1_177' title='bbox 511 2316 657 2381; x_wconf 91' lang='lat' dir='ltr'>orationi</span> <span class='ocrx_word' id='word_1_178' title='bbox 671 2316 845 2397; x_wconf 90' lang='lat' dir='ltr'>assuisset,</span> <span class='ocrx_word' id='word_1_179' title='bbox 865 2314 924 2382; x_wconf 88' lang='lat' dir='ltr'>sed</span> <span class='ocrx_word' id='word_1_180' title='bbox 940 2322 1047 2382; x_wconf 91' lang='lat' dir='ltr'>totam</span> <span class='ocrx_word' id='word_1_181' title='bbox 1059 2315 1250 2382; x_wconf 91' lang='lat' dir='ltr'>orationem</span> <span class='ocrx_word' id='word_1_182' title='bbox 1269 2316 1316 2382; x_wconf 90' lang='lat' dir='ltr'>ita</span> <span class='ocrx_word' id='word_1_183' title='bbox 1332 2316 1570 2405; x_wconf 87' lang='lat' dir='ltr'>disposuisset,</span> 
     </span>
     <span class='ocr_line' id='line_1_20' title="bbox 244 2420 1574 2511; baseline 0 -24"><span class='ocrx_word' id='word_1_184' title='bbox 244 2431 281 2487; x_wconf 89' lang='lat' dir='ltr'>ut</span> <span class='ocrx_word' id='word_1_185' title='bbox 296 2420 489 2511; x_wconf 90' lang='lat' dir='ltr'>principem</span> <span class='ocrx_word' id='word_1_186' title='bbox 508 2420 576 2486; x_wconf 93' lang='lat' dir='ltr'>illis</span> <span class='ocrx_word' id='word_1_187' title='bbox 591 2420 704 2487; x_wconf 89' lang='lat' dir='ltr'>locum</span> <span class='ocrx_word' id='word_1_188' title='bbox 718 2421 918 2506; x_wconf 85' lang='lat' dir='ltr'>assignaret.</span> <span class='ocrx_word' id='word_1_189' title='bbox 930 2461 975 2470; x_wconf 93' lang='lat'>—</span> <span class='ocrx_word' id='word_1_190' title='bbox 989 2426 1075 2488; x_wconf 82' lang='lat' dir='ltr'>Dum</span> <span class='ocrx_word' id='word_1_191' title='bbox 1087 2427 1201 2488; x_wconf 90' lang='lat' dir='ltr'>autem</span> <span class='ocrx_word' id='word_1_192' title='bbox 1217 2423 1252 2487; x_wconf 92' lang='lat' dir='ltr'>in</span> <span class='ocrx_word' id='word_1_193' title='bbox 1268 2420 1341 2488; x_wconf 91' lang='lat' dir='ltr'>aliis</span> <span class='ocrx_word' id='word_1_194' title='bbox 1364 2425 1441 2488; x_wconf 90' lang='lat' dir='ltr'>Lev.</span> <span class='ocrx_word' id='word_1_195' title='bbox 1460 2422 1574 2487; x_wconf 88' lang='grc'><strong>31661-</strong></span> 
     </span>
     <span class='ocr_line' id='line_1_21' title="bbox 245 2526 1575 2618; baseline 0.001 -25"><span class='ocrx_word' id='word_1_196' title='bbox 245 2534 337 2595; x_wconf 86' lang='grc'><strong>16166</strong></span> <span class='ocrx_word' id='word_1_197' title='bbox 350 2532 428 2594; x_wconf 83' lang='lat' dir='ltr'>Lev.</span> <span class='ocrx_word' id='word_1_198' title='bbox 443 2532 458 2590; x_wconf 91' lang='lat'>1</span> <span class='ocrx_word' id='word_1_199' title='bbox 472 2548 538 2615; x_wconf 91' lang='lat' dir='ltr'>sq.,</span> <span class='ocrx_word' id='word_1_200' title='bbox 560 2532 631 2593; x_wconf 91' lang='lat' dir='ltr'>tam</span> <span class='ocrx_word' id='word_1_201' title='bbox 657 2550 678 2593; x_wconf 90' lang='lat' dir='ltr'>a</span> <span class='ocrx_word' id='word_1_202' title='bbox 699 2526 982 2616; x_wconf 87' lang='lat' dir='ltr'>praecedentibus</span> <span class='ocrx_word' id='word_1_203' title='bbox 1003 2548 1106 2617; x_wconf 88' lang='lat' dir='ltr'>quam</span> <span class='ocrx_word' id='word_1_204' title='bbox 1126 2550 1146 2593; x_wconf 89' lang='lat' dir='ltr'>a</span> <span class='ocrx_word' id='word_1_205' title='bbox 1163 2527 1385 2617; x_wconf 84' lang='lat' dir='ltr'>sequentibus</span> <span class='ocrx_word' id='word_1_206' title='bbox 1404 2527 1575 2618; x_wconf 87' lang='lat' dir='ltr'>discrepat</span> 
     </span>
     <span class='ocr_line' id='line_1_22' title="bbox 243 2632 1576 2723; baseline -0.001 -23"><span class='ocrx_word' id='word_1_207' title='bbox 243 2656 298 2716; x_wconf 87' lang='lat' dir='ltr'>eo,</span> <span class='ocrx_word' id='word_1_208' title='bbox 316 2632 410 2723; x_wconf 92' lang='lat' dir='ltr'>quod</span> <span class='ocrx_word' id='word_1_209' title='bbox 432 2655 503 2700; x_wconf 92' lang='lat' dir='ltr'>non</span> <span class='ocrx_word' id='word_1_210' title='bbox 522 2632 675 2699; x_wconf 89' lang='lat' dir='ltr'>ordiatur</span> <span class='ocrx_word' id='word_1_211' title='bbox 693 2656 714 2699; x_wconf 91' lang='lat' dir='ltr'>a</span> <span class='ocrx_word' id='word_1_212' title='bbox 733 2634 874 2700; x_wconf 87' lang='lat' dir='ltr'>vocibus</span> <span class='ocrx_word' id='word_1_213' title='bbox 894 2650 922 2698; x_wconf 69' lang='lat'>³2</span> <span class='ocrx_word' id='word_1_214' title='bbox 939 2647 1004 2699; x_wconf 73' lang='lat' dir='ltr'>tutti</span> <span class='ocrx_word' id='word_1_215' title='bbox 1020 2634 1074 2699; x_wconf 91' lang='lat' dir='ltr'>vel</span> <span class='ocrx_word' id='word_1_216' title='bbox 1088 2632 1271 2714; x_wconf 90' lang='lat' dir='ltr'>similibus,</span> <span class='ocrx_word' id='word_1_217' title='bbox 1291 2656 1404 2723; x_wconf 90' lang='lat' dir='ltr'>neque</span> <span class='ocrx_word' id='word_1_218' title='bbox 1419 2633 1576 2723; x_wconf 87' lang='lat' dir='ltr'>adscrip-</span> 
     </span>
     <span class='ocr_line' id='line_1_23' title="bbox 245 2729 1573 2829; baseline -0.001 -23"><span class='ocrx_word' id='word_1_219' title='bbox 245 2746 315 2807; x_wconf 88' lang='lat' dir='ltr'>tam</span> <span class='ocrx_word' id='word_1_220' title='bbox 340 2739 467 2806; x_wconf 88' lang='lat' dir='ltr'>haheat</span> <span class='ocrx_word' id='word_1_221' title='bbox 484 2740 666 2807; x_wconf 85' lang='lat' dir='ltr'>formulam</span> <span class='ocrx_word' id='word_1_222' title='bbox 689 2754 746 2805; x_wconf 78' lang='lat' dir='ltr'>utu</span> <span class='ocrx_word' id='word_1_223' title='bbox 764 2729 891 2814; x_wconf 63' lang='lat' dir='ltr'>erata,</span> <span class='ocrx_word' id='word_1_224' title='bbox 916 2767 931 2800; x_wconf 85' lang='lat'>‹&lt;</span> <span class='ocrx_word' id='word_1_225' title='bbox 952 2745 1019 2806; x_wconf 89' lang='lat' dir='ltr'>Hoc</span> <span class='ocrx_word' id='word_1_226' title='bbox 1038 2746 1088 2805; x_wconf 90' lang='lat' dir='ltr'>est</span> <span class='ocrx_word' id='word_1_227' title='bbox 1114 2740 1317 2807; x_wconf 85' lang='lat' dir='ltr'>sacrificium</span> <span class='ocrx_word' id='word_1_228' title='bbox 1342 2740 1573 2829; x_wconf 83' lang='lat' dir='ltr'>pacificum».</span> 
     </span>
     <span class='ocr_line' id='line_1_24' title="bbox 247 2845 1574 2936; baseline -0.002 -23"><span class='ocrx_word' id='word_1_229' title='bbox 247 2846 335 2913; x_wconf 92' lang='lat' dir='ltr'>lllud</span> <span class='ocrx_word' id='word_1_230' title='bbox 353 2847 434 2913; x_wconf 89' lang='lat' dir='ltr'>inde</span> <span class='ocrx_word' id='word_1_231' title='bbox 458 2846 608 2928; x_wconf 74' lang='lat' dir='ltr'>fluxerit,</span> <span class='ocrx_word' id='word_1_232' title='bbox 636 2846 728 2936; x_wconf 90' lang='lat' dir='ltr'>quod</span> <span class='ocrx_word' id='word_1_233' title='bbox 748 2847 915 2929; x_wconf 87' lang='grc'><strong>66166611,</strong></span> <span class='ocrx_word' id='word_1_234' title='bbox 933 2847 992 2934; x_wconf 92' lang='lat' dir='ltr'>qui</span> <span class='ocrx_word' id='word_1_235' title='bbox 1020 2846 1080 2913; x_wconf 91' lang='lat' dir='ltr'>has</span> <span class='ocrx_word' id='word_1_236' title='bbox 1106 2845 1203 2933; x_wconf 91' lang='grc'><strong>16366</strong></span> <span class='ocrx_word' id='word_1_237' title='bbox 1231 2846 1431 2933; x_wconf 77' lang='lat' dir='ltr'>colligebat,</span> <span class='ocrx_word' id='word_1_238' title='bbox 1456 2868 1574 2915; x_wconf 86' lang='lat' dir='ltr'>aarum</span> 
     </span>
     <span class='ocr_line' id='line_1_25' title="bbox 246 2952 1575 3043; baseline -0.001 -23"><span class='ocrx_word' id='word_1_239' title='bbox 246 2953 501 3043; x_wconf 84' lang='lat' dir='ltr'>expressionum</span> <span class='ocrx_word' id='word_1_240' title='bbox 516 2974 698 3019; x_wconf 91' lang='lat' dir='ltr'>numerum</span> <span class='ocrx_word' id='word_1_241' title='bbox 720 2974 856 3020; x_wconf 89' lang='lat' dir='ltr'>sacrum</span> <span class='ocrx_word' id='word_1_242' title='bbox 877 2952 1085 3021; x_wconf 89' lang='lat' dir='ltr'>obscurare:</span> <span class='ocrx_word' id='word_1_243' title='bbox 1109 2957 1219 3018; x_wconf 89' lang='lat' dir='ltr'>essent</span> <span class='ocrx_word' id='word_1_244' title='bbox 1240 2954 1332 3019; x_wconf 90' lang='lat' dir='ltr'>enim</span> <span class='ocrx_word' id='word_1_245' title='bbox 1353 2954 1488 3037; x_wconf 86' lang='lat' dir='ltr'>decem,</span> <span class='ocrx_word' id='word_1_246' title='bbox 1507 2975 1575 3019; x_wconf 92' lang='grc'>666</span> 
     </span>
     <span class='ocr_line' id='line_1_26' title="bbox 247 3058 1576 3148; baseline -0.002 -21"><span class='ocrx_word' id='word_1_247' title='bbox 247 3082 370 3127; x_wconf 92' lang='lat' dir='ltr'>novem</span> <span class='ocrx_word' id='word_1_248' title='bbox 385 3080 545 3139; x_wconf 89' lang='lat' dir='ltr'>numero,</span> <span class='ocrx_word' id='word_1_249' title='bbox 562 3058 590 3124; x_wconf 93' lang='lat' dir='ltr'>si</span> <span class='ocrx_word' id='word_1_250' title='bbox 606 3065 659 3141; x_wconf 88' lang='lat'>3,1</span> <span class='ocrx_word' id='word_1_251' title='bbox 677 3080 718 3125; x_wconf 92' lang='lat' dir='ltr'>ea</span> <span class='ocrx_word' id='word_1_252' title='bbox 740 3059 910 3148; x_wconf 82' lang='lat' dir='ltr'>expressio</span> <span class='ocrx_word' id='word_1_253' title='bbox 926 3060 1111 3145; x_wconf 84' lang='lat' dir='ltr'>legeretur.</span> <span class='ocrx_word' id='word_1_254' title='bbox 1129 3058 1283 3125; x_wconf 82' lang='lat' dir='ltr'>Alterum</span> <span class='ocrx_word' id='word_1_255' title='bbox 1300 3059 1483 3127; x_wconf 88' lang='lat' dir='ltr'>discrimen</span> <span class='ocrx_word' id='word_1_256' title='bbox 1495 3058 1576 3125; x_wconf 89' lang='lat' dir='ltr'>inde</span> 
     </span>
     <span class='ocr_line' id='line_1_27' title="bbox 251 3165 1573 3256; baseline -0.002 -23"><span class='ocrx_word' id='word_1_257' title='bbox 251 3168 397 3256; x_wconf 86' lang='lat' dir='ltr'>explico,</span> <span class='ocrx_word' id='word_1_258' title='bbox 426 3168 540 3252; x_wconf 88' lang='grc'><strong>163666</strong></span> <span class='ocrx_word' id='word_1_259' title='bbox 563 3170 640 3231; x_wconf 85' lang='lat' dir='ltr'>Lev.</span> <span class='ocrx_word' id='word_1_260' title='bbox 672 3172 691 3231; x_wconf 88' lang='grc'><strong>3</strong></span> <span class='ocrx_word' id='word_1_261' title='bbox 722 3166 874 3253; x_wconf 91' lang='lat' dir='ltr'>primum</span> <span class='ocrx_word' id='word_1_262' title='bbox 899 3165 1064 3231; x_wconf 86' lang='lat' dir='ltr'>exstitisse</span> <span class='ocrx_word' id='word_1_263' title='bbox 1088 3188 1109 3231; x_wconf 91' lang='lat' dir='ltr'>a</span> <span class='ocrx_word' id='word_1_264' title='bbox 1133 3169 1209 3232; x_wconf 84' lang='lat' dir='ltr'>bev.</span> <span class='ocrx_word' id='word_1_265' title='bbox 1237 3172 1253 3231; x_wconf 90' lang='lat'>1</span> <span class='ocrx_word' id='word_1_266' title='bbox 1281 3188 1332 3254; x_wconf 91' lang='lat' dir='ltr'>sq.</span> <span class='ocrx_word' id='word_1_267' title='bbox 1365 3170 1573 3256; x_wconf 87' lang='lat' dir='ltr'>separatam,</span> 
     </span>
     <span class='ocr_line' id='line_1_28' title="bbox 251 3271 1578 3360; baseline -0.001 -22"><span class='ocrx_word' id='word_1_268' title='bbox 251 3294 357 3360; x_wconf 87' lang='lat' dir='ltr'>eaque</span> <span class='ocrx_word' id='word_1_269' title='bbox 377 3277 451 3338; x_wconf 92' lang='lat' dir='ltr'>tum</span> <span class='ocrx_word' id='word_1_270' title='bbox 475 3272 627 3339; x_wconf 90' lang='lat' dir='ltr'>clausula</span> <span class='ocrx_word' id='word_1_271' title='bbox 652 3272 811 3339; x_wconf 90' lang='lat' dir='ltr'>caruisse.</span> <span class='ocrx_word' id='word_1_272' title='bbox 838 3277 943 3348; x_wconf 79' lang='lat' dir='ltr'>Quam</span> <span class='ocrx_word' id='word_1_273' title='bbox 967 3271 1012 3349; x_wconf 93' lang='lat' dir='ltr'>is,</span> <span class='ocrx_word' id='word_1_274' title='bbox 1035 3271 1095 3360; x_wconf 90' lang='lat' dir='ltr'>qui</span> <span class='ocrx_word' id='word_1_275' title='bbox 1114 3271 1175 3337; x_wconf 91' lang='lat' dir='ltr'>has</span> <span class='ocrx_word' id='word_1_276' title='bbox 1194 3272 1287 3359; x_wconf 90' lang='grc'><strong>16366</strong></span> <span class='ocrx_word' id='word_1_277' title='bbox 1305 3272 1464 3338; x_wconf 91' lang='lat' dir='ltr'>inunum</span> <span class='ocrx_word' id='word_1_278' title='bbox 1488 3292 1578 3338; x_wconf 86' lang='lat' dir='ltr'>eom-</span> 
     </span>
     <span class='ocr_line' id='line_1_29' title="bbox 252 3376 1576 3468; baseline -0.002 -24"><span class='ocrx_word' id='word_1_279' title='bbox 252 3378 364 3468; x_wconf 89' lang='grc'><strong>66311,</strong></span> <span class='ocrx_word' id='word_1_280' title='bbox 382 3378 572 3445; x_wconf 84' lang='lat' dir='ltr'>reverentia</span> <span class='ocrx_word' id='word_1_281' title='bbox 594 3384 704 3443; x_wconf 83' lang='lat' dir='ltr'>textus</span> <span class='ocrx_word' id='word_1_282' title='bbox 718 3376 836 3445; x_wconf 88' lang='lat' dir='ltr'>traditi</span> <span class='ocrx_word' id='word_1_283' title='bbox 854 3400 924 3445; x_wconf 90' lang='lat' dir='ltr'>non</span> <span class='ocrx_word' id='word_1_284' title='bbox 952 3376 1143 3465; x_wconf 89' lang='lat' dir='ltr'>adscripsit.</span> <span class='ocrx_word' id='word_1_285' title='bbox 1167 3380 1234 3444; x_wconf 87' lang='lat' dir='ltr'>Cur</span> <span class='ocrx_word' id='word_1_286' title='bbox 1252 3400 1333 3444; x_wconf 91' lang='lat' dir='ltr'>vero</span> <span class='ocrx_word' id='word_1_287' title='bbox 1356 3377 1448 3445; x_wconf 91' lang='lat' dir='ltr'>idem</span> <span class='ocrx_word' id='word_1_288' title='bbox 1463 3378 1576 3466; x_wconf 89' lang='grc'><strong>163666</strong></span> 
     </span>
     <span class='ocr_line' id='line_1_30' title="bbox 249 3482 1578 3573; baseline -0.002 -22"><span class='ocrx_word' id='word_1_289' title='bbox 249 3490 327 3551; x_wconf 87' lang='lat' dir='ltr'>Lev.</span> <span class='ocrx_word' id='word_1_290' title='bbox 350 3491 368 3549; x_wconf 88' lang='grc'><strong>3</strong></span> <span class='ocrx_word' id='word_1_291' title='bbox 393 3484 536 3551; x_wconf 87' lang='lat' dir='ltr'>inseruit</span> <span class='ocrx_word' id='word_1_292' title='bbox 556 3487 651 3565; x_wconf 88' lang='lat' dir='ltr'>ante,</span> <span class='ocrx_word' id='word_1_293' title='bbox 675 3506 744 3550; x_wconf 91' lang='lat' dir='ltr'>non</span> <span class='ocrx_word' id='word_1_294' title='bbox 763 3490 839 3572; x_wconf 91' lang='lat' dir='ltr'>post</span> <span class='ocrx_word' id='word_1_295' title='bbox 857 3484 952 3570; x_wconf 86' lang='grc'><strong>16366</strong></span> <span class='ocrx_word' id='word_1_296' title='bbox 973 3484 1015 3550; x_wconf 86' lang='lat' dir='ltr'>de</span> <span class='ocrx_word' id='word_1_297' title='bbox 1037 3482 1212 3550; x_wconf 86' lang='lat' dir='ltr'>sacrificiis</span> <span class='ocrx_word' id='word_1_298' title='bbox 1231 3506 1293 3573; x_wconf 90' lang='lat' dir='ltr'>pro</span> <span class='ocrx_word' id='word_1_299' title='bbox 1313 3490 1451 3573; x_wconf 89' lang='lat' dir='ltr'>peccato</span> <span class='ocrx_word' id='word_1_300' title='bbox 1467 3490 1578 3573; x_wconf 85' lang='grc'><strong>61666</strong></span> 
     </span>
     <span class='ocr_line' id='line_1_31' title="bbox 250 3589 1578 3679; baseline -0.002 -21"><span class='ocrx_word' id='word_1_301' title='bbox 250 3590 398 3658; x_wconf 77' lang='lat' dir='ltr'>delicto?</span> <span class='ocrx_word' id='word_1_302' title='bbox 412 3594 559 3656; x_wconf 87' lang='lat' dir='ltr'>Fortasse</span> <span class='ocrx_word' id='word_1_303' title='bbox 579 3589 687 3679; x_wconf 90' lang='lat' dir='ltr'>quod,</span> <span class='ocrx_word' id='word_1_304' title='bbox 715 3590 862 3679; x_wconf 80' lang='lat' dir='ltr'>exceptis</span> <span class='ocrx_word' id='word_1_305' title='bbox 879 3589 1014 3655; x_wconf 86' lang='lat' dir='ltr'>duobus</span> <span class='ocrx_word' id='word_1_306' title='bbox 1031 3612 1119 3677; x_wconf 90' lang='lat' dir='ltr'>quae</span> <span class='ocrx_word' id='word_1_307' title='bbox 1138 3611 1243 3679; x_wconf 91' lang='lat' dir='ltr'>supra</span> <span class='ocrx_word' id='word_1_308' title='bbox 1263 3590 1486 3672; x_wconf 90' lang='lat' dir='ltr'>notabamus,</span> <span class='ocrx_word' id='word_1_309' title='bbox 1506 3591 1578 3656; x_wconf 86' lang='lat' dir='ltr'>eins</span> 
     </span>
     <span class='ocr_line' id='line_1_32' title="bbox 251 3696 1577 3784; baseline 0 -21"><span class='ocrx_word' id='word_1_310' title='bbox 251 3698 337 3784; x_wconf 77' lang='lat' dir='ltr'>legis</span> <span class='ocrx_word' id='word_1_311' title='bbox 356 3701 526 3763; x_wconf 85' lang='lat' dir='ltr'>structura</span> <span class='ocrx_word' id='word_1_312' title='bbox 556 3696 762 3763; x_wconf 87' lang='lat' dir='ltr'>adamussim</span> <span class='ocrx_word' id='word_1_313' title='bbox 781 3696 978 3762; x_wconf 88' lang='lat' dir='ltr'>imitaretur</span> <span class='ocrx_word' id='word_1_314' title='bbox 998 3701 1205 3762; x_wconf 89' lang='lat' dir='ltr'>structuram</span> <span class='ocrx_word' id='word_1_315' title='bbox 1225 3696 1342 3783; x_wconf 84' lang='lat' dir='ltr'>legum</span> <span class='ocrx_word' id='word_1_316' title='bbox 1366 3701 1441 3763; x_wconf 84' lang='lat' dir='ltr'>Ler.</span> <span class='ocrx_word' id='word_1_317' title='bbox 1465 3703 1480 3761; x_wconf 90' lang='lat'>1</span> <span class='ocrx_word' id='word_1_318' title='bbox 1511 3718 1577 3784; x_wconf 78' lang='lat' dir='ltr'>sq..</span> 
     </span>
     <span class='ocr_line' id='line_1_33' title="bbox 250 3801 1000 3895; baseline -0.005 -24"><span class='ocrx_word' id='word_1_319' title='bbox 250 3826 353 3895; x_wconf 89' lang='lat' dir='ltr'>quam</span> <span class='ocrx_word' id='word_1_320' title='bbox 368 3802 499 3871; x_wconf 90' lang='lat' dir='ltr'>nonita</span> <span class='ocrx_word' id='word_1_321' title='bbox 515 3802 733 3869; x_wconf 90' lang='lat' dir='ltr'>imitarentur</span> <span class='ocrx_word' id='word_1_322' title='bbox 750 3801 845 3889; x_wconf 81' lang='lat' dir='ltr'>leges</span> <span class='ocrx_word' id='word_1_323' title='bbox 858 3808 1000 3883; x_wconf 82' lang='lat' dir='ltr'>t,t-o,r.</span> 
     </span>
    </p>
   </div>
   <div class='ocr_carea' id='block_1_5' title="bbox 252 3983 1583 4788">
    <p class='ocr_par' dir='ltr' id='par_1_5' title="bbox 252 3983 1583 4788">
     <span class='ocr_line' id='line_1_34' title="bbox 291 3983 1581 4105; baseline -0.002 -19"><span class='ocrx_word' id='word_1_324' title='bbox 291 4030 374 4105; x_wconf 84' lang='lat' dir='ltr'>Ergo</span> <span class='ocrx_word' id='word_1_325' title='bbox 394 4027 618 4087; x_wconf 90' lang='lat' dir='ltr'>documentum</span> <span class='ocrx_word' id='word_1_326' title='bbox 633 3983 706 4085; x_wconf 80' lang='lat' dir='ltr'>Lei.</span> <span class='ocrx_word' id='word_1_327' title='bbox 723 4026 828 4099; x_wconf 86' lang='lat' dir='ltr'>1,1-a‚</span> <span class='ocrx_word' id='word_1_328' title='bbox 846 4028 862 4081; x_wconf 78' lang='lat' dir='ltr'>i</span> <span class='ocrx_word' id='word_1_329' title='bbox 876 4024 926 4084; x_wconf 91' lang='lat' dir='ltr'>his</span> <span class='ocrx_word' id='word_1_330' title='bbox 942 4026 1005 4085; x_wconf 90' lang='lat' dir='ltr'>iore</span> <span class='ocrx_word' id='word_1_331' title='bbox 1020 4024 1170 4085; x_wconf 88' lang='lat' dir='ltr'>coniiciat</span> <span class='ocrx_word' id='word_1_332' title='bbox 1189 4024 1261 4102; x_wconf 90' lang='lat' dir='ltr'>quis</span> <span class='ocrx_word' id='word_1_333' title='bbox 1280 4024 1488 4085; x_wconf 86' lang='lat' dir='ltr'>incrementis</span> <span class='ocrx_word' id='word_1_334' title='bbox 1508 4041 1581 4101; x_wconf 85' lang='lat' dir='ltr'>gra-</span> 
     </span>
     <span class='ocr_line' id='line_1_35' title="bbox 253 4120 1580 4199; baseline -0.003 -16"><span class='ocrx_word' id='word_1_335' title='bbox 253 4124 352 4183; x_wconf 89' lang='lat' dir='ltr'>datim</span> <span class='ocrx_word' id='word_1_336' title='bbox 367 4142 434 4184; x_wconf 90' lang='lat' dir='ltr'>esse</span> <span class='ocrx_word' id='word_1_337' title='bbox 448 4128 587 4184; x_wconf 90' lang='lat' dir='ltr'>auctum.</span> <span class='ocrx_word' id='word_1_338' title='bbox 604 4124 799 4182; x_wconf 88' lang='lat' dir='ltr'>Concrevere</span> <span class='ocrx_word' id='word_1_339' title='bbox 815 4122 957 4199; x_wconf 92' lang='lat' dir='ltr'>primum</span> <span class='ocrx_word' id='word_1_340' title='bbox 973 4123 1022 4183; x_wconf 81' lang='grc'>166</span> <span class='ocrx_word' id='word_1_341' title='bbox 1038 4124 1075 4183; x_wconf 90' lang='lat' dir='ltr'>de</span> <span class='ocrx_word' id='word_1_342' title='bbox 1093 4121 1290 4183; x_wconf 86' lang='lat' dir='ltr'>holocaustis</span> <span class='ocrx_word' id='word_1_343' title='bbox 1306 4124 1378 4187; x_wconf 88' lang='lat' dir='ltr'>Lev.</span> <span class='ocrx_word' id='word_1_344' title='bbox 1398 4124 1413 4181; x_wconf 90' lang='grc'>1</span> <span class='ocrx_word' id='word_1_345' title='bbox 1430 4120 1525 4181; x_wconf 82' lang='grc'><strong>61166</strong></span> <span class='ocrx_word' id='word_1_346' title='bbox 1541 4120 1580 4181; x_wconf 90' lang='lat' dir='ltr'>de</span> 
     </span>
     <span class='ocr_line' id='line_1_36' title="bbox 252 4218 1582 4297; baseline -0.002 -17"><span class='ocrx_word' id='word_1_347' title='bbox 252 4221 389 4281; x_wconf 87' lang='lat' dir='ltr'>minchis</span> <span class='ocrx_word' id='word_1_348' title='bbox 410 4220 536 4282; x_wconf 80' lang='lat' dir='ltr'>breuior</span> <span class='ocrx_word' id='word_1_349' title='bbox 553 4222 674 4291; x_wconf 59' lang='grc'><strong>1110.</strong></span> <span class='ocrx_word' id='word_1_350' title='bbox 688 4218 808 4290; x_wconf 84' lang='lat' dir='ltr'>Quibus</span> <span class='ocrx_word' id='word_1_351' title='bbox 830 4218 1025 4297; x_wconf 90' lang='lat' dir='ltr'>adscriptum</span> <span class='ocrx_word' id='word_1_352' title='bbox 1047 4222 1077 4291; x_wconf 74' lang='lat'>2,</span> <span class='ocrx_word' id='word_1_353' title='bbox 1095 4222 1184 4279; x_wconf 87' lang='grc'><strong>11-13</strong></span> <span class='ocrx_word' id='word_1_354' title='bbox 1206 4219 1356 4279; x_wconf 81' lang='lat' dir='ltr'>fermenti</span> <span class='ocrx_word' id='word_1_355' title='bbox 1378 4220 1526 4291; x_wconf 84' lang='lat' dir='ltr'>vetitum,</span> <span class='ocrx_word' id='word_1_356' title='bbox 1546 4236 1582 4278; x_wconf 93' lang='grc'>66</span> 
     </span>
     <span class='ocr_line' id='line_1_37' title="bbox 253 4316 1582 4394; baseline -0.003 -16"><span class='ocrx_word' id='word_1_357' title='bbox 253 4328 381 4379; x_wconf 83' lang='grc'><strong>6666616</strong></span> <span class='ocrx_word' id='word_1_358' title='bbox 404 4337 433 4377; x_wconf 85' lang='lat' dir='ltr'>v.</span> <span class='ocrx_word' id='word_1_359' title='bbox 462 4320 567 4378; x_wconf 80' lang='grc'><strong>11-16</strong></span> <span class='ocrx_word' id='word_1_360' title='bbox 595 4317 714 4377; x_wconf 87' lang='grc'><strong>61616116</strong></span> <span class='ocrx_word' id='word_1_361' title='bbox 735 4318 913 4394; x_wconf 88' lang='lat' dir='ltr'>primarum</span> <span class='ocrx_word' id='word_1_362' title='bbox 929 4316 1055 4394; x_wconf 78' lang='lat' dir='ltr'>frugum</span> <span class='ocrx_word' id='word_1_363' title='bbox 1076 4321 1239 4393; x_wconf 90' lang='lat' dir='ltr'>tamquam</span> <span class='ocrx_word' id='word_1_364' title='bbox 1260 4317 1353 4377; x_wconf 89' lang='lat' dir='ltr'>tertia</span> <span class='ocrx_word' id='word_1_365' title='bbox 1379 4316 1582 4377; x_wconf 90' lang='lat' dir='ltr'>mincharum</span> 
     </span>
     <span class='ocr_line' id='line_1_38' title="bbox 253 4414 1583 4495; baseline -0.004 -18"><span class='ocrx_word' id='word_1_366' title='bbox 253 4415 386 4495; x_wconf 91' lang='lat' dir='ltr'>species.</span> <span class='ocrx_word' id='word_1_367' title='bbox 405 4416 475 4477; x_wconf 84' lang='lat' dir='ltr'>&#39;loti</span> <span class='ocrx_word' id='word_1_368' title='bbox 492 4416 568 4475; x_wconf 90' lang='lat' dir='ltr'>huic</span> <span class='ocrx_word' id='word_1_369' title='bbox 587 4415 626 4475; x_wconf 90' lang='lat' dir='ltr'>de</span> <span class='ocrx_word' id='word_1_370' title='bbox 641 4414 836 4475; x_wconf 88' lang='lat' dir='ltr'>holocaustis</span> <span class='ocrx_word' id='word_1_371' title='bbox 856 4419 888 4474; x_wconf 92' lang='lat' dir='ltr'>et</span> <span class='ocrx_word' id='word_1_372' title='bbox 902 4414 1039 4475; x_wconf 91' lang='lat' dir='ltr'>minchis</span> <span class='ocrx_word' id='word_1_373' title='bbox 1055 4415 1201 4475; x_wconf 86' lang='lat' dir='ltr'>tractatui</span> <span class='ocrx_word' id='word_1_374' title='bbox 1217 4414 1325 4474; x_wconf 87' lang='lat' dir='ltr'>addita</span> <span class='ocrx_word' id='word_1_375' title='bbox 1344 4432 1439 4492; x_wconf 90' lang='lat' dir='ltr'>porro</span> <span class='ocrx_word' id='word_1_376' title='bbox 1464 4418 1511 4474; x_wconf 91' lang='lat' dir='ltr'>est</span> <span class='ocrx_word' id='word_1_377' title='bbox 1532 4414 1583 4472; x_wconf 80' lang='lat' dir='ltr'>lex</span> 
     </span>
     <span class='ocr_line' id='line_1_39' title="bbox 254 4512 1581 4594; baseline -0.003 -21"><span class='ocrx_word' id='word_1_378' title='bbox 254 4515 293 4575; x_wconf 94' lang='lat' dir='ltr'>de</span> <span class='ocrx_word' id='word_1_379' title='bbox 313 4513 452 4594; x_wconf 88' lang='lat' dir='ltr'>pacificis</span> <span class='ocrx_word' id='word_1_380' title='bbox 468 4516 540 4573; x_wconf 81' lang='lat' dir='ltr'>hev.</span> <span class='ocrx_word' id='word_1_381' title='bbox 558 4514 588 4583; x_wconf 91' lang='lat'>3,</span> <span class='ocrx_word' id='word_1_382' title='bbox 606 4513 668 4572; x_wconf 88' lang='lat' dir='ltr'>iarn</span> <span class='ocrx_word' id='word_1_383' title='bbox 684 4516 776 4572; x_wconf 90' lang='lat' dir='ltr'>antea</span> <span class='ocrx_word' id='word_1_384' title='bbox 792 4512 946 4573; x_wconf 78' lang='lat' dir='ltr'>exsistens</span> <span class='ocrx_word' id='word_1_385' title='bbox 967 4512 1096 4590; x_wconf 87' lang='lat' dir='ltr'>iamque</span> <span class='ocrx_word' id='word_1_386' title='bbox 1118 4512 1271 4572; x_wconf 83' lang='lat' dir='ltr'>adnexam</span> <span class='ocrx_word' id='word_1_387' title='bbox 1294 4512 1413 4571; x_wconf 87' lang='lat' dir='ltr'>habeus</span> <span class='ocrx_word' id='word_1_388' title='bbox 1432 4528 1460 4569; x_wconf 86' lang='grc'>6.</span> <span class='ocrx_word' id='word_1_389' title='bbox 1482 4513 1517 4570; x_wconf 89' lang='grc'>16</span> <span class='ocrx_word' id='word_1_390' title='bbox 1533 4528 1581 4588; x_wconf 85' lang='lat' dir='ltr'>sq.</span> 
     </span>
     <span class='ocr_line' id='line_1_40' title="bbox 254 4608 1583 4689; baseline -0.004 -17"><span class='ocrx_word' id='word_1_391' title='bbox 254 4612 358 4689; x_wconf 87' lang='lat' dir='ltr'>adipis</span> <span class='ocrx_word' id='word_1_392' title='bbox 391 4616 423 4672; x_wconf 92' lang='grc'>61</span> <span class='ocrx_word' id='word_1_393' title='bbox 450 4610 616 4689; x_wconf 84' lang='lat' dir='ltr'>sanguinis</span> <span class='ocrx_word' id='word_1_394' title='bbox 643 4610 680 4670; x_wconf 92' lang='lat' dir='ltr'>ad</span> <span class='ocrx_word' id='word_1_395' title='bbox 710 4608 860 4687; x_wconf 89' lang='grc'><strong>66616666</strong></span> <span class='ocrx_word' id='word_1_396' title='bbox 888 4627 963 4670; x_wconf 88' lang='grc'><strong>6666</strong></span> <span class='ocrx_word' id='word_1_397' title='bbox 991 4609 1251 4687; x_wconf 87' lang='grc'><strong>6661611611166666.</strong></span> <span class='ocrx_word' id='word_1_398' title='bbox 1279 4642 1317 4652; x_wconf 94' lang='grc'>-</span> <span class='ocrx_word' id='word_1_399' title='bbox 1342 4610 1471 4669; x_wconf 88' lang='lat' dir='ltr'>Interim</span> <span class='ocrx_word' id='word_1_400' title='bbox 1496 4626 1583 4669; x_wconf 88' lang='lat' dir='ltr'>seor-</span> 
     </span>
     <span class='ocr_line' id='line_1_41' title="bbox 257 4706 1580 4788; baseline -0.004 -18"><span class='ocrx_word' id='word_1_401' title='bbox 257 4710 318 4770; x_wconf 91' lang='lat' dir='ltr'>sim</span> <span class='ocrx_word' id='word_1_402' title='bbox 336 4710 534 4770; x_wconf 86' lang='lat' dir='ltr'>habebantur</span> <span class='ocrx_word' id='word_1_403' title='bbox 548 4710 634 4788; x_wconf 84' lang='lat' dir='ltr'>leges</span> <span class='ocrx_word' id='word_1_404' title='bbox 655 4706 811 4785; x_wconf 89' lang='lat' dir='ltr'>quaedam</span> <span class='ocrx_word' id='word_1_405' title='bbox 839 4708 877 4766; x_wconf 94' lang='lat' dir='ltr'>de</span> <span class='ocrx_word' id='word_1_406' title='bbox 902 4706 1064 4766; x_wconf 86' lang='lat' dir='ltr'>sacrificiis</span> <span class='ocrx_word' id='word_1_407' title='bbox 1090 4724 1147 4785; x_wconf 92' lang='grc'>666</span> <span class='ocrx_word' id='word_1_408' title='bbox 1171 4712 1298 4783; x_wconf 85' lang='lat' dir='ltr'>peccato</span> <span class='ocrx_word' id='word_1_409' title='bbox 1320 4710 1351 4767; x_wconf 90' lang='lat' dir='ltr'>et</span> <span class='ocrx_word' id='word_1_410' title='bbox 1377 4722 1435 4784; x_wconf 92' lang='lat' dir='ltr'>pro</span> <span class='ocrx_word' id='word_1_411' title='bbox 1451 4706 1580 4767; x_wconf 89' lang='lat' dir='ltr'>delicta.</span> 
     </span>
    </p>
   </div>
   <div class='ocr_carea' id='block_1_6' title="bbox 0 0 1795 5380">
    <p class='ocr_par' dir='ltr' id='par_1_6' title="bbox 0 0 1795 5380">
     <span class='ocr_line' id='line_1_42' title="bbox 0 0 1795 5380; baseline 0 0"><span class='ocrx_word' id='word_1_412' title='bbox 0 0 1795 5380; x_wconf 95' lang='lat' dir='ltr'> </span> 
     </span>
    </p>
   </div>
  </div>
 </body>
</html>
