<?xml version="1.0" encoding="UTF-8"?>
<!DOCTYPE html PUBLIC "-//W3C//DTD XHTML 1.0 Transitional//EN"
    "http://www.w3.org/TR/xhtml1/DTD/xhtml1-transitional.dtd">
<html xmlns="http://www.w3.org/1999/xhtml" xml:lang="en" lang="en">
 <head>
  <title>
</title>
<meta http-equiv="Content-Type" content="text/html;charset=utf-8" />
  <meta name='ocr-system' content='tesseract 3.04.00' />
  <meta name='ocr-capabilities' content='ocr_page ocr_carea ocr_par ocr_line ocrx_word'/>
</head>
<body>
  <div class='ocr_page' id='page_1' title='image "./commentariusine00hummgoog_0178.png"; bbox 0 0 3534 5384; ppageno 0'>
   <div class='ocr_carea' id='block_1_1' title="bbox 1488 381 3047 455">
    <p class='ocr_par' dir='ltr' id='par_1_1' title="bbox 1488 381 3047 455">
     <span class='ocr_line' id='line_1_1' title="bbox 1488 381 3047 455; baseline 0.001 -13"><span class='ocrx_word' id='word_1_1' title='bbox 1488 399 1586 442; x_wconf 74' lang='lat' dir='ltr'><strong>Ex.</strong></span> <span class='ocrx_word' id='word_1_2' title='bbox 1635 381 1774 455; x_wconf 84' lang='lat'>16‚1</span> <span class='ocrx_word' id='word_1_3' title='bbox 1823 399 1953 450; x_wconf 86' lang='lat' dir='ltr'><strong>soo.</strong></span> <span class='ocrx_word' id='word_1_4' title='bbox 2937 388 3047 446; x_wconf 87' lang='lat'><strong>167</strong></span> 
     </span>
    </p>
   </div>
   <div class='ocr_carea' id='block_1_2' title="bbox 385 532 3040 1131">
    <p class='ocr_par' dir='ltr' id='par_1_2' title="bbox 385 532 3040 1131">
     <span class='ocr_line' id='line_1_2' title="bbox 386 532 3040 603; baseline 0.002 -20"><span class='ocrx_word' id='word_1_5' title='bbox 386 533 555 583; x_wconf 84' lang='lat' dir='ltr'><strong>aliam</strong></span> <span class='ocrx_word' id='word_1_6' title='bbox 585 532 731 582; x_wconf 85' lang='lat' dir='ltr'><strong>inter</strong></span> <span class='ocrx_word' id='word_1_7' title='bbox 768 532 916 583; x_wconf 87' lang='lat' dir='ltr'><strong>hanc</strong></span> <span class='ocrx_word' id='word_1_8' title='bbox 942 534 1247 585; x_wconf 83' lang='lat' dir='ltr'><strong>stationem</strong></span> <span class='ocrx_word' id='word_1_9' title='bbox 1273 538 1329 585; x_wconf 84' lang='lat' dir='ltr'><strong>et</strong></span> <span class='ocrx_word' id='word_1_10' title='bbox 1359 535 1503 585; x_wconf 89' lang='lat' dir='ltr'><strong>inter</strong></span> <span class='ocrx_word' id='word_1_11' title='bbox 1531 534 1678 584; x_wconf 87' lang='lat' dir='ltr'><strong>Elim</strong></span> <span class='ocrx_word' id='word_1_12' title='bbox 1707 540 2108 586; x_wconf 81' lang='lat' dir='ltr'>commemorat</span> <span class='ocrx_word' id='word_1_13' title='bbox 2145 538 2472 598; x_wconf 85' lang='lat' dir='ltr'><strong>stationem,</strong></span> <span class='ocrx_word' id='word_1_14' title='bbox 2506 537 2659 587; x_wconf 88' lang='lat' dir='ltr'><strong>illam</strong></span> <span class='ocrx_word' id='word_1_15' title='bbox 2691 551 2768 588; x_wconf 86' lang='lat' dir='ltr'><strong>se.</strong></span> <span class='ocrx_word' id='word_1_16' title='bbox 2811 555 2833 585; x_wconf 70' lang='grc' dir='ltr'>ι</span> <span class='ocrx_word' id='word_1_17' title='bbox 2873 552 3040 603; x_wconf 87' lang='lat' dir='ltr'><strong>super</strong></span> 
     </span>
     <span class='ocr_line' id='line_1_3' title="bbox 385 620 3035 686; baseline 0.003 -15"><span class='ocrx_word' id='word_1_18' title='bbox 385 621 537 671; x_wconf 84' lang='lat' dir='ltr'><strong>Mare</strong></span> <span class='ocrx_word' id='word_1_19' title='bbox 565 620 814 672; x_wconf 89' lang='lat' dir='ltr'><strong>Rubrum</strong></span> <span class='ocrx_word' id='word_1_20' title='bbox 842 638 864 670; x_wconf 73' lang='grc' dir='ltr'><strong><em>ι</em></strong></span> <span class='ocrx_word' id='word_1_21' title='bbox 893 636 993 673; x_wconf 83' lang='lat' dir='ltr'><strong>seu</strong></span> <span class='ocrx_word' id='word_1_22' title='bbox 1014 623 1073 671; x_wconf 88' lang='lat' dir='ltr'><strong>in</strong></span> <span class='ocrx_word' id='word_1_23' title='bbox 1102 625 1405 685; x_wconf 86' lang='lat' dir='ltr'><strong>conspectu</strong></span> <span class='ocrx_word' id='word_1_24' title='bbox 1434 626 1573 674; x_wconf 78' lang='lat' dir='ltr'><strong>eiuS.</strong></span> <span class='ocrx_word' id='word_1_25' title='bbox 1608 623 1798 674; x_wconf 86' lang='lat' dir='ltr'><strong>Potuit</strong></span> <span class='ocrx_word' id='word_1_26' title='bbox 1835 637 1904 674; x_wconf 83' lang='lat' dir='ltr'><strong>ea</strong></span> <span class='ocrx_word' id='word_1_27' title='bbox 1931 636 2055 674; x_wconf 86' lang='lat' dir='ltr'><strong>esse</strong></span> <span class='ocrx_word' id='word_1_28' title='bbox 2083 624 2257 676; x_wconf 89' lang='lat' dir='ltr'><strong>Wadi</strong></span> <span class='ocrx_word' id='word_1_29' title='bbox 2288 625 2634 686; x_wconf 83' lang='lat' dir='ltr'><strong>Gharandel‚</strong></span> <span class='ocrx_word' id='word_1_30' title='bbox 2665 628 2850 677; x_wconf 87' lang='lat' dir='ltr'><strong>minus</strong></span> <span class='ocrx_word' id='word_1_31' title='bbox 2878 630 3035 679; x_wconf 82' lang='lat' dir='ltr'><strong>octo-</strong></span> 
     </span>
     <span class='ocr_line' id='line_1_4' title="bbox 388 705 3027 773; baseline 0.001 -13"><span class='ocrx_word' id='word_1_32' title='bbox 388 711 566 761; x_wconf 80' lang='lat' dir='ltr'><strong>decim</strong></span> <span class='ocrx_word' id='word_1_33' title='bbox 615 711 880 760; x_wconf 81' lang='lat' dir='ltr'><strong>horarum</strong></span> <span class='ocrx_word' id='word_1_34' title='bbox 919 712 1118 761; x_wconf 81' lang='lat' dir='ltr'><strong>itinere</strong></span> <span class='ocrx_word' id='word_1_35' title='bbox 1156 712 1369 762; x_wconf 86' lang='lat' dir='ltr'><strong>distans</strong></span> <span class='ocrx_word' id='word_1_36' title='bbox 1407 713 1477 762; x_wconf 88' lang='lat' dir='ltr'><strong>ab</strong></span> <span class='ocrx_word' id='word_1_37' title='bbox 1523 705 1651 762; x_wconf 81' lang='lat' dir='ltr'><strong>‘Ain</strong></span> <span class='ocrx_word' id='word_1_38' title='bbox 1694 712 1880 773; x_wconf 83' lang='lat' dir='ltr'><strong>Musa,</strong></span> <span class='ocrx_word' id='word_1_39' title='bbox 1926 726 2037 763; x_wconf 88' lang='lat' dir='ltr'><strong>una</strong></span> <span class='ocrx_word' id='word_1_40' title='bbox 2065 726 2097 762; x_wconf 91' lang='lat' dir='ltr'><strong>e</strong></span> <span class='ocrx_word' id='word_1_41' title='bbox 2139 714 2396 764; x_wconf 86' lang='lat' dir='ltr'><strong>maximis</strong></span> <span class='ocrx_word' id='word_1_42' title='bbox 2447 714 2734 766; x_wconf 82' lang='lat' dir='ltr'><strong>Sinaitidis</strong></span> <span class='ocrx_word' id='word_1_43' title='bbox 2779 717 3027 766; x_wconf 44' lang='grc' dir='ltr'><strong>ιῑκμιὶῙ-ιιή.</strong></span> 
     </span>
     <span class='ocr_line' id='line_1_5' title="bbox 390 799 3023 870; baseline 0.001 -21"><span class='ocrx_word' id='word_1_44' title='bbox 390 800 607 870; x_wconf 84' lang='lat' dir='ltr'><strong>Aquam</strong></span> <span class='ocrx_word' id='word_1_45' title='bbox 632 799 799 850; x_wconf 85' lang='lat' dir='ltr'><strong>habet</strong></span> <span class='ocrx_word' id='word_1_46' title='bbox 826 800 1157 863; x_wconf 86' lang='lat' dir='ltr'><strong>potabilem,</strong></span> <span class='ocrx_word' id='word_1_47' title='bbox 1183 800 1312 851; x_wconf 81' lang='lat' dir='ltr'><strong>lieet</strong></span> <span class='ocrx_word' id='word_1_48' title='bbox 1341 803 1691 853; x_wconf 84' lang='lat' dir='ltr'><strong>amariorem.</strong></span> <span class='ocrx_word' id='word_1_49' title='bbox 1728 801 1921 862; x_wconf 60' lang='lat' dir='ltr'><strong>Oasis»,</strong></span> <span class='ocrx_word' id='word_1_50' title='bbox 1953 804 2000 852; x_wconf 91' lang='lat' dir='ltr'><strong>si</strong></span> <span class='ocrx_word' id='word_1_51' title='bbox 2029 802 2433 866; x_wconf 77' lang='lat' dir='ltr'><strong>descriptiones</strong></span> <span class='ocrx_word' id='word_1_52' title='bbox 2456 806 2871 867; x_wconf 71' lang='lat' dir='ltr'><strong>peregrinorum</strong></span> <span class='ocrx_word' id='word_1_53' title='bbox 2907 823 3023 855; x_wconf 45' lang='grc' dir='ltr'><strong>,ψη</strong></span> 
     </span>
     <span class='ocr_line' id='line_1_6' title="bbox 385 888 3007 955; baseline 0.001 -19"><span class='ocrx_word' id='word_1_54' title='bbox 385 888 494 937; x_wconf 81' lang='lat' dir='ltr'><strong>culi</strong></span> <span class='ocrx_word' id='word_1_55' title='bbox 516 888 714 938; x_wconf 84' lang='lat' dir='ltr'><strong>decimi</strong></span> <span class='ocrx_word' id='word_1_56' title='bbox 730 889 909 951; x_wconf 84' lang='lat' dir='ltr'><strong>quinti</strong></span> <span class='ocrx_word' id='word_1_57' title='bbox 940 890 1201 939; x_wconf 78' lang='lat' dir='ltr'><strong>consulas</strong></span> <span class='ocrx_word' id='word_1_58' title='bbox 1221 928 1234 951; x_wconf 89' lang='lat'>‚</span> <span class='ocrx_word' id='word_1_59' title='bbox 1265 890 1487 940; x_wconf 84' lang='lat' dir='ltr'><strong>videtur</strong></span> <span class='ocrx_word' id='word_1_60' title='bbox 1518 894 1633 940; x_wconf 85' lang='lat' dir='ltr'><strong>tum</strong></span> <span class='ocrx_word' id='word_1_61' title='bbox 1665 888 1952 941; x_wconf 83' lang='lat' dir='ltr'><strong>florentior</strong></span> <span class='ocrx_word' id='word_1_62' title='bbox 1979 890 2179 952; x_wconf 73' lang='lat' dir='ltr'><strong>tuisse,</strong></span> <span class='ocrx_word' id='word_1_63' title='bbox 2214 904 2381 955; x_wconf 85' lang='lat' dir='ltr'><strong>quam</strong></span> <span class='ocrx_word' id='word_1_64' title='bbox 2409 905 2557 942; x_wconf 86' lang='lat' dir='ltr'><strong>nunc</strong></span> <span class='ocrx_word' id='word_1_65' title='bbox 2587 897 2690 943; x_wconf 81' lang='lat' dir='ltr'><strong>est.</strong></span> <span class='ocrx_word' id='word_1_66' title='bbox 2727 893 2811 945; x_wconf 59' lang='lat' dir='ltr'><strong>Gi,</strong></span> <span class='ocrx_word' id='word_1_67' title='bbox 2851 899 3007 943; x_wconf 52' lang='grc' dir='ltr'><strong>ἐξῆ-ιη</strong></span> 
     </span>
     <span class='ocr_line' id='line_1_7' title="bbox 388 976 2999 1043; baseline 0.002 -17"><span class='ocrx_word' id='word_1_68' title='bbox 388 976 577 1027; x_wconf 82' lang='lat' dir='ltr'><strong>Gosen</strong></span> <span class='ocrx_word' id='word_1_69' title='bbox 602 991 656 1042; x_wconf 87' lang='lat' dir='ltr'><strong>p.</strong></span> <span class='ocrx_word' id='word_1_70' title='bbox 696 977 793 1026; x_wconf 86' lang='lat'><strong>119</strong></span> <span class='ocrx_word' id='word_1_71' title='bbox 814 990 939 1042; x_wconf 83' lang='lat' dir='ltr'><strong>sqq.</strong></span> <span class='ocrx_word' id='word_1_72' title='bbox 966 978 1076 1027; x_wconf 88' lang='lat' dir='ltr'><strong>Alii</strong></span> <span class='ocrx_word' id='word_1_73' title='bbox 1105 978 1278 1028; x_wconf 83' lang='lat' dir='ltr'>Wadi</span> <span class='ocrx_word' id='word_1_74' title='bbox 1307 977 1567 1042; x_wconf 85' lang='lat' dir='ltr'><strong>Tajibeh‚</strong></span> <span class='ocrx_word' id='word_1_75' title='bbox 1592 979 1741 1043; x_wconf 85' lang='lat' dir='ltr'><strong>quod</strong></span> <span class='ocrx_word' id='word_1_76' title='bbox 1770 981 1896 1029; x_wconf 86' lang='lat' dir='ltr'><strong>octo</strong></span> <span class='ocrx_word' id='word_1_77' title='bbox 1925 979 2041 1030; x_wconf 77' lang='lat' dir='ltr'><strong>tere</strong></span> <span class='ocrx_word' id='word_1_78' title='bbox 2065 981 2220 1031; x_wconf 84' lang='lat' dir='ltr'><strong>horis</strong></span> <span class='ocrx_word' id='word_1_79' title='bbox 2240 993 2273 1030; x_wconf 88' lang='lat' dir='ltr'><strong>a</strong></span> <span class='ocrx_word' id='word_1_80' title='bbox 2293 980 2463 1031; x_wconf 84' lang='lat' dir='ltr'><strong>Wadi</strong></span> <span class='ocrx_word' id='word_1_81' title='bbox 2490 981 2807 1032; x_wconf 66' lang='lat' dir='ltr'><strong>Gharandel</strong></span> <span class='ocrx_word' id='word_1_82' title='bbox 2847 987 2999 1031; x_wconf 47' lang='grc' dir='ltr'><strong>,Νη-κει</strong></span> 
     </span>
     <span class='ocr_line' id='line_1_8' title="bbox 389 1066 2251 1131; baseline 0.003 -16"><span class='ocrx_word' id='word_1_83' title='bbox 389 1066 442 1115; x_wconf 88' lang='lat' dir='ltr'><strong>ei</strong></span> <span class='ocrx_word' id='word_1_84' title='bbox 470 1066 696 1117; x_wconf 86' lang='lat' dir='ltr'><strong>stationi</strong></span> <span class='ocrx_word' id='word_1_85' title='bbox 726 1067 1086 1130; x_wconf 78' lang='lat' dir='ltr'><strong>assignarunt</strong></span> <span class='ocrx_word' id='word_1_86' title='bbox 1116 1081 1128 1116; x_wconf 93' lang='lat'>:</span> <span class='ocrx_word' id='word_1_87' title='bbox 1158 1067 1293 1117; x_wconf 88' lang='lat' dir='ltr'><strong>illud</strong></span> <span class='ocrx_word' id='word_1_88' title='bbox 1316 1067 1501 1118; x_wconf 75' lang='lat' dir='ltr'><strong>fontes</strong></span> <span class='ocrx_word' id='word_1_89' title='bbox 1529 1068 1699 1119; x_wconf 87' lang='lat' dir='ltr'><strong>habet</strong></span> <span class='ocrx_word' id='word_1_90' title='bbox 1728 1082 1939 1131; x_wconf 86' lang='lat' dir='ltr'><strong>paucos</strong></span> <span class='ocrx_word' id='word_1_91' title='bbox 1969 1073 2024 1119; x_wconf 91' lang='lat' dir='ltr'><strong>et</strong></span> <span class='ocrx_word' id='word_1_92' title='bbox 2053 1070 2251 1120; x_wconf 84' lang='lat' dir='ltr'><strong>malos.</strong></span> 
     </span>
    </p>
   </div>
   <div class='ocr_carea' id='block_1_3' title="bbox 365 1268 3035 4876">
    <p class='ocr_par' dir='ltr' id='par_1_3' title="bbox 365 1268 3043 4664">
     <span class='ocr_line' id='line_1_9' title="bbox 481 1268 3035 1358; baseline -0.001 -25"><span class='ocrx_word' id='word_1_93' title='bbox 481 1270 641 1358; x_wconf 80' lang='lat' dir='ltr'><strong>Cap.</strong></span> <span class='ocrx_word' id='word_1_94' title='bbox 678 1268 847 1335; x_wconf 90' lang='lat' dir='ltr'><strong>XVI</strong></span> <span class='ocrx_word' id='word_1_95' title='bbox 871 1290 935 1335; x_wconf 76' lang='grc' dir='ltr'><strong>ν.</strong></span> <span class='ocrx_word' id='word_1_96' title='bbox 976 1276 1007 1334; x_wconf 92' lang='grc'><strong>1</strong></span> <span class='ocrx_word' id='word_1_97' title='bbox 1055 1296 1087 1329; x_wconf 89' lang='lat'>«</span> <span class='ocrx_word' id='word_1_98' title='bbox 1131 1269 1565 1358; x_wconf 79' lang='lat' dir='ltr'><strong>Profectique</strong></span> <span class='ocrx_word' id='word_1_99' title='bbox 1604 1282 1770 1335; x_wconf 81' lang='lat' dir='ltr'><strong>sunt</strong></span> <span class='ocrx_word' id='word_1_100' title='bbox 1810 1268 1894 1335; x_wconf 84' lang='lat' dir='ltr'><strong>de</strong></span> <span class='ocrx_word' id='word_1_101' title='bbox 1933 1269 2152 1354; x_wconf 85' lang='lat' dir='ltr'><strong>Elim,</strong></span> <span class='ocrx_word' id='word_1_102' title='bbox 2188 1283 2252 1337; x_wconf 83' lang='lat' dir='ltr'><strong>et</strong></span> <span class='ocrx_word' id='word_1_103' title='bbox 2289 1271 2474 1337; x_wconf 83' lang='lat' dir='ltr'><strong>venit</strong></span> <span class='ocrx_word' id='word_1_104' title='bbox 2526 1272 2745 1338; x_wconf 82' lang='lat' dir='ltr'><strong>omnis</strong></span> <span class='ocrx_word' id='word_1_105' title='bbox 2799 1275 3035 1336; x_wconf 44' lang='lat' dir='ltr'><strong>,essa-iffi-</strong></span> 
     </span>
     <span class='ocr_line' id='line_1_10' title="bbox 386 1372 3031 1463; baseline 0 -25"><span class='ocrx_word' id='word_1_106' title='bbox 386 1372 544 1439; x_wconf 84' lang='lat' dir='ltr'><strong>tudo</strong></span> <span class='ocrx_word' id='word_1_107' title='bbox 587 1373 893 1463; x_wconf 83' lang='lat' dir='ltr'><strong>filiorum</strong></span> <span class='ocrx_word' id='word_1_108' title='bbox 942 1374 1156 1441; x_wconf 71' lang='lat' dir='ltr'><strong>[srael</strong></span> <span class='ocrx_word' id='word_1_109' title='bbox 1197 1375 1271 1441; x_wconf 85' lang='lat' dir='ltr'><strong>in</strong></span> <span class='ocrx_word' id='word_1_110' title='bbox 1316 1374 1648 1442; x_wconf 80' lang='lat' dir='ltr'><strong>desertum</strong></span> <span class='ocrx_word' id='word_1_111' title='bbox 1691 1376 1851 1460; x_wconf 75' lang='lat' dir='ltr'><strong>Sin,</strong></span> <span class='ocrx_word' id='word_1_112' title='bbox 1887 1376 2076 1462; x_wconf 81' lang='lat' dir='ltr'><strong>quod</strong></span> <span class='ocrx_word' id='word_1_113' title='bbox 2113 1388 2210 1443; x_wconf 82' lang='lat' dir='ltr'><strong>esc</strong></span> <span class='ocrx_word' id='word_1_114' title='bbox 2250 1377 2428 1444; x_wconf 80' lang='lat' dir='ltr'><strong>inter</strong></span> <span class='ocrx_word' id='word_1_115' title='bbox 2462 1377 2648 1444; x_wconf 86' lang='lat' dir='ltr'><strong>Elim</strong></span> <span class='ocrx_word' id='word_1_116' title='bbox 2689 1390 2750 1445; x_wconf 82' lang='lat' dir='ltr'><strong>et</strong></span> <span class='ocrx_word' id='word_1_117' title='bbox 2791 1383 3031 1447; x_wconf 55' lang='lat' dir='ltr'><strong>h&#39;ae&#39;mss&#39;:</strong></span> 
     </span>
     <span class='ocr_line' id='line_1_11' title="bbox 386 1479 2963 1574; baseline 0.002 -29"><span class='ocrx_word' id='word_1_118' title='bbox 386 1479 889 1569; x_wconf 82' lang='lat' dir='ltr'><strong>quintodecimo</strong></span> <span class='ocrx_word' id='word_1_119' title='bbox 923 1481 1037 1547; x_wconf 86' lang='lat' dir='ltr'><strong>die</strong></span> <span class='ocrx_word' id='word_1_120' title='bbox 1065 1481 1315 1548; x_wconf 80' lang='lat' dir='ltr'><em>mensis</em></span> <span class='ocrx_word' id='word_1_121' title='bbox 1344 1480 1662 1567; x_wconf 82' lang='lat' dir='ltr'><strong>secundi,</strong></span> <span class='ocrx_word' id='word_1_122' title='bbox 1684 1496 2062 1573; x_wconf 79' lang='lat' dir='ltr'><em>postquam</em></span> <span class='ocrx_word' id='word_1_123' title='bbox 2091 1482 2344 1574; x_wconf 76' lang='lat' dir='ltr'><strong>eqr&#39;essi</strong></span> <span class='ocrx_word' id='word_1_124' title='bbox 2379 1496 2542 1551; x_wconf 80' lang='lat' dir='ltr'><strong>sunt</strong></span> <span class='ocrx_word' id='word_1_125' title='bbox 2575 1483 2657 1551; x_wconf 86' lang='lat' dir='ltr'><strong>de</strong></span> <span class='ocrx_word' id='word_1_126' title='bbox 2699 1498 2871 1551; x_wconf 61' lang='lat' dir='ltr'><strong>cerm</strong></span> <span class='ocrx_word' id='word_1_127' title='bbox 2923 1495 3043 1551; x_wconf 61' lang='lat' dir='ltr'><strong>,i</strong></span> 
     </span>
     <span class='ocr_line' id='line_1_12' title="bbox 382 1576 3023 1680; baseline -0 -28"><span class='ocrx_word' id='word_1_128' title='bbox 382 1588 585 1675; x_wconf 73' lang='lat' dir='ltr'><strong>qypti</strong></span> <span class='ocrx_word' id='word_1_129' title='bbox 634 1615 693 1655; x_wconf 88' lang='lat'><strong>».</strong></span> <span class='ocrx_word' id='word_1_130' title='bbox 750 1592 928 1674; x_wconf 84' lang='lat' dir='ltr'><strong>Ergo</strong></span> <span class='ocrx_word' id='word_1_131' title='bbox 997 1576 1346 1675; x_wconf 80' lang='lat' dir='ltr'><strong>integ‘rum</strong></span> <span class='ocrx_word' id='word_1_132' title='bbox 1403 1611 1708 1656; x_wconf 88' lang='lat' dir='ltr'><strong>mensem</strong></span> <span class='ocrx_word' id='word_1_133' title='bbox 1768 1589 2004 1657; x_wconf 83' lang='lat' dir='ltr'><strong>itineri</strong></span> <span class='ocrx_word' id='word_1_134' title='bbox 2069 1592 2610 1680; x_wconf 79' lang='lat' dir='ltr'><strong>insumpserant,</strong></span> <span class='ocrx_word' id='word_1_135' title='bbox 2667 1603 3023 1679; x_wconf 51' lang='lat' dir='ltr'><strong>oenaaeaefqm·</strong></span> 
     </span>
     <span class='ocr_line' id='line_1_13' title="bbox 385 1695 3035 1787; baseline 0.002 -28"><span class='ocrx_word' id='word_1_136' title='bbox 385 1696 495 1761; x_wconf 82' lang='lat' dir='ltr'><strong>Ps.</strong></span> <span class='ocrx_word' id='word_1_137' title='bbox 532 1695 677 1760; x_wconf 83' lang='lat' dir='ltr'><strong>Ion.</strong></span> <span class='ocrx_word' id='word_1_138' title='bbox 710 1716 790 1760; x_wconf 91' lang='lat' dir='ltr'><strong>eo</strong></span> <span class='ocrx_word' id='word_1_139' title='bbox 820 1716 1035 1783; x_wconf 91' lang='lat' dir='ltr'><strong>usque</strong></span> <span class='ocrx_word' id='word_1_140' title='bbox 1074 1695 1351 1762; x_wconf 79' lang='lat' dir='ltr'>durasse</span> <span class='ocrx_word' id='word_1_141' title='bbox 1382 1718 1753 1780; x_wconf 80' lang='lat' dir='ltr'><strong>annonam,</strong></span> <span class='ocrx_word' id='word_1_142' title='bbox 1786 1719 1994 1785; x_wconf 86' lang='lat' dir='ltr'><strong>quarn</strong></span> <span class='ocrx_word' id='word_1_143' title='bbox 2026 1719 2257 1763; x_wconf 88' lang='lat' dir='ltr'><strong>secum</strong></span> <span class='ocrx_word' id='word_1_144' title='bbox 2289 1719 2369 1763; x_wconf 83' lang='lat' dir='ltr'><strong>ex</strong></span> <span class='ocrx_word' id='word_1_145' title='bbox 2402 1702 2712 1787; x_wconf 84' lang='lat' dir='ltr'><strong>Aegypto</strong></span> <span class='ocrx_word' id='word_1_146' title='bbox 2736 1711 3035 1787; x_wconf 49' lang='lat' dir='ltr'><strong>aslum-’mu</strong></span> 
     </span>
     <span class='ocr_line' id='line_1_14' title="bbox 382 1800 3035 1892; baseline 0.001 -28"><span class='ocrx_word' id='word_1_147' title='bbox 382 1800 635 1867; x_wconf 81' lang='lat' dir='ltr'><strong>vissent</strong></span> <span class='ocrx_word' id='word_1_148' title='bbox 674 1800 982 1868; x_wconf 82' lang='lat' dir='ltr'>Hebraei.</span> <span class='ocrx_word' id='word_1_149' title='bbox 1027 1805 1317 1890; x_wconf 88' lang='lat' dir='ltr'><strong>Reapse,</strong></span> <span class='ocrx_word' id='word_1_150' title='bbox 1352 1801 1518 1869; x_wconf 87' lang='lat' dir='ltr'><strong>licet</strong></span> <span class='ocrx_word' id='word_1_151' title='bbox 1569 1802 2046 1892; x_wconf 80' lang='lat' dir='ltr'><strong>proficiscendi</strong></span> <span class='ocrx_word' id='word_1_152' title='bbox 2102 1804 2372 1870; x_wconf 86' lang='lat' dir='ltr'><strong>veniam</strong></span> <span class='ocrx_word' id='word_1_153' title='bbox 2409 1804 2593 1870; x_wconf 86' lang='lat' dir='ltr'><strong>nacti</strong></span> <span class='ocrx_word' id='word_1_154' title='bbox 2638 1804 2771 1871; x_wconf 76' lang='lat' dir='ltr'><strong>sint</strong></span> <span class='ocrx_word' id='word_1_155' title='bbox 2811 1807 2951 1867; x_wconf 42' lang='lat' dir='ltr'><strong>auh]</strong></span> <span class='ocrx_word' id='word_1_156' title='bbox 2975 1819 3035 1867; x_wconf 57' lang='grc' dir='ltr'><strong>ιη</strong></span> 
     </span>
     <span class='ocr_line' id='line_1_15' title="bbox 385 1907 3027 2000; baseline -0.001 -27"><span class='ocrx_word' id='word_1_157' title='bbox 385 1907 808 1998; x_wconf 79' lang='lat' dir='ltr'><strong>profectique</strong></span> <span class='ocrx_word' id='word_1_158' title='bbox 846 1907 983 1974; x_wconf 84' lang='lat' dir='ltr'><strong>sint</strong></span> <span class='ocrx_word' id='word_1_159' title='bbox 1005 1907 1423 1990; x_wconf 80' lang='lat' dir='ltr'><strong>festinanter,</strong></span> <span class='ocrx_word' id='word_1_160' title='bbox 1459 1915 1688 1975; x_wconf 89' lang='lat' dir='ltr'><strong>tamen</strong></span> <span class='ocrx_word' id='word_1_161' title='bbox 1720 1910 2023 1996; x_wconf 84' lang='lat' dir='ltr'><strong>gratuito</strong></span> <span class='ocrx_word' id='word_1_162' title='bbox 2056 1914 2542 1999; x_wconf 87' lang='lat' dir='ltr'><strong>supponuntur</strong></span> <span class='ocrx_word' id='word_1_163' title='bbox 2578 1912 2855 2000; x_wconf 60' lang='lat' dir='ltr'><strong>profem}</strong></span> <span class='ocrx_word' id='word_1_164' title='bbox 2895 1939 3027 1971; x_wconf 44' lang='lat' dir='ltr'><strong>*uo-⁴·</strong></span> 
     </span>
     <span class='ocr_line' id='line_1_16' title="bbox 381 2013 3026 2104; baseline -0.002 -24"><span class='ocrx_word' id='word_1_165' title='bbox 381 2013 707 2104; x_wconf 77' lang='lat' dir='ltr'><strong>imparati</strong></span> <span class='ocrx_word' id='word_1_166' title='bbox 749 2036 764 2082; x_wconf 77' lang='lat' dir='ltr'>t</span> <span class='ocrx_word' id='word_1_167' title='bbox 804 2037 927 2081; x_wconf 84' lang='lat' dir='ltr'><strong>cur</strong></span> <span class='ocrx_word' id='word_1_168' title='bbox 967 2037 1111 2081; x_wconf 89' lang='lat' dir='ltr'><strong>non</strong></span> <span class='ocrx_word' id='word_1_169' title='bbox 1140 2038 1369 2082; x_wconf 87' lang='lat' dir='ltr'><strong>seeum</strong></span> <span class='ocrx_word' id='word_1_170' title='bbox 1409 2016 1816 2082; x_wconf 81' lang='lat' dir='ltr'><strong>abstulerint</strong></span> <span class='ocrx_word' id='word_1_171' title='bbox 1844 2020 2020 2082; x_wconf 87' lang='lat' dir='ltr'><strong>totas</strong></span> <span class='ocrx_word' id='word_1_172' title='bbox 2051 2016 2201 2083; x_wconf 89' lang='lat' dir='ltr'><strong>illas</strong></span> <span class='ocrx_word' id='word_1_173' title='bbox 2228 2019 2450 2083; x_wconf 84' lang='lat' dir='ltr'><strong>terrae</strong></span> <span class='ocrx_word' id='word_1_174' title='bbox 2490 2022 2734 2083; x_wconf 86' lang='lat' dir='ltr'><strong>Gessen</strong></span> <span class='ocrx_word' id='word_1_175' title='bbox 2771 2031 3026 2091; x_wconf 43' lang='lat' dir='ltr'><strong>avg-viv&lt;</strong></span> 
     </span>
     <span class='ocr_line' id='line_1_17' title="bbox 384 2121 3023 2207; baseline -0.003 -21"><span class='ocrx_word' id='word_1_176' title='bbox 384 2144 426 2186; x_wconf 90' lang='lat' dir='ltr'><strong>a</strong></span> <span class='ocrx_word' id='word_1_177' title='bbox 454 2121 793 2207; x_wconf 84' lang='lat' dir='ltr'><strong>grandine</strong></span> <span class='ocrx_word' id='word_1_178' title='bbox 826 2126 894 2187; x_wconf 83' lang='lat' dir='ltr'><strong>et</strong></span> <span class='ocrx_word' id='word_1_179' title='bbox 920 2121 1195 2188; x_wconf 84' lang='lat' dir='ltr'><strong>locustis</strong></span> <span class='ocrx_word' id='word_1_180' title='bbox 1227 2129 1371 2188; x_wconf 87' lang='lat' dir='ltr'><strong>tam</strong></span> <span class='ocrx_word' id='word_1_181' title='bbox 1400 2122 1811 2189; x_wconf 83' lang='lat' dir='ltr'><strong>mirabiliter</strong></span> <span class='ocrx_word' id='word_1_182' title='bbox 1838 2126 2180 2189; x_wconf 77' lang='lat' dir='ltr'><strong>servatas?</strong></span> <span class='ocrx_word' id='word_1_183' title='bbox 2208 2146 2274 2188; x_wconf 89' lang='lat' dir='ltr'><strong>v.</strong></span> <span class='ocrx_word' id='word_1_184' title='bbox 2312 2129 2354 2188; x_wconf 79' lang='lat'><strong>2</strong></span> <span class='ocrx_word' id='word_1_185' title='bbox 2387 2149 2418 2182; x_wconf 90' lang='lat'>«</span> <span class='ocrx_word' id='word_1_186' title='bbox 2453 2124 2544 2188; x_wconf 85' lang='lat' dir='ltr'><strong>Et</strong></span> <span class='ocrx_word' id='word_1_187' title='bbox 2566 2127 3023 2189; x_wconf 57' lang='lat' dir='ltr'><strong>mut-mmmm</strong></span> 
     </span>
     <span class='ocr_line' id='line_1_18' title="bbox 386 2227 3019 2319; baseline -0.001 -27"><span class='ocrx_word' id='word_1_188' title='bbox 386 2227 604 2294; x_wconf 82' lang='lat' dir='ltr'><strong>omnis</strong></span> <span class='ocrx_word' id='word_1_189' title='bbox 643 2227 1079 2317; x_wconf 75' lang='lat' dir='ltr'><strong>conqreqatio</strong></span> <span class='ocrx_word' id='word_1_190' title='bbox 1118 2227 1427 2317; x_wconf 76' lang='lat' dir='ltr'><strong>filiorum</strong></span> <span class='ocrx_word' id='word_1_191' title='bbox 1465 2228 1679 2295; x_wconf 81' lang='lat' dir='ltr'><strong>Israel</strong></span> <span class='ocrx_word' id='word_1_192' title='bbox 1708 2240 1946 2295; x_wconf 74' lang='lat' dir='ltr'><strong>contra</strong></span> <span class='ocrx_word' id='word_1_193' title='bbox 1977 2231 2259 2319; x_wconf 74' lang='lat' dir='ltr'><strong>Moysen</strong></span> <span class='ocrx_word' id='word_1_194' title='bbox 2291 2242 2358 2297; x_wconf 85' lang='lat' dir='ltr'><strong>et</strong></span> <span class='ocrx_word' id='word_1_195' title='bbox 2398 2230 2631 2296; x_wconf 75' lang='lat' dir='ltr'><strong>Aaron</strong></span> <span class='ocrx_word' id='word_1_196' title='bbox 2669 2229 2745 2296; x_wconf 81' lang='lat' dir='ltr'><strong>in</strong></span> <span class='ocrx_word' id='word_1_197' title='bbox 2783 2231 3019 2291; x_wconf 51' lang='lat' dir='ltr'><strong>mss&#39;s‘sssn</strong></span> 
     </span>
     <span class='ocr_line' id='line_1_19' title="bbox 385 2334 3027 2426; baseline 0.002 -27"><span class='ocrx_word' id='word_1_198' title='bbox 385 2334 543 2401; x_wconf 79' lang='lat' dir='ltr'><strong>dine</strong></span> <span class='ocrx_word' id='word_1_199' title='bbox 579 2362 637 2400; x_wconf 83' lang='lat'><strong>».</strong></span> <span class='ocrx_word' id='word_1_200' title='bbox 665 2357 731 2401; x_wconf 74' lang='lat' dir='ltr'><strong>V.</strong></span> <span class='ocrx_word' id='word_1_201' title='bbox 772 2341 809 2401; x_wconf 89' lang='lat'><strong>3</strong></span> <span class='ocrx_word' id='word_1_202' title='bbox 846 2362 878 2395; x_wconf 89' lang='lat'>«</span> <span class='ocrx_word' id='word_1_203' title='bbox 916 2334 1389 2425; x_wconf 66' lang='lat' dir='ltr'><strong>Direruntque</strong></span> <span class='ocrx_word' id='word_1_204' title='bbox 1407 2335 1548 2426; x_wconf 84' lang='lat' dir='ltr'><strong>filii</strong></span> <span class='ocrx_word' id='word_1_205' title='bbox 1574 2335 1790 2402; x_wconf 76' lang='lat' dir='ltr'><strong>Israel</strong></span> <span class='ocrx_word' id='word_1_206' title='bbox 1817 2335 1912 2402; x_wconf 84' lang='lat' dir='ltr'><strong>ad</strong></span> <span class='ocrx_word' id='word_1_207' title='bbox 1945 2357 2054 2401; x_wconf 89' lang='lat' dir='ltr'><strong>eos</strong></span> <span class='ocrx_word' id='word_1_208' title='bbox 2087 2358 2112 2401; x_wconf 92' lang='lat'><strong>.·</strong></span> <span class='ocrx_word' id='word_1_209' title='bbox 2151 2335 2426 2403; x_wconf 78' lang='lat' dir='ltr'><strong>Utinam</strong></span> <span class='ocrx_word' id='word_1_210' title='bbox 2455 2336 2709 2402; x_wconf 83' lang='lat' dir='ltr'><strong>mortui</strong></span> <span class='ocrx_word' id='word_1_211' title='bbox 2740 2359 3027 2403; x_wconf 35' lang='grc' dir='ltr'><strong>(ἐμω-κεκτ-</strong></span> 
     </span>
     <span class='ocr_line' id='line_1_20' title="bbox 379 2440 3027 2533; baseline -0.003 -27"><span class='ocrx_word' id='word_1_212' title='bbox 379 2464 503 2530; x_wconf 76' lang='lat' dir='ltr'><strong>per</strong></span> <span class='ocrx_word' id='word_1_213' title='bbox 537 2463 823 2507; x_wconf 78' lang='lat' dir='ltr'><strong>manum</strong></span> <span class='ocrx_word' id='word_1_214' title='bbox 855 2442 1137 2507; x_wconf 77' lang='lat' dir='ltr'><strong>Domini</strong></span> <span class='ocrx_word' id='word_1_215' title='bbox 1179 2442 1253 2507; x_wconf 81' lang='lat' dir='ltr'><strong>in</strong></span> <span class='ocrx_word' id='word_1_216' title='bbox 1297 2453 1475 2509; x_wconf 77' lang='lat' dir='ltr'><strong>terra</strong></span> <span class='ocrx_word' id='word_1_217' title='bbox 1509 2442 1837 2532; x_wconf 73' lang='lat' dir='ltr'><strong>Aeqypci,</strong></span> <span class='ocrx_word' id='word_1_218' title='bbox 1873 2441 2150 2531; x_wconf 80' lang='lat' dir='ltr'><strong>quando</strong></span> <span class='ocrx_word' id='word_1_219' title='bbox 2196 2440 2592 2509; x_wconf 79' lang='lat' dir='ltr'><strong>sedebamus</strong></span> <span class='ocrx_word' id='word_1_220' title='bbox 2623 2466 2823 2533; x_wconf 48' lang='lat' dir='ltr'><strong>supas·</strong></span> <span class='ocrx_word' id='word_1_221' title='bbox 2867 2447 3027 2503; x_wconf 41' lang='lat' dir='ltr'><strong>“Nm</strong></span> 
     </span>
     <span class='ocr_line' id='line_1_21' title="bbox 383 2548 3019 2638; baseline -0.001 -26"><span class='ocrx_word' id='word_1_222' title='bbox 383 2548 725 2632; x_wconf 81' lang='lat' dir='ltr'><strong>carnium,</strong></span> <span class='ocrx_word' id='word_1_223' title='bbox 757 2560 821 2615; x_wconf 79' lang='lat' dir='ltr'><strong>et</strong></span> <span class='ocrx_word' id='word_1_224' title='bbox 859 2548 1373 2615; x_wconf 78' lang='lat' dir='ltr'><strong>comedebamus</strong></span> <span class='ocrx_word' id='word_1_225' title='bbox 1401 2571 1660 2638; x_wconf 79' lang='lat' dir='ltr'><strong>panem</strong></span> <span class='ocrx_word' id='word_1_226' title='bbox 1707 2548 1782 2614; x_wconf 81' lang='lat' dir='ltr'><strong>in</strong></span> <span class='ocrx_word' id='word_1_227' title='bbox 1819 2548 2207 2615; x_wconf 78' lang='lat' dir='ltr'><strong>saturitate.</strong></span> <span class='ocrx_word' id='word_1_228' title='bbox 2255 2551 2395 2617; x_wconf 84' lang='lat' dir='ltr'><strong>Cur</strong></span> <span class='ocrx_word' id='word_1_229' title='bbox 2422 2548 2755 2616; x_wconf 70' lang='lat' dir='ltr'><strong>ecz&#39;uoeistis</strong></span> <span class='ocrx_word' id='word_1_230' title='bbox 2795 2575 2907 2615; x_wconf 55' lang='lat' dir='ltr'><strong>nw-</strong></span> <span class='ocrx_word' id='word_1_231' title='bbox 2955 2555 3019 2611; x_wconf 54' lang='lat' dir='ltr'><strong>J„</strong></span> 
     </span>
     <span class='ocr_line' id='line_1_22' title="bbox 383 2654 3019 2746; baseline -0.002 -27"><span class='ocrx_word' id='word_1_232' title='bbox 383 2654 725 2721; x_wconf 76' lang='lat' dir='ltr'><strong>desertum</strong></span> <span class='ocrx_word' id='word_1_233' title='bbox 765 2654 980 2739; x_wconf 84' lang='lat' dir='ltr'><strong>istud,</strong></span> <span class='ocrx_word' id='word_1_234' title='bbox 1012 2666 1089 2721; x_wconf 83' lang='lat' dir='ltr'><strong>ut</strong></span> <span class='ocrx_word' id='word_1_235' title='bbox 1128 2654 1513 2722; x_wconf 78' lang='lat' dir='ltr'><strong>occideretis</strong></span> <span class='ocrx_word' id='word_1_236' title='bbox 1553 2678 1821 2722; x_wconf 82' lang='lat' dir='ltr'><strong>omnem</strong></span> <span class='ocrx_word' id='word_1_237' title='bbox 1875 2654 2396 2722; x_wconf 74' lang='lat' dir='ltr'><strong>multitudinem</strong></span> <span class='ocrx_word' id='word_1_238' title='bbox 2438 2658 2681 2746; x_wconf 84' lang='lat' dir='ltr'><strong>fame?</strong></span> <span class='ocrx_word' id='word_1_239' title='bbox 2709 2683 2740 2717; x_wconf 90' lang='lat'>»</span> <span class='ocrx_word' id='word_1_240' title='bbox 2779 2663 2915 2719; x_wconf 52' lang='lat' dir='ltr'><strong>Eur*</strong></span> <span class='ocrx_word' id='word_1_241' title='bbox 2959 2663 3019 2719; x_wconf 71' lang='grc' dir='ltr'><strong>Μ</strong></span> 
     </span>
     <span class='ocr_line' id='line_1_23' title="bbox 379 2761 3023 2851; baseline -0 -23"><span class='ocrx_word' id='word_1_242' title='bbox 379 2763 602 2829; x_wconf 90' lang='lat' dir='ltr'><strong>solum</strong></span> <span class='ocrx_word' id='word_1_243' title='bbox 633 2761 903 2844; x_wconf 83' lang='lat' dir='ltr'><strong>dieunt,</strong></span> <span class='ocrx_word' id='word_1_244' title='bbox 939 2762 1184 2829; x_wconf 89' lang='lat' dir='ltr'><strong>melius</strong></span> <span class='ocrx_word' id='word_1_245' title='bbox 1208 2762 1340 2829; x_wconf 89' lang='lat' dir='ltr'><strong>sibi</strong></span> <span class='ocrx_word' id='word_1_246' title='bbox 1369 2763 1677 2829; x_wconf 85' lang='lat' dir='ltr'><strong>futurum</strong></span> <span class='ocrx_word' id='word_1_247' title='bbox 1718 2763 1921 2829; x_wconf 85' lang='lat' dir='ltr'><strong>fuisse</strong></span> <span class='ocrx_word' id='word_1_248' title='bbox 1953 2761 2126 2828; x_wconf 91' lang='lat' dir='ltr'><strong>mori</strong></span> <span class='ocrx_word' id='word_1_249' title='bbox 2154 2761 2226 2827; x_wconf 89' lang='lat' dir='ltr'><strong>in</strong></span> <span class='ocrx_word' id='word_1_250' title='bbox 2264 2767 2577 2851; x_wconf 82' lang='lat' dir='ltr'><strong>Aegypto</strong></span> <span class='ocrx_word' id='word_1_251' title='bbox 2607 2785 2807 2851; x_wconf 75' lang='lat' dir='ltr'><strong>quan]</strong></span> <span class='ocrx_word' id='word_1_252' title='bbox 2855 2767 2903 2823; x_wconf 56' lang='lat'><strong>1&#39;24</strong></span> <span class='ocrx_word' id='word_1_253' title='bbox 2927 2791 3023 2827; x_wconf 61' lang='lat' dir='ltr'><strong>*w</strong></span> 
     </span>
     <span class='ocr_line' id='line_1_24' title="bbox 380 2867 3015 2952; baseline -0.002 -17"><span class='ocrx_word' id='word_1_254' title='bbox 380 2868 688 2936; x_wconf 84' lang='lat' dir='ltr'><strong>consumi</strong></span> <span class='ocrx_word' id='word_1_255' title='bbox 732 2869 804 2935; x_wconf 91' lang='lat' dir='ltr'><strong>in</strong></span> <span class='ocrx_word' id='word_1_256' title='bbox 858 2868 1157 2952; x_wconf 82' lang='lat' dir='ltr'><strong>desertO,</strong></span> <span class='ocrx_word' id='word_1_257' title='bbox 1202 2867 1319 2935; x_wconf 89' lang='lat' dir='ltr'><strong>sed</strong></span> <span class='ocrx_word' id='word_1_258' title='bbox 1374 2869 1568 2935; x_wconf 88' lang='lat' dir='ltr'><strong>aiunt</strong></span> <span class='ocrx_word' id='word_1_259' title='bbox 1622 2869 1905 2935; x_wconf 88' lang='lat' dir='ltr'><strong>maioris</strong></span> <span class='ocrx_word' id='word_1_260' title='bbox 1953 2890 2022 2934; x_wconf 90' lang='lat' dir='ltr'><strong>se</strong></span> <span class='ocrx_word' id='word_1_261' title='bbox 2060 2868 2312 2934; x_wconf 78' lang='lat' dir='ltr'><strong>favoris</strong></span> <span class='ocrx_word' id='word_1_262' title='bbox 2356 2869 2505 2934; x_wconf 83' lang='lat' dir='ltr'><strong>loeo</strong></span> <span class='ocrx_word' id='word_1_263' title='bbox 2555 2868 2903 2935; x_wconf 56' lang='lat' dir='ltr'><strong>habitur-*-</strong></span> <span class='ocrx_word' id='word_1_264' title='bbox 2955 2871 3015 2931; x_wconf 60' lang='lat' dir='ltr'>M</span> 
     </span>
     <span class='ocr_line' id='line_1_25' title="bbox 381 2973 2983 3065; baseline -0 -25"><span class='ocrx_word' id='word_1_265' title='bbox 381 2976 581 3041; x_wconf 85' lang='lat' dir='ltr'><strong>fuisse</strong></span> <span class='ocrx_word' id='word_1_266' title='bbox 610 2980 687 3043; x_wconf 85' lang='lat' dir='ltr'><strong>ut</strong></span> <span class='ocrx_word' id='word_1_267' title='bbox 714 2973 917 3041; x_wconf 77' lang='lat' dir='ltr'><strong>Ialzve</strong></span> <span class='ocrx_word' id='word_1_268' title='bbox 945 2998 1015 3041; x_wconf 85' lang='lat' dir='ltr'><strong>se</strong></span> <span class='ocrx_word' id='word_1_269' title='bbox 1048 2975 1122 3041; x_wconf 92' lang='lat' dir='ltr'><strong>in</strong></span> <span class='ocrx_word' id='word_1_270' title='bbox 1146 2979 1458 3065; x_wconf 78' lang='lat' dir='ltr'><strong>Aegypto</strong></span> <span class='ocrx_word' id='word_1_271' title='bbox 1485 2977 1934 3054; x_wconf 87' lang='lat' dir='ltr'><strong>interemerit,</strong></span> <span class='ocrx_word' id='word_1_272' title='bbox 1972 2996 2180 3064; x_wconf 87' lang='lat' dir='ltr'><strong>quam</strong></span> <span class='ocrx_word' id='word_1_273' title='bbox 2211 2981 2286 3040; x_wconf 86' lang='lat' dir='ltr'><strong>ut</strong></span> <span class='ocrx_word' id='word_1_274' title='bbox 2313 2974 2493 3041; x_wconf 79' lang='lat' dir='ltr'><strong>same</strong></span> <span class='ocrx_word' id='word_1_275' title='bbox 2526 2997 2907 3041; x_wconf 73' lang='lat' dir='ltr'>COUSUIU·1·¹1</span> <span class='ocrx_word' id='word_1_276' title='bbox 2903 2979 2983 3039; x_wconf 90' lang='grc' dir='ltr'>Ι</span> 
     </span>
     <span class='ocr_line' id='line_1_26' title="bbox 378 3081 3019 3149; baseline -0.003 -1"><span class='ocrx_word' id='word_1_277' title='bbox 378 3082 453 3148; x_wconf 86' lang='lat' dir='ltr'><strong>in</strong></span> <span class='ocrx_word' id='word_1_278' title='bbox 492 3081 835 3149; x_wconf 87' lang='lat' dir='ltr'><strong>desertu&#39;m</strong></span> <span class='ocrx_word' id='word_1_279' title='bbox 865 3081 1234 3149; x_wconf 82' lang='lat' dir='ltr'><strong>eduxerit.</strong></span> <span class='ocrx_word' id='word_1_280' title='bbox 1273 3082 1521 3149; x_wconf 87' lang='lat' dir='ltr'><strong>acerba</strong></span> <span class='ocrx_word' id='word_1_281' title='bbox 1555 3081 1701 3149; x_wconf 83' lang='lat' dir='ltr'><strong>est</strong></span> <span class='ocrx_word' id='word_1_282' title='bbox 1681 3082 1927 3149; x_wconf 79' lang='lat' dir='ltr'><strong>ironia.</strong></span> <span class='ocrx_word' id='word_1_283' title='bbox 1962 3103 2028 3147; x_wconf 81' lang='lat' dir='ltr'><strong>v,</strong></span> <span class='ocrx_word' id='word_1_284' title='bbox 2076 3089 2113 3149; x_wconf 72' lang='grc' dir='ltr'><strong>[ι</strong></span> <span class='ocrx_word' id='word_1_285' title='bbox 2148 3109 2179 3142; x_wconf 90' lang='lat'>«</span> <span class='ocrx_word' id='word_1_286' title='bbox 2215 3081 2407 3147; x_wconf 71' lang='lat' dir='ltr'><strong>Dixit</strong></span> <span class='ocrx_word' id='word_1_287' title='bbox 2430 3092 2658 3147; x_wconf 82' lang='lat' dir='ltr'><strong>autem</strong></span> <span class='ocrx_word' id='word_1_288' title='bbox 2691 3085 2959 3147; x_wconf 56' lang='lat' dir='ltr'><strong>Deum„</strong></span> <span class='ocrx_word' id='word_1_289' title='bbox 2971 3111 3019 3139; x_wconf 87' lang='lat'><strong>.··</strong></span> 
     </span>
     <span class='ocr_line' id='line_1_27' title="bbox 380 3186 2895 3277; baseline -0.001 -22"><span class='ocrx_word' id='word_1_290' title='bbox 380 3186 477 3255; x_wconf 80' lang='lat' dir='ltr'><strong>ad</strong></span> <span class='ocrx_word' id='word_1_291' title='bbox 501 3190 870 3277; x_wconf 74' lang='lat' dir='ltr'><strong>Moysen,</strong></span> <span class='ocrx_word' id='word_1_292' title='bbox 808 3217 839 3251; x_wconf 69' lang='grc' dir='ltr'><strong>υ</strong></span> <span class='ocrx_word' id='word_1_293' title='bbox 903 3190 1212 3255; x_wconf 83' lang='lat' dir='ltr'><strong>oratione</strong></span> <span class='ocrx_word' id='word_1_294' title='bbox 1243 3189 1332 3254; x_wconf 89' lang='lat' dir='ltr'><strong>ab</strong></span> <span class='ocrx_word' id='word_1_295' title='bbox 1359 3212 1436 3255; x_wconf 92' lang='lat' dir='ltr'><strong>eo</strong></span> <span class='ocrx_word' id='word_1_296' title='bbox 1461 3188 1808 3256; x_wconf 83' lang='lat' dir='ltr'><strong>consultus</strong></span> <span class='ocrx_word' id='word_1_297' title='bbox 1833 3187 2050 3277; x_wconf 72' lang='lat' dir='ltr'><em>(Sylv.</em></span> <span class='ocrx_word' id='word_1_298' title='bbox 2065 3188 2083 3276; x_wconf 94' lang='lat'><em>)</em></span> <span class='ocrx_word' id='word_1_299' title='bbox 2119 3210 2132 3256; x_wconf 92' lang='lat'>:</span> <span class='ocrx_word' id='word_1_300' title='bbox 2169 3214 2200 3248; x_wconf 91' lang='lat'>«</span> <span class='ocrx_word' id='word_1_301' title='bbox 2232 3191 2408 3254; x_wconf 83' lang='lat' dir='ltr'><strong>Ecce</strong></span> <span class='ocrx_word' id='word_1_302' title='bbox 2429 3210 2553 3276; x_wconf 74' lang='lat' dir='ltr'><strong>eqo</strong></span> <span class='ocrx_word' id='word_1_303' title='bbox 2574 3187 2895 3277; x_wconf 72' lang='lat' dir='ltr'><strong>pluam</strong></span> 
     </span>
     <span class='ocr_line' id='line_1_28' title="bbox 372 3294 2999 3385; baseline -0.001 -24"><span class='ocrx_word' id='word_1_304' title='bbox 372 3318 592 3385; x_wconf 77' lang='lat' dir='ltr'><strong>panes</strong></span> <span class='ocrx_word' id='word_1_305' title='bbox 620 3322 680 3379; x_wconf 89' lang='lat'><strong>»,</strong></span> <span class='ocrx_word' id='word_1_306' title='bbox 715 3318 834 3365; x_wconf 89' lang='lat' dir='ltr'><strong>seu</strong></span> <span class='ocrx_word' id='word_1_307' title='bbox 862 3296 1091 3363; x_wconf 81' lang='lat' dir='ltr'><strong>verius</strong></span> <span class='ocrx_word' id='word_1_308' title='bbox 1114 3317 1365 3385; x_wconf 77' lang='lat' dir='ltr'><strong>punem</strong></span> <span class='ocrx_word' id='word_1_309' title='bbox 1396 3323 1427 3357; x_wconf 88' lang='lat'>«</span> <span class='ocrx_word' id='word_1_310' title='bbox 1459 3294 1539 3361; x_wconf 86' lang='lat' dir='ltr'><strong>de</strong></span> <span class='ocrx_word' id='word_1_311' title='bbox 1572 3295 1755 3361; x_wconf 86' lang='lat' dir='ltr'><strong>coelo</strong></span> <span class='ocrx_word' id='word_1_312' title='bbox 1793 3323 1852 3361; x_wconf 91' lang='lat'><strong>».</strong></span> <span class='ocrx_word' id='word_1_313' title='bbox 1891 3300 2024 3361; x_wconf 89' lang='lat' dir='ltr'><strong>Cur</strong></span> <span class='ocrx_word' id='word_1_314' title='bbox 2042 3295 2250 3361; x_wconf 91' lang='lat' dir='ltr'><strong>solius</strong></span> <span class='ocrx_word' id='word_1_315' title='bbox 2277 3296 2475 3384; x_wconf 87' lang='lat' dir='ltr'><strong>panis</strong></span> <span class='ocrx_word' id='word_1_316' title='bbox 2499 3296 2803 3363; x_wconf 83' lang='lat' dir='ltr'><strong>meminit</strong></span> <span class='ocrx_word' id='word_1_317' title='bbox 2839 3303 2915 3359; x_wconf 76' lang='grc' dir='ltr'>Η</span> <span class='ocrx_word' id='word_1_318' title='bbox 2911 3323 2999 3359; x_wconf 66' lang='grc' dir='ltr'><strong>-τι</strong></span> 
     </span>
     <span class='ocr_line' id='line_1_29' title="bbox 365 3401 3023 3492; baseline -0.003 -23"><span class='ocrx_word' id='word_1_319' title='bbox 365 3409 655 3492; x_wconf 72' lang='lat' dir='ltr'><strong>,petente</strong></span> <span class='ocrx_word' id='word_1_320' title='bbox 699 3402 953 3492; x_wconf 90' lang='lat' dir='ltr'><strong>populo</strong></span> <span class='ocrx_word' id='word_1_321' title='bbox 1005 3408 1072 3469; x_wconf 87' lang='lat' dir='ltr'><strong>et</strong></span> <span class='ocrx_word' id='word_1_322' title='bbox 1122 3424 1378 3491; x_wconf 87' lang='lat' dir='ltr'><strong>panem</strong></span> <span class='ocrx_word' id='word_1_323' title='bbox 1432 3406 1498 3468; x_wconf 87' lang='lat' dir='ltr'><strong>et</strong></span> <span class='ocrx_word' id='word_1_324' title='bbox 1546 3402 1826 3468; x_wconf 73' lang='lat' dir='ltr'><strong>carnes?</strong></span> <span class='ocrx_word' id='word_1_325' title='bbox 1869 3401 2119 3489; x_wconf 89' lang='lat' dir='ltr'><strong>Populo</strong></span> <span class='ocrx_word' id='word_1_326' title='bbox 2171 3422 2335 3467; x_wconf 90' lang='lat' dir='ltr'><strong>sane</strong></span> <span class='ocrx_word' id='word_1_327' title='bbox 2392 3407 2533 3467; x_wconf 85' lang='lat' dir='ltr'><strong>tam</strong></span> <span class='ocrx_word' id='word_1_328' title='bbox 2569 3402 3023 3491; x_wconf 49' lang='lat' dir='ltr'><strong>-impudvmvv</strong></span> 
     </span>
     <span class='ocr_line' id='line_1_30' title="bbox 382 3506 3023 3599; baseline -0.003 -24"><span class='ocrx_word' id='word_1_329' title='bbox 382 3509 641 3598; x_wconf 79' lang='lat' dir='ltr'><strong>petenti</strong></span> <span class='ocrx_word' id='word_1_330' title='bbox 666 3530 806 3575; x_wconf 90' lang='lat' dir='ltr'><strong>non</strong></span> <span class='ocrx_word' id='word_1_331' title='bbox 838 3514 985 3576; x_wconf 85' lang='lat' dir='ltr'><strong>erat</strong></span> <span class='ocrx_word' id='word_1_332' title='bbox 1018 3514 1195 3575; x_wconf 83' lang='lat' dir='ltr'><strong>Deus</strong></span> <span class='ocrx_word' id='word_1_333' title='bbox 1218 3508 1449 3574; x_wconf 89' lang='lat' dir='ltr'><strong>omnia</strong></span> <span class='ocrx_word' id='word_1_334' title='bbox 1476 3507 1661 3575; x_wconf 86' lang='lat' dir='ltr'><strong>illico</strong></span> <span class='ocrx_word' id='word_1_335' title='bbox 1696 3508 1908 3598; x_wconf 84' lang='lat' dir='ltr'><strong>petita</strong></span> <span class='ocrx_word' id='word_1_336' title='bbox 1938 3529 2401 3574; x_wconf 66' lang='lat' dir='ltr'><strong>concessurus</strong></span> <span class='ocrx_word' id='word_1_337' title='bbox 2437 3506 2755 3575; x_wconf 86' lang='lat' dir='ltr'><strong>Concedit</strong></span> <span class='ocrx_word' id='word_1_338' title='bbox 2775 3535 3023 3599; x_wconf 39' lang='lat' dir='ltr'><strong>fusius-2³1</strong></span> 
     </span>
     <span class='ocr_line' id='line_1_31' title="bbox 381 3613 3023 3704; baseline -0.002 -23"><span class='ocrx_word' id='word_1_339' title='bbox 381 3638 496 3682; x_wconf 91' lang='lat' dir='ltr'><strong>seu</strong></span> <span class='ocrx_word' id='word_1_340' title='bbox 544 3615 771 3704; x_wconf 89' lang='lat' dir='ltr'><strong>potius</strong></span> <span class='ocrx_word' id='word_1_341' title='bbox 822 3614 1079 3698; x_wconf 85' lang='lat' dir='ltr'><strong>cibum,</strong></span> <span class='ocrx_word' id='word_1_342' title='bbox 1118 3616 1175 3681; x_wconf 91' lang='lat' dir='ltr'><strong>is</strong></span> <span class='ocrx_word' id='word_1_343' title='bbox 1220 3614 1476 3704; x_wconf 89' lang='lat' dir='ltr'><strong>quippe</strong></span> <span class='ocrx_word' id='word_1_344' title='bbox 1517 3616 1589 3682; x_wconf 91' lang='lat' dir='ltr'><strong>h.</strong></span> <span class='ocrx_word' id='word_1_345' title='bbox 1624 3615 1673 3680; x_wconf 93' lang='lat' dir='ltr'><strong>l.</strong></span> <span class='ocrx_word' id='word_1_346' title='bbox 1714 3615 1897 3680; x_wconf 84' lang='lat' dir='ltr'><strong>vocis</strong></span> <span class='ocrx_word' id='word_1_347' title='bbox 1936 3619 2035 3681; x_wconf 86' lang='lat' dir='ltr'><strong>est</strong></span> <span class='ocrx_word' id='word_1_348' title='bbox 2071 3636 2326 3681; x_wconf 81' lang='lat' dir='ltr'><strong>sensus,</strong></span> <span class='ocrx_word' id='word_1_349' title='bbox 2365 3641 2394 3673; x_wconf 93' lang='lat'>«</span> <span class='ocrx_word' id='word_1_350' title='bbox 2441 3613 2863 3702; x_wconf 62' lang='lat' dir='ltr'><strong>Eqrediafn,··</strong></span> <span class='ocrx_word' id='word_1_351' title='bbox 2903 3647 3023 3703; x_wconf 48' lang='grc' dir='ltr'><strong>μη-</strong></span> 
     </span>
     <span class='ocr_line' id='line_1_32' title="bbox 367 3720 3015 3811; baseline 0 -24"><span class='ocrx_word' id='word_1_352' title='bbox 367 3722 580 3810; x_wconf 73' lang='lat' dir='ltr'><strong>palus</strong></span> <span class='ocrx_word' id='word_1_353' title='bbox 612 3750 643 3783; x_wconf 91' lang='lat'>»</span> <span class='ocrx_word' id='word_1_354' title='bbox 694 3721 779 3788; x_wconf 89' lang='lat' dir='ltr'><strong>de</strong></span> <span class='ocrx_word' id='word_1_355' title='bbox 809 3722 1116 3788; x_wconf 85' lang='lat' dir='ltr'><strong>tentoriis</strong></span> <span class='ocrx_word' id='word_1_356' title='bbox 1149 3721 1412 3811; x_wconf 82' lang='lat' dir='ltr'><strong>(Tost.),</strong></span> <span class='ocrx_word' id='word_1_357' title='bbox 1445 3744 1584 3787; x_wconf 90' lang='lat' dir='ltr'><strong>non</strong></span> <span class='ocrx_word' id='word_1_358' title='bbox 1622 3720 1808 3787; x_wconf 87' lang='lat' dir='ltr'><strong>enim</strong></span> <span class='ocrx_word' id='word_1_359' title='bbox 1839 3743 1903 3785; x_wconf 83' lang='lat' dir='ltr'><strong>v,</strong></span> <span class='ocrx_word' id='word_1_360' title='bbox 1943 3728 2022 3787; x_wconf 88' lang='lat'><strong>13</strong></span> <span class='ocrx_word' id='word_1_361' title='bbox 2056 3720 2259 3787; x_wconf 83' lang='lat' dir='ltr'><strong>edicit</strong></span> <span class='ocrx_word' id='word_1_362' title='bbox 2293 3720 2542 3808; x_wconf 72' lang='lat' dir='ltr'><strong>(Sylv.)</strong></span> <span class='ocrx_word' id='word_1_363' title='bbox 2590 3722 2803 3787; x_wconf 83' lang='lat' dir='ltr'><strong>solum</strong></span> <span class='ocrx_word' id='word_1_364' title='bbox 2931 3735 2935 3779; x_wconf 87' lang='grc' dir='ltr'>Ι</span> <span class='ocrx_word' id='word_1_365' title='bbox 2959 3747 3015 3779; x_wconf 65' lang='lat'><strong>÷··=</strong></span> 
     </span>
     <span class='ocr_line' id='line_1_33' title="bbox 381 3826 2955 3918; baseline -0.002 -23"><span class='ocrx_word' id='word_1_366' title='bbox 381 3836 600 3895; x_wconf 86' lang='lat' dir='ltr'><strong>castra</strong></span> <span class='ocrx_word' id='word_1_367' title='bbox 631 3834 981 3918; x_wconf 88' lang='lat' dir='ltr'><strong>repertum</strong></span> <span class='ocrx_word' id='word_1_368' title='bbox 1010 3850 1151 3895; x_wconf 90' lang='lat' dir='ltr'><strong>esse</strong></span> <span class='ocrx_word' id='word_1_369' title='bbox 1182 3849 1467 3908; x_wconf 78' lang='lat' dir='ltr'><strong>manna3</strong></span> <span class='ocrx_word' id='word_1_370' title='bbox 1506 3855 1539 3888; x_wconf 92' lang='lat'>«</span> <span class='ocrx_word' id='word_1_371' title='bbox 1575 3839 1639 3893; x_wconf 79' lang='lat' dir='ltr'><strong>et</strong></span> <span class='ocrx_word' id='word_1_372' title='bbox 1669 3826 1970 3916; x_wconf 73' lang='lat' dir='ltr'><strong>colliqat,</strong></span> <span class='ocrx_word' id='word_1_373' title='bbox 2003 3849 2182 3917; x_wconf 84' lang='lat' dir='ltr'><strong>quae</strong></span> <span class='ocrx_word' id='word_1_374' title='bbox 2205 3826 2563 3915; x_wconf 81' lang='lat' dir='ltr'><strong>sufficiunt</strong></span> <span class='ocrx_word' id='word_1_375' title='bbox 2576 3848 2703 3915; x_wconf 78' lang='lat' dir='ltr'><strong>per</strong></span> <span class='ocrx_word' id='word_1_376' title='bbox 2726 3827 2927 3907; x_wconf 47' lang='lat' dir='ltr'><strong>sius-„su</strong></span> <span class='ocrx_word' id='word_1_377' title='bbox 2948 3847 2955 3858; x_wconf 94' lang='grc'><strong>··</strong></span> 
     </span>
     <span class='ocr_line' id='line_1_34' title="bbox 378 3932 3019 4020; baseline -0.001 -21"><span class='ocrx_word' id='word_1_378' title='bbox 378 3934 523 4000; x_wconf 74' lang='lat' dir='ltr'><strong>dies</strong></span> <span class='ocrx_word' id='word_1_379' title='bbox 554 3958 579 3998; x_wconf 94' lang='grc'><strong>.·</strong></span> <span class='ocrx_word' id='word_1_380' title='bbox 615 3947 689 4001; x_wconf 79' lang='lat' dir='ltr'><strong>ut</strong></span> <span class='ocrx_word' id='word_1_381' title='bbox 721 3948 971 4001; x_wconf 79' lang='lat' dir='ltr'><strong>tentem</strong></span> <span class='ocrx_word' id='word_1_382' title='bbox 1001 3956 1189 4016; x_wconf 89' lang='lat' dir='ltr'><strong>eum,</strong></span> <span class='ocrx_word' id='word_1_383' title='bbox 1225 3947 1457 3999; x_wconf 78' lang='lat' dir='ltr'><strong>ulrum</strong></span> <span class='ocrx_word' id='word_1_384' title='bbox 1486 3932 1787 4000; x_wconf 79' lang='lat' dir='ltr'><strong>ambulet</strong></span> <span class='ocrx_word' id='word_1_385' title='bbox 1820 3933 1892 3998; x_wconf 86' lang='lat' dir='ltr'><strong>in</strong></span> <span class='ocrx_word' id='word_1_386' title='bbox 1928 3933 2075 4020; x_wconf 73' lang='lat' dir='ltr'><strong>leqe</strong></span> <span class='ocrx_word' id='word_1_387' title='bbox 2109 3955 2296 4016; x_wconf 85' lang='lat' dir='ltr'><strong>mea,</strong></span> <span class='ocrx_word' id='word_1_388' title='bbox 2336 3955 2430 3999; x_wconf 80' lang='lat' dir='ltr'><strong>an</strong></span> <span class='ocrx_word' id='word_1_389' title='bbox 2460 3956 2596 3998; x_wconf 82' lang='lat' dir='ltr'><strong>non</strong></span> <span class='ocrx_word' id='word_1_390' title='bbox 2632 3961 2689 3996; x_wconf 88' lang='lat'><strong>».</strong></span> <span class='ocrx_word' id='word_1_391' title='bbox 2733 3964 2759 3993; x_wconf 62' lang='grc' dir='ltr'><strong>(ι</strong></span> <span class='ocrx_word' id='word_1_392' title='bbox 2811 3935 3019 3995; x_wconf 40' lang='lat' dir='ltr'><strong>*famil</strong></span> 
     </span>
     <span class='ocr_line' id='line_1_35' title="bbox 376 4039 3027 4132; baseline -0.003 -25"><span class='ocrx_word' id='word_1_393' title='bbox 376 4048 737 4132; x_wconf 88' lang='lat' dir='ltr'><strong>praeterea</strong></span> <span class='ocrx_word' id='word_1_394' title='bbox 777 4041 941 4109; x_wconf 87' lang='lat' dir='ltr'><strong>dare</strong></span> <span class='ocrx_word' id='word_1_395' title='bbox 980 4041 1115 4107; x_wconf 89' lang='lat' dir='ltr'><strong>illis</strong></span> <span class='ocrx_word' id='word_1_396' title='bbox 1154 4042 1336 4106; x_wconf 85' lang='lat' dir='ltr'><strong>cibos</strong></span> <span class='ocrx_word' id='word_1_397' title='bbox 1380 4063 1520 4106; x_wconf 91' lang='lat' dir='ltr'><strong>non</strong></span> <span class='ocrx_word' id='word_1_398' title='bbox 1549 4062 1677 4128; x_wconf 89' lang='lat' dir='ltr'><strong>per</strong></span> <span class='ocrx_word' id='word_1_399' title='bbox 1716 4039 2025 4126; x_wconf 83' lang='lat' dir='ltr'><strong>singulos</strong></span> <span class='ocrx_word' id='word_1_400' title='bbox 2064 4060 2360 4119; x_wconf 83' lang='lat' dir='ltr'><strong>menseS,</strong></span> <span class='ocrx_word' id='word_1_401' title='bbox 2400 4039 2519 4105; x_wconf 92' lang='lat' dir='ltr'><strong>sed</strong></span> <span class='ocrx_word' id='word_1_402' title='bbox 2559 4060 2682 4127; x_wconf 88' lang='lat' dir='ltr'><strong>per</strong></span> <span class='ocrx_word' id='word_1_403' title='bbox 2719 4043 3027 4115; x_wconf 41' lang='lat' dir='ltr'><strong>sin-ruha</strong></span> 
     </span>
     <span class='ocr_line' id='line_1_36' title="bbox 378 4145 3027 4237; baseline -0.003 -23"><span class='ocrx_word' id='word_1_404' title='bbox 378 4148 552 4229; x_wconf 82' lang='lat' dir='ltr'><strong>dies,</strong></span> <span class='ocrx_word' id='word_1_405' title='bbox 597 4155 674 4214; x_wconf 85' lang='lat' dir='ltr'><strong>ut</strong></span> <span class='ocrx_word' id='word_1_406' title='bbox 710 4148 944 4215; x_wconf 89' lang='lat' dir='ltr'><strong>nullus</strong></span> <span class='ocrx_word' id='word_1_407' title='bbox 984 4147 1388 4237; x_wconf 87' lang='lat' dir='ltr'><strong>praeteriret</strong></span> <span class='ocrx_word' id='word_1_408' title='bbox 1437 4147 1610 4219; x_wconf 80' lang='lat' dir='ltr'><strong>dies,</strong></span> <span class='ocrx_word' id='word_1_409' title='bbox 1653 4146 1726 4212; x_wconf 92' lang='lat' dir='ltr'><strong>in</strong></span> <span class='ocrx_word' id='word_1_410' title='bbox 1764 4168 1902 4235; x_wconf 90' lang='lat' dir='ltr'><strong>quo</strong></span> <span class='ocrx_word' id='word_1_411' title='bbox 1942 4145 2125 4212; x_wconf 85' lang='lat' dir='ltr'><strong>circa</strong></span> <span class='ocrx_word' id='word_1_412' title='bbox 2161 4168 2230 4211; x_wconf 93' lang='lat' dir='ltr'><strong>se</strong></span> <span class='ocrx_word' id='word_1_413' title='bbox 2271 4167 2407 4211; x_wconf 90' lang='lat' dir='ltr'><strong>non</strong></span> <span class='ocrx_word' id='word_1_414' title='bbox 2446 4145 2771 4211; x_wconf 74' lang='lat' dir='ltr'><strong>sentirent</strong></span> <span class='ocrx_word' id='word_1_415' title='bbox 2823 4147 3027 4231; x_wconf 44' lang='lat' dir='ltr'><strong>{lain-</strong></span> 
     </span>
     <span class='ocr_line' id='line_1_37' title="bbox 376 4250 3023 4343; baseline -0.003 -24"><span class='ocrx_word' id='word_1_416' title='bbox 376 4253 790 4321; x_wconf 86' lang='lat' dir='ltr'><strong>beneficium</strong></span> <span class='ocrx_word' id='word_1_417' title='bbox 826 4283 856 4313; x_wconf 85' lang='lat'>»</span> <span class='ocrx_word' id='word_1_418' title='bbox 908 4254 928 4343; x_wconf 94' lang='lat'>(</span> <span class='ocrx_word' id='word_1_419' title='bbox 949 4255 1152 4342; x_wconf 82' lang='lat' dir='ltr'><em>Vat.).</em></span> <span class='ocrx_word' id='word_1_420' title='bbox 1188 4276 1251 4319; x_wconf 88' lang='lat' dir='ltr'><strong>v.</strong></span> <span class='ocrx_word' id='word_1_421' title='bbox 1284 4261 1323 4321; x_wconf 85' lang='lat'>5</span> <span class='ocrx_word' id='word_1_422' title='bbox 1360 4280 1393 4315; x_wconf 90' lang='lat'>«</span> <span class='ocrx_word' id='word_1_423' title='bbox 1425 4253 1551 4319; x_wconf 86' lang='lat' dir='ltr'><strong>Die</strong></span> <span class='ocrx_word' id='word_1_424' title='bbox 1584 4266 1818 4319; x_wconf 78' lang='lat' dir='ltr'><strong>autem</strong></span> <span class='ocrx_word' id='word_1_425' title='bbox 1847 4265 2033 4318; x_wconf 73' lang='lat' dir='ltr'><strong>seoeto</strong></span> <span class='ocrx_word' id='word_1_426' title='bbox 2070 4280 2101 4313; x_wconf 70' lang='lat'><strong>&gt;³</strong></span> <span class='ocrx_word' id='word_1_427' title='bbox 2135 4250 2651 4333; x_wconf 85' lang='lat' dir='ltr'><strong>hebdomadae,</strong></span> <span class='ocrx_word' id='word_1_428' title='bbox 2686 4274 2819 4317; x_wconf 70' lang='lat' dir='ltr'><strong>nui]</strong></span> <span class='ocrx_word' id='word_1_429' title='bbox 2875 4279 2891 4311; x_wconf 69' lang='grc' dir='ltr'><strong>τ.</strong></span> <span class='ocrx_word' id='word_1_430' title='bbox 2915 4279 3023 4311; x_wconf 74' lang='grc' dir='ltr'><strong>-ιι</strong></span> 
     </span>
     <span class='ocr_line' id='line_1_38' title="bbox 377 4358 3023 4452; baseline -0.003 -25"><span class='ocrx_word' id='word_1_431' title='bbox 377 4361 502 4427; x_wconf 85' lang='lat' dir='ltr'><strong>lati</strong></span> <span class='ocrx_word' id='word_1_432' title='bbox 539 4360 744 4427; x_wconf 88' lang='lat' dir='ltr'><strong>huius</strong></span> <span class='ocrx_word' id='word_1_433' title='bbox 785 4361 1109 4443; x_wconf 84' lang='lat' dir='ltr'><strong>mandati,</strong></span> <span class='ocrx_word' id='word_1_434' title='bbox 1152 4399 1239 4410; x_wconf 91' lang='lat'><strong>—-</strong></span> <span class='ocrx_word' id='word_1_435' title='bbox 1277 4382 1413 4426; x_wconf 92' lang='lat' dir='ltr'><strong>non</strong></span> <span class='ocrx_word' id='word_1_436' title='bbox 1450 4362 1761 4449; x_wconf 87' lang='lat' dir='ltr'><strong>sequitur</strong></span> <span class='ocrx_word' id='word_1_437' title='bbox 1785 4381 2037 4425; x_wconf 85' lang='lat' dir='ltr'><strong>manna</strong></span> <span class='ocrx_word' id='word_1_438' title='bbox 2069 4358 2375 4452; x_wconf 83' lang='lat' dir='ltr'><strong>primum</strong></span> <span class='ocrx_word' id='word_1_439' title='bbox 2423 4359 2879 4446; x_wconf 49' lang='lat' dir='ltr'><strong>comparui-ew</strong></span> <span class='ocrx_word' id='word_1_440' title='bbox 2923 4359 3023 4419; x_wconf 58' lang='lat' dir='ltr'><strong>[li--</strong></span> 
     </span>
     <span class='ocr_line' id='line_1_39' title="bbox 376 4463 3019 4556; baseline -0.005 -22"><span class='ocrx_word' id='word_1_441' title='bbox 376 4466 722 4534; x_wconf 86' lang='lat' dir='ltr'><strong>dominica</strong></span> <span class='ocrx_word' id='word_1_442' title='bbox 754 4466 903 4556; x_wconf 81' lang='lat' dir='ltr'><strong>(Or.</strong></span> <span class='ocrx_word' id='word_1_443' title='bbox 936 4471 1128 4533; x_wconf 88' lang='lat' dir='ltr'><strong>Hom.</strong></span> <span class='ocrx_word' id='word_1_444' title='bbox 1165 4468 1231 4554; x_wconf 83' lang='lat'><strong>7)</strong></span> <span class='ocrx_word' id='word_1_445' title='bbox 1258 4505 1347 4516; x_wconf 91' lang='grc'>-</span> <span class='ocrx_word' id='word_1_446' title='bbox 1381 4496 1409 4526; x_wconf 91' lang='lat'>«</span> <span class='ocrx_word' id='word_1_447' title='bbox 1441 4478 1688 4555; x_wconf 81' lang='lat' dir='ltr'><strong>parent</strong></span> <span class='ocrx_word' id='word_1_448' title='bbox 1711 4464 1899 4555; x_wconf 81' lang='lat' dir='ltr'><strong>quod</strong></span> <span class='ocrx_word' id='word_1_449' title='bbox 1927 4464 2257 4554; x_wconf 79' lang='lat' dir='ltr'><strong>inferant,</strong></span> <span class='ocrx_word' id='word_1_450' title='bbox 2296 4476 2359 4530; x_wconf 86' lang='lat' dir='ltr'><strong>et</strong></span> <span class='ocrx_word' id='word_1_451' title='bbox 2377 4464 2464 4530; x_wconf 80' lang='lat' dir='ltr'><strong>sit</strong></span> <span class='ocrx_word' id='word_1_452' title='bbox 2497 4463 2783 4553; x_wconf 77' lang='lat' dir='ltr'><strong>duplum</strong></span> <span class='ocrx_word' id='word_1_453' title='bbox 2819 4495 3019 4551; x_wconf 49' lang='lat' dir='ltr'><strong>÷4‚2.-srf.2.2-.2</strong></span> 
     </span>
     <span class='ocr_line' id='line_1_40' title="bbox 379 4572 1801 4664; baseline 0.001 -25"><span class='ocrx_word' id='word_1_454' title='bbox 379 4573 697 4664; x_wconf 74' lang='lat' dir='ltr'><strong>colliqere</strong></span> <span class='ocrx_word' id='word_1_455' title='bbox 722 4574 1027 4639; x_wconf 76' lang='lat' dir='ltr'><strong>solebant</strong></span> <span class='ocrx_word' id='word_1_456' title='bbox 1055 4595 1181 4662; x_wconf 82' lang='lat' dir='ltr'><strong>per</strong></span> <span class='ocrx_word' id='word_1_457' title='bbox 1209 4572 1514 4662; x_wconf 74' lang='lat' dir='ltr'><strong>sinqulos</strong></span> <span class='ocrx_word' id='word_1_458' title='bbox 1556 4572 1701 4639; x_wconf 84' lang='lat' dir='ltr'><strong>dies</strong></span> <span class='ocrx_word' id='word_1_459' title='bbox 1741 4601 1801 4640; x_wconf 83' lang='lat'><strong>».</strong></span> 
     </span>
    </p>

    <p class='ocr_par' dir='ltr' id='par_1_4' title="bbox 379 4677 3035 4876">
     <span class='ocr_line' id='line_1_41' title="bbox 468 4677 3019 4770; baseline -0.003 -24"><span class='ocrx_word' id='word_1_460' title='bbox 468 4680 755 4748; x_wconf 86' lang='lat' dir='ltr'><strong>Adverte</strong></span> <span class='ocrx_word' id='word_1_461' title='bbox 787 4680 999 4747; x_wconf 86' lang='lat' dir='ltr'><strong>verba</strong></span> <span class='ocrx_word' id='word_1_462' title='bbox 1026 4703 1090 4746; x_wconf 88' lang='lat' dir='ltr'><strong>v.</strong></span> <span class='ocrx_word' id='word_1_463' title='bbox 1129 4687 1165 4747; x_wconf 65' lang='lat'><strong>⁷4</strong></span> <span class='ocrx_word' id='word_1_464' title='bbox 1197 4704 1295 4770; x_wconf 84' lang='lat' dir='ltr'><strong>sq.</strong></span> <span class='ocrx_word' id='word_1_465' title='bbox 1331 4679 1883 4769; x_wconf 89' lang='lat' dir='ltr'><strong>proloquiDeum</strong></span> <span class='ocrx_word' id='word_1_466' title='bbox 1906 4677 2001 4744; x_wconf 82' lang='lat' dir='ltr'><strong>ad</strong></span> <span class='ocrx_word' id='word_1_467' title='bbox 2016 4677 2235 4743; x_wconf 79' lang='lat' dir='ltr'><strong>sol-um</strong></span> <span class='ocrx_word' id='word_1_468' title='bbox 2263 4680 2565 4764; x_wconf 76' lang='lat' dir='ltr'><strong>Moysen,</strong></span> <span class='ocrx_word' id='word_1_469' title='bbox 2601 4677 2763 4766; x_wconf 87' lang='lat' dir='ltr'><strong>quin</strong></span> <span class='ocrx_word' id='word_1_470' title='bbox 2787 4705 2851 4739; x_wconf 62' lang='lat' dir='ltr'><strong>ru</strong></span> <span class='ocrx_word' id='word_1_471' title='bbox 2871 4711 2875 4726; x_wconf 78' lang='lat'><em>-</em></span> <span class='ocrx_word' id='word_1_472' title='bbox 2895 4679 2923 4735; x_wconf 79' lang='lat'><strong>‘!·</strong></span> <span class='ocrx_word' id='word_1_473' title='bbox 2943 4711 2947 4715; x_wconf 97' lang='lat'>·</span> <span class='ocrx_word' id='word_1_474' title='bbox 2967 4699 3019 4739; x_wconf 55' lang='grc' dir='ltr'><strong>ις,</strong></span> 
     </span>
     <span class='ocr_line' id='line_1_42' title="bbox 379 4783 3035 4876; baseline -0.004 -23"><span class='ocrx_word' id='word_1_475' title='bbox 379 4788 614 4855; x_wconf 81' lang='lat' dir='ltr'><strong>iubeat</strong></span> <span class='ocrx_word' id='word_1_476' title='bbox 642 4787 902 4876; x_wconf 89' lang='lat' dir='ltr'><strong>populo</strong></span> <span class='ocrx_word' id='word_1_477' title='bbox 948 4786 1186 4875; x_wconf 85' lang='lat' dir='ltr'><strong>repeti.</strong></span> <span class='ocrx_word' id='word_1_478' title='bbox 1227 4786 1572 4853; x_wconf 89' lang='lat' dir='ltr'><strong>Eiusmodi</strong></span> <span class='ocrx_word' id='word_1_479' title='bbox 1624 4784 1972 4874; x_wconf 87' lang='lat' dir='ltr'><strong>quaedam</strong></span> <span class='ocrx_word' id='word_1_480' title='bbox 2015 4784 2288 4871; x_wconf 83' lang='lat' dir='ltr'><strong>eloquia</strong></span> <span class='ocrx_word' id='word_1_481' title='bbox 2331 4805 2468 4849; x_wconf 91' lang='lat' dir='ltr'><strong>non</strong></span> <span class='ocrx_word' id='word_1_482' title='bbox 2516 4783 2659 4849; x_wconf 90' lang='lat' dir='ltr'><strong>sine</strong></span> <span class='ocrx_word' id='word_1_483' title='bbox 2705 4795 2875 4848; x_wconf 64' lang='lat' dir='ltr'><strong>cei-tn</strong></span> <span class='ocrx_word' id='word_1_484' title='bbox 2939 4813 3035 4843; x_wconf 49' lang='lat' dir='ltr'><strong>mn</strong></span> 
     </span>
    </p>
   </div>
  </div>
 </body>
</html>
