3534 5384
785 369 833 414 ax.
857 354 928 428 aaa
952 371 1013 423 soc.
1385 362 1394 382 ⁰
1506 358 1563 417 267

232 508 440 599 quibusdam
460 505 601 573 vocibus
617 527 687 570 non
705 509 756 570 sat
774 509 932 572 accurate
950 503 1137 571 translatis,
1158 509 1244 571 Dum
1266 504 1365 571 Hebr.
1384 529 1416 572 v.
1437 512 1491 572 1-6
1506 505 1561 592 (ci.

231 638 267 681 v.
288 621 342 682 12.
359 621 411 682 15.
430 620 482 681 18.
498 620 553 680 20.
569 618 623 678 22.
641 618 696 677 26.
714 613 770 698 30)
787 611 859 698 agit
874 610 916 677 dc
931 609 1129 677 habitaculo
1145 625 1251 700 qaum,
1267 616 1341 677 etv.
1357 618 1436 680 7-1t
1453 612 1495 679 dc
1512 625 1565 678 ta-

233 720 414 790 bernaculo
439 709 519 793 lna,
543 717 642 804 Vulg.
670 717 873 807 plerumque
900 717 1019 784 scribit
1052 715 1328 802 tabernaculum,
1356 719 1562 808 quandoque

233 841 358 895 tectum
370 828 424 894 rel
437 827 697 916 operimentum.
719 824 847 891 Eadem
864 845 950 913 quos
970 829 1048 906 Qut
1065 823 1199 891 dixerat
1209 824 1301 912 pilas
1314 847 1508 913 caprarum,
1525 849 1565 893 ea

233 958 265 1001 v.
288 941 307 1001 7
330 940 428 1002 vocat
451 933 605 1000 cilicina.
628 935 718 1008 Quae
740 936 857 1010 aot-6
877 931 1010 997 dixerat
1028 930 1180 998 curtirias
1201 935 1234 997 et
1258 929 1421 1012 circulos,
1438 955 1477 998 ea
1494 934 1562 998 ianr

131 1027 139 1040 ⁹
231 1041 352 1108 scribit
370 1062 493 1129 sapum
516 1045 550 1105 et
567 1036 724 1126 filiclam.
751 1041 841 1116 Quae
861 1037 1110 1104 vocabulorum
1135 1037 1355 1119 mutationes,
1376 1038 1437 1104 ubi
1453 1038 1495 1104 dc
1510 1060 1564 1103 rc-

229 1148 296 1214 bus
314 1147 432 1234 agitur
445 1145 587 1225 iisdem,
605 1163 796 1211 sermonem
820 1143 1049 1210 contundunt.
1071 1181 1116 1194 -
1131 1143 1239 1230 Igitur
1259 1165 1335 1233 cap.
1354 1143 1562 1233 reprimam

233 1255 305 1340 agit
319 1253 361 1320 de
376 1250 566 1319 habitaculi
580 1249 721 1318 cortinis
734 1249 897 1338 byssinis,
916 1249 958 1315 de
975 1248 1199 1317 tabernaculo
1214 1249 1351 1316 cilicino
1368 1255 1400 1316 et
1412 1249 1560 1340 pellibus

231 1360 319 1427 illud
335 1357 583 1449 operientibus;
601 1356 680 1423 dein
694 1356 737 1422 de
751 1356 875 1443 ligneis
894 1355 1086 1423 habitaculi
1099 1356 1299 1446 parictibus.

696 1611 726 1655 u,
745 1605 911 1653 Habitaculum
928 1607 975 1653 Ea.
990 1609 1098 1666 tat-³0.

275 1789 359 1875 Arq.
377 1825 422 1836 —
440 1790 559 1852 Decem
584 1784 738 1851 cortinae
757 1784 917 1871 byssinae
941 1783 977 1850 in
1002 1784 1186 1873 quinarum
1201 1782 1411 1851 cortinarum
1426 1783 1495 1849 duo
1515 1789 1564 1850 ta-

230 1897 309 1983 peta
327 1891 596 1978 coniunguntur.
615 1893 702 1956 Haec
719 1891 971 1979 quinquaginta
990 1890 1104 1957 aureis
1123 1889 1308 1972 uncinuliS,
1327 1889 1380 1955 bis
1394 1889 1566 1978 quinqua-

229 1999 329 2085 ginta
343 1999 470 2065 ansulis
480 1996 616 2064 insertis
628 1996 677 2063 ita
687 1997 892 2083 iunguntur,
909 2001 948 2063 ut
961 1995 1207 2062 uncinulorum
1223 1997 1325 2062 series
1339 1995 1442 2062 simul
1456 1996 1563 2062 sancti

229 2113 428 2172 sanctorum
444 2127 465 2170 a
483 2111 598 2170 sancto
616 2104 721 2168 limen
741 2101 924 2169 describat.

279 2213 362 2301 Cap.
378 2211 493 2278 XXVI
503 2233 535 2276 v.
553 2216 569 2275 1
591 2237 607 2270 u
630 2207 901 2274 Taberuaculum
917 2231 993 2274 ocra
1006 2209 1055 2275 ita
1070 2208 1181 2298 facies
1199 2230 1210 2274 :
1227 2207 1342 2274 decem
1358 2208 1506 2274 cortinas
1521 2207 1562 2274 (le

231 2319 326 2408 bysso
347 2328 475 2384 retorta
502 2344 517 2378 u
547 2355 591 2365 -
612 2315 660 2382 ita
680 2315 781 2381 ctiam
802 2317 895 2382 LXX
917 2314 1136 2390 vertitumm
1157 2313 1277 2381 Chald.
1295 2329 1368 2380 artu
1390 2313 1561 2401 significat

228 2424 287 2491 tila
305 2424 490 2514 dupliciter
508 2427 752 2511 contorquere;
768 2421 850 2488 item
875 2423 954 2509 Syr.
973 2409 1039 2490 bur
1055 2463 1098 2472 —
1125 2449 1141 2482 a
1160 2433 1193 2489 et
1211 2419 1396 2511 hyacintho
1417 2443 1456 2486 ac
1472 2442 1563 2511 pur-

227 2552 492 2620 puracoccoquc
506 2528 556 2595 bis
570 2530 675 2594 tincto
694 2555 724 2611 ιι,
741 2567 785 2578 -
797 2533 891 2594 verte
906 2539 939 2594 et
953 2551 1064 2595 cerate
1080 2529 1179 2612 cocci,
1197 2527 1248 2594 uti
1260 2535 1339 2610 25‚t
1355 2567 1400 2576 —
1417 2557 1432 2588 ιι
1447 2526 1558 2593 caria-

230 2650 279 2704 tas
299 2659 397 2727 opere
415 2635 594 2725 plumaria
616 2633 725 2722 facies
746 2661 777 2702 a,
804 2633 872 2701 Sed
895 2656 959 2724 pro
983 2634 1135 2702 variatas
1160 2656 1278 2702 omnes
1301 2639 1411 2702 textus
1433 2633 1560 2701 habent

232 2743 428 2825 Cbcmrbim,
445 2764 466 2808 a
479 2764 548 2831 qua
560 2763 644 2807 voce
659 2761 783 2807 novam
796 2739 943 2831 incipias
957 2741 1171 2807 sententiam.
1190 2745 1278 2828 Ergo
1294 2742 1444 2807 cortinae
1459 2745 1557 2807 eraut

228 2872 268 2916 ex
282 2850 383 2938 bysso
402 2847 530 2938 (Catu
551 2847 604 2914 cui
620 2846 862 2912 intexebantur
880 2846 931 2912 fili
953 2849 1119 2937 purpurei
1142 2853 1221 2930 etc,
1239 2852 1272 2913 et
1286 2847 1426 2937 quidem
1436 2849 1496 2927 ita,
1519 2850 1557 2912 ut

229 2978 296 3021 non
310 2955 423 3022 solam
438 2955 631 3020 efficeretur
646 2957 780 3020 textura
798 2952 1032 3036 diversicolor,
1054 2953 1115 3020 sed
1130 2960 1168 3019 ut
1184 2976 1202 3020 e
1218 2953 1341 3019 diversi
1357 2952 1479 3019 coloris
1494 2951 1561 3018 filis

229 3061 445 3128 efficerentur
460 3060 591 3126 formae
609 3059 811 3142 Cherubim,
828 3059 921 3148 quod
941 3082 1026 3149 opus
1045 3063 1119 3126 erat
1133 3059 1400 3148 plumariorum.
1423 3063 1459 3125 ln
1475 3058 1562 3124 eius-

229 3166 324 3234 modi
346 3189 446 3256 opere
468 3165 627 3255 Aegyptii
652 3165 822 3255 imprimis
841 3165 1055 3232 excellebant
1079 3186 1086 3233 :
1108 3167 1150 3232 ci.
1169 3168 1301 3231 Ermau
1322 3187 1357 3254 p.
1383 3169 1459 3232 aot.
1481 3187 1514 3231 v,
1539 3171 1559 3230 2

231 3301 246 3334 a
262 3271 456 3363 Louqitudo
472 3273 624 3338 cortinae
638 3272 741 3337 rmius
755 3270 891 3338 babebit
903 3271 1031 3361 viqiuti
1046 3283 1117 3338 octo
1134 3271 1279 3352 cubitos,
1298 3269 1444 3337 latitudo
1469 3293 1558 3360 qua-

229 3394 306 3446 tuor
325 3378 516 3446 erubiturum
540 3377 617 3444 erit.
644 3378 753 3444 Unius
778 3399 957 3444 maurinae
980 3379 1065 3464 fient
1093 3378 1252 3445 universa
1274 3377 1422 3444 tentoria
1443 3405 1478 3459 ιι,
1498 3399 1557 3444 scu

227 3485 418 3554 accuratius
432 3484 613 3552 universae
627 3483 707 3552 illae
723 3483 841 3550 decem
857 3483 1021 3550 cortinae.
1039 3507 1070 3552 v.
1088 3492 1107 3551 3
1120 3513 1136 3546 a
1157 3484 1311 3574 Quinque
1326 3484 1479 3551 cortinae
1493 3483 1563 3550 sibi

226 3594 413 3682 iuupcutur
424 3605 561 3676 arictua,
579 3602 612 3656 et
630 3588 721 3656 aliae
737 3589 892 3680 quiaque
909 3612 999 3657 uara
1014 3590 1124 3656 simili
1144 3590 1370 3658 cohaerebunt
1383 3617 1399 3652 »
1413 3613 1421 3673 ;
1435 3591 1484 3657 ita
1500 3595 1561 3673 ut„

227 3700 365 3788 quando
379 3699 516 3767 iunctae
526 3696 669 3778 fuerint,
683 3697 877 3764 habeantur
889 3701 1004 3786 tapeta
1019 3697 1106 3779 duo,
1124 3719 1271 3788 quorum
1283 3697 1555 3788 unumquodque

227 3805 451 3892 longitudinis
474 3803 603 3870 habeat
626 3802 758 3869 cubitos
783 3802 908 3890 viginti
931 3809 1024 3887 octo,
1045 3801 1238 3870 latitudinis
1266 3827 1346 3871 vero
1372 3804 1555 3892 quinquies

227 3916 387 4000 quatuor,
402 3910 427 3976 i.
444 3932 474 3976 e.
491 3910 628 3996 viginti.

271 4017 366 4097 Quod
380 4039 413 4084 v.
431 4023 450 4084 t
466 4038 517 4104 sq.
538 4015 687 4082 traditur
700 4015 743 4081 de
758 4017 900 4082 cortinis
915 4015 1065 4083 invicem
1079 4017 1266 4106 iungendis
1280 4039 1343 4106 ope
1359 4013 1553 4082 ansularum

225 4130 258 4190 et
272 4123 497 4202 circulorum,
514 4121 667 4188 dubitari
685 4126 795 4211 potest
815 4143 860 4188 an
879 4121 925 4188 ad
939 4123 1062 4212 quinas
1084 4124 1234 4190 cortinas
1252 4123 1391 4189 interae
1408 4123 1555 4208 iungen-

225 4229 285 4296 das
299 4229 479 4308 referatur,
495 4250 540 4305 an
560 4229 605 4294 ad
624 4228 693 4294 duo
712 4226 902 4316 quinarum
918 4228 1130 4296 cortinarum
1150 4233 1264 4318 tapeta
1283 4230 1462 4295 referatur.
1486 4231 1555 4294 Hoc

225 4336 372 4402 alterum
388 4332 531 4401 indubie
549 4332 675 4400 evincit
691 4356 723 4400 v.
742 4338 783 4400 33
797 4333 920 4400 iubens
935 4335 1066 4418 velum,
1085 4335 1177 4424 quod
1197 4337 1232 4400 in
1247 4335 1342 4402 aditu
1356 4337 1429 4401 erat
1445 4335 1554 4400 sancti

225 4447 439 4522 sanctorum,
462 4439 624 4506 collocari
648 4467 664 4500 u
692 4438 784 4506 inira
804 4438 950 4507 circulos
971 4469 986 4502 »
1015 4463 1126 4528 :ergo
1149 4441 1198 4508 ibi
1213 4463 1274 4508 nec
1290 4441 1374 4508 alibi
1389 4446 1487 4507 erant
1503 4440 1553 4505 illi

225 4548 356 4616 circuli.
376 4550 464 4633 Ergo
488 4551 643 4635 tapetum
664 4567 772 4614 unum
793 4545 973 4636 operiebat
991 4553 1148 4615 sanctum
1167 4553 1382 4630 sanctorum,
1400 4553 1552 4635 tapetum

225 4655 372 4721 aiterum
384 4653 535 4720 eiusdem
550 4651 799 4739 magnitudinis
815 4653 995 4742 operiebat
1005 4661 1178 4736 sanctum;
1199 4654 1286 4721 duae
1304 4653 1385 4720 illae
1400 4657 1555 4718 sanctua-

226 4759 270 4826 rii
289 4767 406 4850 partes
427 4759 531 4825 simul
553 4763 709 4848 sumptae
725 4757 954 4844 longitudinis
973 4765 1072 4826 erant
1091 4760 1323 4849 quadraginta
1345 4757 1558 4840 cubitorum,
