3534 5384
738 363 788 406 ux.
813 346 884 418 18,8
905 364 969 416 soc.
1464 350 1517 409 185
1542 336 1546 343 ’

188 496 366 587 Acqyptiis
378 507 521 586 propter
536 495 657 579 Israel,
675 497 937 587 terrioersumque
954 495 1102 562 laborem
1110 549 1120 580 ,
1135 495 1197 586 qui
1215 497 1394 566 accidisset
1410 499 1456 564 eis
1476 499 1514 565 iu

189 604 326 688 itinere,
345 615 377 669 ct
389 602 483 691 qrcod
492 601 695 669 liberauerat
709 623 764 668 cos
780 602 943 669 Dominus
958 631 987 669 ».
1006 629 1021 664 u
1036 605 1100 670 Per
1110 601 1257 670 laborem
1273 603 1515 692 intelliguntur

188 709 353 800 penuriae
367 708 436 775 cibi
455 713 489 776 et
501 713 620 798 potus,
635 708 854 776 difficultates
867 713 901 774 et
916 709 1111 791 molestiae,
1132 731 1218 798 quas
1233 711 1323 801 passi
1338 716 1435 777 erant
1456 716 1513 778 Me-

108 823 115 834 '
187 815 284 883 braei
307 814 377 882 sive
401 814 446 881 ab
465 814 658 884 amalecitis
681 815 751 882 sive
775 815 914 882 aliunde
936 843 951 875 u
974 814 1049 904 (Syl
1072 815 1109 904 .).
1132 819 1289 884 Ceterum
1308 817 1510 884 Amaleoita·

189 944 266 990 rum
280 923 413 989 cladem
431 920 504 988 sine
522 921 630 988 dubio
643 920 770 1012 oppida
788 927 999 1011 compertam
1017 921 1168 990 habebat
1187 923 1313 1006 tethro,
1335 923 1514 1012 fueratque

187 1050 228 1096 ea
254 1029 356 1095 etiam
375 1028 464 1095 ratio
485 1026 655 1096 amicitiae
681 1026 799 1114 Moysis
817 1027 1057 1117 exquirendae.
1079 1051 1113 1095 v.
1136 1035 1155 1095 9
1178 1057 1193 1090 u
1215 1031 1445 1120 metatusque
1466 1041 1513 1096 est

187 1133 297 1201 letheo
325 1156 427 1223 super
451 1132 607 1200 omuibus
631 1131 741 1218 tonis,
759 1156 848 1225 quac
865 1135 998 1223 [ecerat
1017 1134 1180 1202 Dominus
1203 1135 1340 1218 Israeli,
1363 1158 1400 1202 eo
1421 1135 1515 1226 qttctt

187 1240 326 1307 eruisset
339 1263 416 1307 eum
428 1239 470 1307 dc
483 1262 590 1307 mauu
602 1240 853 1331 aeyyptiorum
870 1269 901 1324 »,
916 1264 948 1307 v.
967 1247 1006 1307 10
1023 1270 1038 1302 «
1056 1253 1088 1307 et
1098 1240 1148 1308 ait
1162 1241 1388 1309 :Benedictus
1398 1242 1513 1308 Domi-

188 1369 266 1431 nus,
284 1346 346 1436 qui
364 1345 520 1414 liberauit
538 1369 597 1413 uos
615 1347 657 1413 de
678 1370 783 1413 uranu
804 1347 1056 1436 Aeqyptiorum
1074 1360 1107 1414 et
1127 1346 1169 1414 de
1185 1370 1292 1416 manu
1306 1350 1513 1432 Pharaonis,

188 1453 250 1543 qui
272 1453 541 1544 eruitpoputuue
562 1475 661 1520 starem
680 1452 723 1519 dc
743 1475 849 1520 umisa
865 1454 1018 1544 Aeqypti
1035 1481 1064 1521 u.
1084 1478 1115 1522 v.
1136 1460 1175 1520 11
1199 1481 1215 1516 u
1234 1455 1334 1524 Nune
1353 1456 1507 1544 copucui,

188 1559 273 1649 quia
293 1581 439 1649 macnus
460 1560 626 1627 Dominus
641 1582 745 1650 super
766 1582 881 1627 omues
896 1559 975 1627 deos
996 1588 1027 1642 »‚
1047 1599 1091 1611 -
1114 1582 1183 1628 uon
1202 1561 1356 1652 sequitur
1375 1562 1507 1652 (Post),

188 1665 301 1733 letbro
313 1671 391 1733 ante
405 1665 784 1757 pluresdeoscoluisse3
798 1666 858 1733 sed
876 1667 979 1734 lahve
999 1667 1153 1755 agnoscit
1172 1689 1290 1735 omnes
1304 1668 1385 1736 deos
1404 1668 1515 1735 excel-

186 1773 256 1839 lere
266 1771 412 1862 ideoque
422 1772 521 1839 illum
534 1794 641 1839 unum
652 1795 722 1841 esse
736 1794 856 1840 verum
866 1778 988 1855 Deum,
1002 1795 1106 1864 quem
1117 1774 1262 1841 antehac
1274 1774 1347 1863 ipse
1360 1776 1516 1842 coluisset

186 1917 230 1928 —
247 1905 263 1941 ι(
280 1900 330 1966 eo,
357 1877 452 1970 quod
465 1881 605 1970 superbe
619 1879 752 1968 aperiret
772 1892 892 1946 curura
913 1879 990 1946 illos
1014 1905 1044 1944 u.
1073 1879 1172 1969 Vuly.
1194 1883 1286 1948 LXX
1306 1882 1384 1969 Syr.
1408 1881 1506 1967 igno-

186 1991 263 2053 rant
279 1986 424 2054 alterum
440 2001 480 2050 ³2.
501 1985 711 2052 verbotenus
728 2009 736 2054 :
753 1985 837 2077 quia
862 1986 899 2052 in
921 2009 978 2068 eo,
1002 1985 1038 2052 iu
1060 2009 1127 2076 quo
1141 2008 1301 2077 procaces
1319 1988 1420 2076 suere
1436 1989 1514 2077 (Ae-

187 2091 311 2182 gyptii)
329 2090 366 2158 in
380 2115 433 2159 eos
455 2090 651 2182 (Hebraeos)
662 2131 707 2142 -
719 2092 889 2160 sententia
906 2097 956 2160 cst
976 2098 1143 2160 truncata.
1154 2094 1240 2161 Satis
1259 2098 1338 2183 apte
1350 2094 1511 2184 supplent

189 2200 288 2286 Tary.
307 2219 320 2263 .·
332 2198 474 2265 iudicati
487 2203 576 2265 sunt.
595 2199 655 2277 Qui
671 2198 839 2265 Hebraeos
853 2199 951 2288 aquis
965 2199 1117 2266 fluminis
1136 2199 1331 2290 opprimere
1349 2194 1488 2268 voluere
1505 2255 1513 2283 ,

186 2303 285 2394 aquis
304 2304 406 2371 maris
425 2303 489 2394 ipsi
507 2305 660 2395 oppressi
677 2309 768 2373 sunt.
785 2328 818 2370 v.
841 2312 881 2371 12
904 2334 920 2368 «
945 2305 1074 2373 Obtulit
1093 2327 1174 2396 erqo
1198 2305 1511 2396 [uuaruicenses

186 2411 311 2500 Moysi,
325 2409 523 2477 holocausta
536 2423 568 2477 et
577 2410 705 2478 hostias
715 2415 784 2477 Deo
799 2439 815 2470 ν)
829 2433 837 2479 :
850 2426 921 2478 non
931 2411 1096 2482 sacrificat
1105 2412 1227 2480 labvae
1239 2435 1310 2480 non
1324 2413 1509 2492 hebraeus,

185 2516 352 2584 sacrificat
365 2522 480 2584 autern
490 2517 559 2585 ritu
569 2517 815 2607 praemosaico,
831 2542 901 2608 quo
913 2523 993 2588 aute
1003 2518 1254 2587 sacrificaverat
1268 2525 1390 2608 Moyses
1402 2527 1513 2604 17,15,

186 2623 441 2705 Melchisedech,
459 2623 588 2713 quique
597 2624 667 2691 iam
679 2630 778 2691 norat
791 2624 1071 2692 holocaustorum
1083 2630 1117 2691 et
1129 2625 1319 2693 hostiarum
1330 2625 1513 2694 discrimen

187 2735 220 2795 et
242 2730 345 2819 epula
363 2749 470 2797 sacra.
489 2756 506 2792 «
534 2732 772 2821 Vcncruutquc
794 2733 911 2798 Aaron
933 2743 966 2797 ct
989 2754 1104 2798 omues
1126 2732 1275 2800 seniores
1299 2731 1405 2799 quat
1424 2762 1454 2808 u,
1472 2774 1515 2782 -
1610 2733 1612 2736 ’

186 2837 280 2904 Sum.
307 2833 349 2902 de
371 2835 562 2903 senioribus
582 2875 626 2886 -
646 2863 662 2896 «
689 2849 726 2902 ut
743 2836 958 2904 comederent
966 2861 1095 2928 ponent
1113 2865 1143 2922 a,
1166 2838 1281 2906 cibum
1300 2839 1508 2926 generatim,

184 2939 355 3031 imprimis
368 2963 489 3010 carnes
500 2943 704 3010 sacrificales
717 2942 796 3033 (Syl
818 2944 856 3030 .),
872 2972 889 3005 «
904 2967 980 3012 cuna
992 2966 1030 3010 eo
1051 2966 1166 3010 coram
1175 2948 1245 3011 Deo
1261 2972 1293 3028 »,
1307 2967 1387 3012 sane
1398 2967 1512 3011 coram
1616 2950 1623 2965 ’

185 3048 298 3131 altari,
314 3047 434 3138 inquo
451 3048 524 3138 ipse
545 3072 642 3117 sacra
657 3050 794 3116 iecerat.
813 3051 860 3118 Gi.
879 3055 962 3118 Gen.
980 3057 1094 3133 assu.
1110 3058 1165 3119 st.
1184 3056 1271 3118 Haec
1287 3073 1368 3117 sane
1383 3051 1511 3119 adscri-

188 3153 319 3220 buntur
344 3154 391 3221 ad
415 3155 660 3222 ostendendam
685 3157 874 3245 perfectam
903 3157 1119 3225 harmoniam
1145 3162 1180 3223 et
1205 3159 1309 3225 etiam
1337 3179 1511 3225 sacrorum

187 3261 481 3328 communionem.
500 3267 634 3350 Moysen
649 3261 815 3329 sacrificio
832 3262 1041 3346 interfuisse,
1058 3286 1120 3353 per
1138 3283 1173 3332 se
1188 3269 1293 3353 patet.
1311 3264 1377 3331 Sed
1391 3264 1516 3331 adscis-

188 3372 313 3434 cuntur
322 3371 434 3435 Aaron
449 3373 483 3435 et
493 3369 660 3447 seniores,
676 3393 744 3459 quo
758 3369 986 3459 perspiciatur
996 3369 1055 3437 illo
1071 3370 1173 3461 epulo
1186 3392 1282 3438 sacro
1292 3371 1430 3438 feriturn
1444 3394 1514 3437 esse

186 3472 306 3541 foedus
325 3473 415 3566 iuter
427 3475 594 3542 familiam
609 3477 723 3542 tethro
737 3482 769 3543 et
785 3481 891 3542 totam
906 3477 1135 3545 Hebraeorum
1152 3482 1308 3564 gentem,
1325 3478 1515 3568 plurimum

187 3580 356 3646 letbronis
369 3579 552 3661 intererat,
566 3602 610 3647 ne
623 3603 700 3648 suos
712 3581 855 3650 Hebraei
870 3605 948 3649 cum
965 3582 1157 3650 amalecitis
1177 3583 1439 3651 contunderent.

566 3824 595 3874 b.
612 3823 751 3874 tethronis
765 3825 914 3875 consilium
931 3825 981 3875 Ex.
1004 3825 1143 3887 tans-st.

231 4006 312 4094 Arq.
328 4043 374 4055 -
388 4005 500 4074 letbro
518 4006 620 4095 Moysi
630 4006 813 4075 consilium
827 4007 902 4088 dat,
919 4031 963 4075 ne
978 4009 1093 4077 omnia
1105 4010 1178 4099 ipse
1188 4009 1328 4097 negotia
1342 4009 1512 4099 expediat,

185 4108 245 4176 sed
263 4109 392 4179 iudices
411 4113 520 4180 causis
535 4113 725 4181 minoribus
745 4114 963 4204 expediendis
982 4115 1134 4205 deputet.
1157 4116 1342 4183 Consilium
1361 4117 1514 4204 exsequi·

185 4219 242 4283 tur
261 4221 399 4305 Moyses.

230 4344 262 4388 v.
283 4329 323 4390 13
348 4351 364 4384 u
389 4323 507 4391 Altera
525 4337 640 4392 autem
663 4326 719 4392 die
737 4327 825 4394 sedit
840 4329 991 4419 Moyses,
1013 4342 1050 4396 ut
1062 4328 1230 4396 iudicaret
1242 4329 1431 4421 paparium,
1451 4355 1508 4419 qest

186 4427 361 4496 assistebat
381 4430 493 4518 Moysi
511 4454 645 4499 amane
664 4455 772 4522 sesque
793 4434 841 4502 ad
856 4457 1029 4524 uesperam
1052 4445 1090 4518 '»,
1107 4458 1162 4503 eos
1176 4459 1221 4504 sc.
1243 4437 1301 4526 qui
1314 4458 1431 4503 causas
1453 4439 1513 4501 bn-

187 4532 308 4601 berent
322 4534 501 4617 dicendas,
525 4561 596 4605 non
613 4560 724 4606 meros
743 4540 889 4630 (Dilluz.)
907 4547 1123 4632 spectatores,
1145 4565 1178 4610 v.
1207 4549 1246 4609 tt
1276 4571 1292 4604 u
1319 4541 1416 4625 erod
1432 4567 1507 4607 <estin

189 4639 328 4708 uidisset
346 4654 512 4731 aequatus
531 4643 620 4730 cius,
644 4645 760 4712 omnia
777 4670 823 4712 se.
846 4671 934 4733 queue
957 4651 1081 4738 uqebot
1106 4648 1142 4714 in
1155 4648 1306 4738 populu,
1325 4650 1377 4716 ait
1392 4671 1405 4713 .·
1421 4649 1512 4728 Quid

187 4758 236 4812 est
255 4746 333 4834 hoc,
354 4749 449 4837 quod
460 4750 551 4836 facis
568 4750 606 4816 iu
616 4751 737 4841 plebe?
750 4775 810 4818 cur·
828 4753 919 4820 sulus
938 4753 1047 4840 series,
1071 4767 1103 4820 et
1122 4754 1232 4821 ottenis
1245 4755 1397 4846 populus
1410 4777 1512 4843 peuer-
