3534 5384
586 419 732 464 salomo
753 419 888 474 sentens
908 420 1066 466 narrare.
1473 406 1493 466 3
1520 388 1522 391 ’
1702 445 1705 452 .
1746 382 1751 392 ’

160 554 385 622 Nonnmeutis
411 562 524 621 tamen
550 555 620 621 iam
645 554 814 622 accedunt
836 555 981 643 scrqota,
1003 553 1147 644 quaein
1171 554 1292 622 Genesi
1318 554 1495 623 desidera·
1597 598 1599 601 -
1655 639 1658 642 ῃ
1712 642 1748 654 ,Ι

160 661 313 729 bantur:
333 665 431 742 17,st
449 661 612 751 scriptam
639 661 904 728 amalecitarum
934 660 1067 727 cladem
1096 681 1276 743 enarrans,
1298 667 1377 741 blut
1403 661 1495 728 liber
1603 669 1606 672 ’
1631 714 1634 724 ,

160 767 310 834 foederis
334 767 497 838 mandata
517 787 698 834 recensens
719 771 777 833 Ex.
796 773 901 834 20-23
922 766 1067 849 tradita3
1080 767 1221 834 tabulae
1235 766 1323 854 legis
1337 773 1441 847 2¹4,st
1461 773 1495 836 et
1599 832 1601 841 ,
1689 788 1692 799 “
1712 770 1719 780 ’
1737 770 1749 780 ““

161 880 263 958 stat
279 895 369 963 sqq.;
385 875 556 940 canticum
573 878 629 940 Ex.
649 879 689 940 15
705 873 797 962 quod
813 895 892 940 mox
906 873 1033 962 scripto
1045 872 1251 963 crediderim
1267 895 1338 940 esso
1354 873 1497 942 manda·

161 987 247 1048 tum.
261 979 391 1057 Quibus
404 979 507 1048 simul
523 978 669 1070 sumptis
680 979 892 1068 suggeritur,
909 985 1068 1070 tempore
1078 959 1177 1046 sinodi
1194 986 1229 1047 et
1238 979 1494 1048 multitudinem

161 1085 264 1154 inisse
282 1085 426 1172 legendi
441 1091 545 1176 atque
561 1085 736 1154 scribendi
755 1085 838 1153 artis
861 1085 913 1152 nti
936 1086 1085 1152 antehac
1107 1086 1285 1173 ignaram,
1308 1085 1351 1152 et'
1362 1085 1496 1174 aliquos
1597 1112 1599 1116 ’
1627 1120 1629 1123 -
1651 1068 1656 1078 ¹
1687 1074 1700 1153 ’ἑ
1716 1068 1757 1103 ⁴

161 1192 299 1260 easdem
316 1195 406 1259 artes
429 1192 597 1260 calluisse.
614 1191 749 1282 Duplici
768 1191 879 1278 igitur
891 1190 994 1258 modo
1014 1214 1112 1258 sacra
1131 1196 1205 1258 turn
1222 1192 1374 1259 narratio
1385 1200 1496 1260 trans-

162 1298 376 1382 mittebatur,
394 1299 522 1388 partim
531 1298 620 1367 orali
632 1298 761 1389 partim
778 1298 904 1387 scripta
917 1297 1112 1365 traditione.
1125 1303 1183 1382 At,
1196 1297 1258 1364 ubi
1267 1320 1379 1388 pauca
1393 1320 1497 1388 quae-
1603 1310 1605 1313 ’
1655 1270 1664 1396 ¹⁴

162 1406 242 1472 dam
256 1406 390 1495 seriptis
400 1411 512 1474 essent
523 1406 742 1491 consignata,
757 1405 964 1473 nascebatur
973 1402 1077 1493 plura
1086 1404 1261 1471 scribendi
1273 1404 1494 1485 desiderium,

163 1517 231 1601 quo
247 1514 373 1580 certius
391 1533 430 1579 ac
451 1511 590 1578 fidelius
610 1511 749 1578 traditio
769 1516 1066 1601 praeservaretur3
1087 1510 1263 1578 crescebat
1284 1509 1497 1578 desiderium

161 1623 257 1686 tanto
274 1617 528 1702 vehementiae,
546 1616 573 1684 si
594 1618 682 1687 forte
702 1617 807 1684 oralia
827 1615 966 1683 traditio
984 1617 1022 1683 in
1039 1617 1247 1706 quibusdam
1265 1616 1337 1684 labi
1353 1623 1414 1683 aut
1434 1615 1497 1684 ob-

162 1725 293 1792 scurari
313 1723 641 1814 deprehenderetur.
655 1723 864 1791 Nascebatur
877 1722 1048 1814 imprimis
1067 1723 1278 1792 desiderium
1296 1723 1498 1791 scribenda-

162 1852 239 1898 rum
257 1852 393 1914 earnm,
409 1853 497 1920 quae
517 1837 590 1898 tum
609 1830 823 1910 ferebantur,
840 1829 974 1918 layum,
991 1852 1141 1919 quarum
1159 1830 1357 1920 praestabat
1375 1829 1497 1897 haberi

164 1943 291 2004 textam}
314 1936 562 2005 authenticum.
588 1936 697 2004 Simul
719 1935 972 2024 colligebantur
995 1943 1030 2003 et
1050 1935 1308 2022 castigabantur
1332 1938 1496 2026 antiquae

166 2044 291 2111 electae
312 2042 427 2132 stirpis
452 2042 671 2126 traditiones,
692 2049 795 2132 atque
817 2042 953 2132 scriptis
978 2043 1246 2112 mandabantur.
1266 2048 1355 2110 Haec
1374 2050 1498 2111 natura

164 2149 248 2218 duce
263 2154 336 2216 tum
349 2149 426 2215 fieri
444 2169 583 2218 necesse
604 2155 688 2218 erut.
708 2154 787 2216 Erat
807 2156 926 2216 tamen
947 2147 1051 2216 simul
1070 2148 1279 2238 perieulum,
1296 2172 1341 2216 ne
1355 2151 1384 2216 si
1403 2170 1497 2215 mere

163 2257 315 2324 bumana
334 2255 537 2324 auctoritate
558 2256 643 2322 haec
662 2255 909 2338 scriberentur,
924 2255 1009 2322 falsa
1027 2256 1118 2322 veris
1135 2254 1418 2324 admiscerentur.
1436 2261 1498 2323 De·-

167 2343 399 2450 crevit'igitur
408 2361 680 2450 benignissimus
691 2367 789 2442 Deus,
804 2367 842 2428 ut
857 2369 892 2429 et
905 2361 998 2429 iacta
1012 2367 1047 2428 et
1059 2362 1155 2448 leges
1169 2383 1231 2429 sua
1247 2361 1364 2431 divina
1377 2368 1497 2429 auoto-

166 2469 264 2536 ritate
277 2468 413 2559 soriptis
429 2469 687 2537 mandarentur.
705 2473 758 2534 An
772 2468 869 2536 varia
882 2490 923 2535 ea
936 2468 1065 2559 scripta
1083 2467 1154 2536 iam
1169 2474 1244 2535 tum
1264 2469 1301 2536 in
1314 2473 1498 2536 Pentateu-

164 2574 264 2642 chum
281 2575 411 2642 fuerint
426 2581 604 2662 congesta,
622 2575 658 2641 h.
674 2575 696 2640 l.
714 2575 870 2643 nondum
885 2574 1104 2664 inquirimus.

467 2794 501 2854 Ξ.
519 2791 568 2852 De
582 2789 814 2854 Hebraeorum
831 2786 938 2854 sacris
948 2786 1206 2876 praemosaicis.

206 2999 312 3068 Exodi
331 3021 371 3066 ac
389 2999 529 3068 Levitici
551 2999 721 3066 rationem
744 2999 847 3089 plene
868 2999 1002 3067 tamdiu
1021 3022 1091 3066 non
1111 3000 1313 3090 perspicies,
1329 3001 1497 3092 quamdiu

160 3127 232 3174 non
250 3105 453 3188 adverteris,
471 3105 644 3197 quaedam
668 3105 812 3172 coasilio
837 3129 859 3172 a
878 3129 975 3173 sacro
1001 3119 1181 3175 narratore
1203 3107 1355 3183 reticeri,
1378 3113 1496 3177 Nonne

159 3213 230 3280 iam
256 3219 337 3282 Gen.
363 3213 529 3281 tacelera
551 3212 783 3302 quorumdam
802 3213 1081 3302 patriarcharum
1106 3213 1335 3298 Sethitarum,
1360 3220 1497 3304 praeter

159 3318 362 3387 tenuissima
376 3319 547 3409 quaedam
562 3319 722 3406 vestigia,
737 3318 1041 3410 supprimebantur
1058 3320 1115 3409 (ci.
1131 3326 1286 3388 nostrum
1304 3327 1493 3390 Comment.

156 3449 198 3516 p.
215 3432 279 3496 2⁰3
299 3427 414 3515 sqq.)t
430 3429 548 3492 Nonne
569 3430 652 3493 Gen.
674 3433 714 3493 10
730 3447 784 3516 sq.
802 3431 835 3493 et
854 3432 913 3493 Ex.
930 3433 946 3493 1
963 3432 1107 3510 tacetur,
1128 3433 1163 3494 et
1180 3428 1290 3495 Thare
1309 3434 1342 3495 et
1360 3429 1496 3496 Nachor

157 3533 197 3600 in
213 3531 452 3629 Mesopotamia
465 3539 498 3598 et
512 3531 681 3599 Hebraeos
696 3533 734 3598 in
748 3537 905 3622 Aegypto
919 3532 1073 3600 serviisse
1087 3532 1154 3601 diis
1168 3533 1306 3617 alienis,
1324 3557 1429 3624 quam
1444 3540 1494 3603 ta-

157 3661 242 3710 men
252 3638 528 3728 superstitionem
541 3637 687 3706 indubie
702 3638 818 3729 prodit
832 3645 898 3706 los.
913 3644 993 3724 tta
1005 3661 1057 3730 sq.
1078 3645 1118 3708 it
1133 3640 1190 3730 (ci.
1207 3645 1262 3708 ΕΖ.
1276 3647 1358 3727 20,7
1371 3665 1448 3733 sqq.
1462 3649 1495 3709 et

156 3747 409 3812 Kreabertbauer
421 3743 507 3837 ib.)‘?
521 3749 568 3811 Ne
583 3767 666 3832 ergo
681 3744 836 3828 mireris,
853 3747 958 3813 etiam
977 3747 1014 3812 in
1027 3746 1141 3813 Exodo
1157 3746 1274 3837 aliqua
1289 3748 1406 3816 taceri.

202 3850 381 3940 Perpende
406 3873 512 3941 porro
532 3850 625 3946 apud
647 3851 814 3920 Hebraeos
838 3856 917 3918 ante
949 3857 1083 3940 Moysen
1111 3852 1278 3921 exstitisse
1303 3855 1494 3924 sacerdotes·

156 3959 232 4048 (Ex.
254 3958 427 4046 maana)
443 3963 476 4024 et
491 3957 750 4028 tabernaculam
768 3963 861 4048 (33,7
876 3961 968 4049 sqq.)
985 3959 1067 4026 etin
1080 3958 1142 4027 illo
1156 3959 1381 4029 tabernaculo
1397 3964 1493 4030 testi-

153 4063 315 4133 monium
338 4064 469 4154 (tuat)
480 4065 503 4133 ¹.
521 4069 675 4144 Quorum
692 4064 909 4132 sanctitatem
926 4070 1013 4132 Dens
1026 4065 1109 4133 locis
1123 4066 1234 4135 citatis
1250 4073 1360 4135 ratam
1375 4069 1490 4137 habet.

187 4365 209 4408 1.
225 4355 294 4406 Vide
304 4370 395 4408 eorum
409 4361 528 4408 textuum
543 4357 789 4421 interpretationem.
806 4359 912 4421 Eorum,
928 4358 974 4422 qut
989 4358 1107 4408 Exortum
1124 4359 1285 4424 interpretati
1300 4366 1374 4420 sunt,
1386 4364 1493 4413 omnino

150 4440 286 4502 plerique
306 4441 461 4500 agnoscunt,
481 4439 520 4488 Ex
543 4443 623 4500 19,22.
644 4442 675 4487 24
691 4437 730 4500 agi
748 4437 779 4488 de
794 4437 985 4490 sacerdotibus
998 4439 1184 4503 praaaaroniais
1203 4461 1208 4492 :
1226 4444 1294 4500 coi..
1313 4441 1394 4501 Tast,
1410 4447 1492 4502 Mar..

150 4517 254 4576 Mota,
273 4518 355 4577 Mea,
373 4517 465 4577 Garat..
478 4517 585 4583 Bousr,
598 4520 671 4582 Lep..
685 4519 785 4576 Galen..
798 4519 884 4578 lana,
896 4518 985 4582 Sylva
997 4518 1030 4567 ct.
1040 4520 1119 4571 Bitle
1135 4520 1169 4570 de
1188 4525 1270 4572 t'eace
1284 4521 1399 4585 (Parisiis
1414 4524 1493 4586 17⁴8),

150 4603 178 4652 et
204 4601 234 4650 V.
251 4596 325 4646 Lacte
345 4599 370 4647 et
396 4597 432 4648 W.
453 4597 561 4649 Nehcht
579 4599 636 4658 (Die
656 4597 691 4648 bl.
709 4595 839 4648 Schriften
858 4597 947 4649 dest.
963 4599 1260 4666 attenuationem).
1275 4605 1309 4653 Et
1328 4602 1372 4653 alti
1390 4601 1492 4668 quidem

149 4695 207 4731 rem
223 4677 361 4728 affirmant
380 4676 452 4728 uultu
470 4677 558 4727 addita
576 4677 761 4742 explicatione;
777 4677 819 4728 alit
836 4677 991 4736 coniiciunt,
1003 4678 1063 4729 illos
1081 4680 1228 4731 sacerdotes
1246 4682 1325 4732 tuisse
1339 4687 1385 4732 aut
1397 4682 1494 4746 primo·

149 4760 272 4825 genitos,
285 4759 331 4807 aut
345 4771 359 4807 e
371 4758 449 4807 variis
463 4757 567 4808 familiis
580 4757 710 4818 oriundos,
724 4761 769 4808 aut
783 4772 797 4806 a
809 4759 896 4820 Moyse
908 4756 941 4808 ad
954 4758 1060 4809 interim
1072 4760 1236 4811 constitutos.
1252 4763 1316 4811 ltem
1329 4763 1492 4812 tabernacu-

151 4843 212 4893 lum
239 4847 344 4889 sacram
370 4836 572 4902 praemosaicum
594 4841 738 4901 agnoscunt
764 4839 832 4898 cei,
857 4839 941 4897 rost..
963 4843 1049 4902 Mar,
1067 4843 1152 4902 Mea,
1174 4839 1264 4903 Gord,
1286 4840 1394 4904 Boasr,
1415 4843 1490 4904 hap„
