3534 5384
229 338 287 399 282
624 352 768 399 novonuu
791 352 952 397 srenonuu
972 352 1159 397 rusrrrurro.

229 491 331 555 Hebr.
356 508 368 553 .·
390 485 479 553 sicat
499 508 583 576 opus
605 486 741 576 ephodi,
763 482 884 553 eodem
906 488 1019 576 operis
1042 491 1075 552 et
1093 491 1246 553 texturae
1265 506 1393 572 genere
1410 523 1454 534 —
1481 512 1497 547 u
1518 506 1560 551 esc

227 617 325 677 altro,
343 591 529 683 hyacintho
545 606 578 660 et
586 615 745 683 purpura
757 614 922 681 coccoque
938 592 988 658 bis
1002 592 1106 659 tincto
1121 604 1154 658 ct
1167 593 1261 683 bysso
1277 604 1406 659 retortu
1423 619 1453 658 u.
1468 614 1499 657 v.
1517 597 1558 658 16

230 728 245 761 «
268 700 555 791 Quadranpulum
572 727 587 761 u
605 722 666 766 seu
679 694 797 789 potius
808 698 1018 789 quadratum
1034 698 1090 787 (cf.
1109 699 1203 789 hid)
1224 728 1239 760 «
1254 698 1319 765 erit
1330 711 1364 764 et
1379 696 1509 787 claplec
1527 726 1556 779 u,

229 807 432 897 replicatum
445 808 501 896 (cf.
515 805 609 895 aue)
622 806 660 873 in
674 805 817 874 modurn
832 828 951 897 perae,
970 806 1007 872 in
1020 826 1089 895 qua
1104 827 1136 873 v,
1149 790 1191 873 tia
1205 805 1298 873 Urim
1312 810 1346 873 et
1362 804 1560 871 Thummim

229 913 469 981 recondantur.
490 942 506 975 α
530 915 729 980 Mansuram
741 912 858 1003 palmi
872 911 1008 979 habebit
1024 924 1095 979 tam
1115 911 1153 979 in
1166 910 1385 1002 lonqitudine
1397 934 1503 1002 quam
1522 911 1559 978 in

226 1019 410 1101 latitudine
437 1048 465 1085 n.
485 1042 517 1086 v.
539 1027 578 1086 17
596 1046 612 1082 α
629 1022 805 1109 Poncsque
820 1018 856 1084 ia
871 1042 909 1085 eo
923 1030 1073 1108 qrcatuor
1092 1017 1230 1085 ordines
1246 1046 1262 1079 n
1282 1018 1454 1085 hinorum
1473 1017 1520 1083 «l
1544 1056 1562 1069 -

222 1127 361 1217 pt'elum.
377 1129 418 1192 ln
423 1126 540 1216 primo
560 1148 659 1193 versu
676 1125 741 1193 crit
763 1124 850 1215 lapis
864 1125 1002 1193 sardius
1017 1138 1050 1191 et
1070 1125 1228 1215 topazius
1249 1135 1282 1191 ct
1296 1124 1502 1212 smaraptlus
1521 1146 1557 1207 »ς

228 1257 261 1301 v.
281 1240 322 1301 18
338 1261 353 1294 u
375 1232 574 1300 insecundo
595 1233 834 1314 carbunculus,
854 1232 1038 1321 sapphirus
1050 1245 1082 1299 et
1095 1230 1200 1322 iaspis
1217 1254 1252 1315 »3
1269 1254 1302 1299 v.
1319 1236 1360 1298 te
1378 1259 1395 1294 α
1410 1232 1446 1298 in
1462 1229 1577 1325 tertio¹

230 1339 401 1429 liquente,
425 1338 562 1424 achates
594 1351 627 1405 et
649 1340 859 1427 amethystus
883 1362 918 1423 »3
943 1361 974 1404 v.
1001 1343 1043 1404 20
1069 1366 1084 1400 «
1109 1338 1147 1404 in
1168 1348 1291 1427 quarto
1316 1338 1375 1433 chr
1399 1337 1557 1420 salubus,

126 1500 128 1503 ,
230 1443 419 1537 onychinus
433 1456 467 1511 et
479 1445 640 1537 beryllus.
664 1445 795 1513 [reclusi
810 1468 896 1513 auro
912 1457 1087 1536 ericatpcr
1102 1444 1239 1513 ordines
1252 1466 1331 1511 suos
1348 1472 1383 1525 s,
1402 1447 1505 1512 Hebr.
1526 1444 1561 1511 in

231 1552 428 1644 impletione
446 1574 526 1637 sera,
545 1574 593 1620 sc.
615 1576 648 1620 v.
670 1558 712 1619 17
733 1552 897 1644 impletur
913 1552 949 1618 in
970 1550 1062 1618 illud
1082 1550 1274 1642 (rationale)
1297 1550 1450 1641 impletio
1471 1551 1562 1641 lapi-

231 1660 330 1746 ilum,
347 1658 584 1748 repleturfixis
598 1680 660 1749 per
675 1664 823 1749 quatuor
837 1658 975 1726 ordines
989 1656 1175 1749 lapidibus
1193 1659 1288 1726 Sam.
1307 1656 1434 1724 inclusi
1452 1658 1562 1749 capsis
1636 1658 1639 1665 ’

231 1766 344 1833 aurcis
357 1778 420 1833 etc.
1310 1782 1311 1789 ¹

266 1930 298 1980 In
319 1928 460 1993 lapidibus
480 1931 529 1979 vix
547 1942 604 1979 non
623 1931 718 1978 omnia
737 1932 803 1979 sunt
817 1929 910 1980 dubia.
929 1929 997 1979 Fere
1012 1928 1093 1979 unice
1110 1928 1242 1979 audiendi
1260 1930 1327 1979 suni
1345 1930 1421 1990 illl,
1436 1929 1484 1991 qui
1503 1942 1563 1979 rern

231 2018 334 2080 oculis,
347 2021 379 2068 ut
396 2018 510 2069 credere
525 2017 567 2067 las
584 2020 641 2077 est,
658 2030 846 2080 conspexere,
863 2030 1039 2081 quorumque
1053 2018 1175 2080 vestigia
1189 2022 1284 2069 terunt
1301 2016 1381 2086 luta.
1401 2018 1453 2067 los.
1471 2016 1562 2067 Inter·
1658 2018 1661 2025 '

230 2110 324 2171 pretes
342 2106 418 2157 Lxx
436 2107 608 2169 posteriores
628 2106 763 2157 tentando
781 2108 890 2170 potius,
908 2118 993 2169 quam
1018 2119 1033 2154 e
1055 2105 1170 2155 delinita
1188 2107 1305 2157 scientia
1321 2091 1387 2157 'rem
1408 2108 1562 2168 exponunt.

231 2197 358 2259 Augetur
372 2193 522 2244 difficultas
534 2194 613 2255 inde,
630 2193 705 2257 quod
722 2195 837 2245 eaedem
850 2208 936 2245 voces
950 2206 1068 2258 graecae
1083 2200 1111 2244 et
1128 2195 1233 2245 latinae
1247 2206 1304 2246 nen
1319 2194 1432 2247 easdem
1452 2206 1565 2257 semper

170 2268 174 2280 '
231 2284 305 2348 apud
319 2282 445 2332 diversos
462 2287 592 2334 auctores
610 2278 736 2345 geminas
751 2282 971 2346 designaverint.
982 2310 1018 2319 —
1034 2290 1098 2338 niti
1114 2295 1149 2333 ex
1166 2284 1227 2346 ipso
1242 2286 1335 2346 etymo
1353 2295 1494 2346 gemmam
1513 2296 1563 2333 ru·

230 2373 310 2423 brem
325 2370 474 2433 designare
493 2371 613 2433 videtur,
626 2371 701 2435 quod
720 2383 884 2435 expressere
905 2374 985 2434 Torp.
1007 2373 1083 2433 Sors
1099 2372 1162 2421 iii
1180 2370 1255 2434 Vulp.
1274 2371 1384 2422 sardius
1404 2372 1423 2421 i.
1440 2384 1466 2421 e.
1480 2371 1564 2421 acha·

231 2462 276 2511 tes
295 2459 456 2519 earneolus,
473 2460 536 2509 allis
557 2458 775 2523 suggerentibus
793 2461 934 2510 rubinurn.
950 2459 1038 2509 Porro
1058 2459 1167 2510 sardius
1186 2462 1324 2524 reperitur
1345 2462 1374 2509 ln
1397 2460 1562 2522 Babylonia,

233 2552 370 2612 Aegypte,
386 2548 503 2608 Arabia,
520 2547 609 2599 India.
625 2575 659 2584 —
674 2554 777 2609 niun,
794 2550 841 2612 qui
857 2548 907 2597 Iob
924 2546 1036 2606 ausae
1054 2546 1135 2605 Chus
1148 2548 1242 2600 alierri
1261 2548 1393 2606 traditur,
1408 2550 1565 2599 communi·

231 2639 273 2687 ter
288 2643 419 2687 censetur
431 2648 494 2686 esse
508 2637 649 2700 topazius,
665 2638 722 2685 imo
736 2650 839 2688 nomen
854 2635 929 2711 idem
944 2636 1116 2700 deprehendi
1128 2636 1278 2698 affirmant,
1294 2636 1446 2689 dummodo
1460 2640 1565 2701 primas

232 2726 302 2776 duas
321 2725 442 2776 nominis
461 2725 576 2777 hebraei
595 2732 783 2777 consonantes
803 2731 980 2789 transponas.
1000 2724 1148 2789 Reperitur
1168 2728 1198 2775 in
1221 2727 1349 2791 Aegypto
1370 2728 1398 2777 et
1413 2728 1451 2775 'in
1473 2726 1566 2776 insula
1594 2786 1595 2791 ἵ

235 2814 319 2865 Sinus
334 2814 454 2865 Arabici.
469 2840 506 2851 -
519 2820 616 2899 ripun,
628 2815 703 2879 quod
720 2815 891 2866 verbotenus
910 2815 995 2865 vertit
1011 2817 1111 2877 symm.
1131 2810 1265 2882 κεραύνιος.
1278 2814 1387 2865 Nomen
1409 2815 1484 2866 idem
1503 2827 1565 2867 esse

232 2906 349 2955 censent
362 2908 446 2967 atquc
461 2903 619 2963 merchato,
635 2916 691 2967 qua
705 2902 795 2953 torma
809 2915 912 2954 nomen
927 2904 1084 2954 semiticum
1098 2902 1133 2953 ad
1147 2903 1232 2954 indos
1246 2905 1394 2955 transiisse
1408 2902 1563 2967 aifirmant,

232 2994 341 3057 hocque
357 3004 454 3042 rursus
468 2992 543 3043 idem
557 3005 619 3043 esse
634 2997 719 3055 atque
731 3005 833 3043 nornen
848 2993 1018 3055 amerosius.
1035 2992 1183 3055 lieperltur
1197 2993 1242 3042 hic
1256 2994 1287 3041 in
1303 2992 1409 3057 Cypro,
1426 2994 1563 3057 Aegypto,

233 3083 396 3144 Aethiopia,
411 3082 521 3139 Persia,
538 3080 652 3143 Scythia
674 3086 728 3132 etc.
742 3108 778 3117 —
788 3087 845 3161 ¹35:
867 3081 1061 3149 carbunculus,
1075 3082 1138 3132 iii
1159 3082 1211 3131 los.
1225 3077 1331 3147 ἄνθραξ,
1345 3094 1413 3146 erga
1435 3081 1564 3132 rubinus.

233 3170 281 3219 Er..
294 3168 374 3229 ‘thiu
391 3169 454 3232 Syri
468 3170 541 3220 hanc
555 3182 694 3232 gemmam
712 3169 899 3220 Phoenicibus
913 3170 1045 3220 atterunt.
1061 3169 1208 3232 Reperitur
1223 3168 1359 3231 inludia,
1374 3170 1525 3233 Aethiopia
1539 3172 1566 3222 et

234 3258 558 3321 Airieaseptentrionall,
572 3257 685 3309 undeet
696 3258 998 3311 carchedoniusdlcitnr
1010 3258 1100 3323 (Tarp.
1112 3256 1198 3323 llicr.)
1215 3272 1233 3308 a
1249 3258 1432 3323 Carthagine.
1445 3284 1482 3297 -
1492 3264 1565 3319 'ppo

233 3346 363 3397 omnibus
377 3346 616 3397 consentientibus
631 3350 674 3397 est
690 3348 854 3411 sapphirum
869 3360 886 3395 a
900 3348 953 3397 los.
970 3348 1024 3397 hoc
1038 3348 1066 3417 et
1080 3338 1202 3411 sequens
1216 3360 1319 3415 nomen
1336 3350 1565 3412 transponuntur.

235 3436 384 3499 Reperitur
402 3436 432 3483 in
452 3436 648 3499 Aethiopiast
667 3434 756 3486 lndla.
774 3437 818 3485 lin
839 3448 908 3486 vero
930 3435 983 3485 boc
1001 3435 1075 3498 apud
1096 3434 1240 3486 Hebraeos
1259 3438 1373 3487 nomine
1393 3439 1477 3487 etiam
1496 3436 1567 3500 lapis
1643 3418 1650 3437 ⁸

233 3524 318 3574 lazuli
331 3525 426 3573 veniat
452 3520 498 3587 (ci.
514 3520 636 3591 Dillius,
649 3524 812 3587 ambigitur.
829 3523 879 3574 lob
893 3522 966 3584 aab.
987 3523 1028 3573 16.
1042 3551 1078 3559 -
1094 3505 1169 3579 ῃ5ῃ1
1185 3524 1308 3577 creditur
1325 3538 1387 3576 esse
1401 3526 1502 3589 iaspis,
1519 3526 1566 3589 qui

234 3613 372 3675 reperitur
386 3614 415 3659 in
430 3613 497 3662 Asia
511 3611 632 3672 Minore,
650 3612 765 3663 Perside
784 3614 813 3662 et
828 3612 923 3674 India,
940 3617 968 3663 et
986 3625 1072 3677 saepe
1093 3614 1197 3677 sigillis
1217 3612 1409 3679 adhibebatur.
1427 3614 1483 3664 Alli
1502 3626 1566 3678 sug·
1640 3657 1645 3667 .

234 3705 349 3764 gerunt,
364 3706 448 3757 aaut
463 3715 489 3749 v.
506 3700 539 3750 ‘to
556 3714 619 3751 esse
636 3702 727 3765 iaspin
742 3714 748 3750 ι
766 3705 861 3751 tamen
876 3702 1040 3751 assonantla
1059 3702 1180 3753 nominis
1201 3700 1317 3753 lortuita
1334 3715 1397 3753 esse
1416 3707 1520 3766 potest.
1532 3728 1568 3739 -

237 3770 305 3846 nmS
323 3789 440 3852 lipacius
461 3787 548 3853 (Vutq.
565 3784 637 3857 hill)
651 3804 657 3837 :
669 3789 719 3840 sed
733 3802 807 3854 quae
823 3802 936 3853 gemma
954 3790 1049 3854 ligurii
1065 3792 1177 3842 nomine
1197 3792 1308 3852 veniat,
1326 3803 1383 3840 non
1397 3793 1517 3842 canstat.
1532 3814 1568 3829 ⁶-

234 3884 310 3938 πω,
325 3891 412 3941 assur.
428 3878 489 3927 sabi
505 3874 617 3945 (sehr),
631 3879 737 3928 achates
757 3874 949 3941 reperiebatur
968 3881 996 3927 in
1016 3879 1158 3943 Aegypto,
1176 3878 1270 3941 India,
1287 3879 1380 3932 (treta.
1394 3906 1430 3916 -
1444 3860 1566 3938 ambitu,

235 3968 398 4029 amethystus
418 3967 556 4030 reperitur
569 3969 597 4015 ln
614 3968 755 4031 Aegypto,
771 3966 888 4027 brabia,
904 3967 994 4017 India.
1005 3972 1175 4035 -tbiwjtn,
1187 3966 1372 4032 chrysolithus
1382 3982 1391 4019 :
1403 3968 1453 4019 sed
1468 3981 1504 4018 an
1514 3980 1568 4033 vea·

234 4056 312 4115 dem,
327 4069 400 4119 quae
419 4069 507 4120 nunc,
521 4068 633 4120 gemma
651 4068 686 4106 eo
704 4057 819 4106 nornine
839 4057 866 4106 h.
882 4056 901 4105 l.
917 4056 1102 4119 intelligatur,
1121 4069 1177 4107 non
1197 4056 1286 4121 liquet
1307 4056 1350 4121 (cl.
1367 4054 1480 4123 nuth).
1499 4056 1567 4109 Per-

235 4156 331 4208 peram
352 4157 369 4193 e
387 4146 500 4193 nornine
520 4142 647 4204 infertur,
663 4156 803 4207 gemmam
823 4146 852 4193 in
872 4145 1009 4208 Hispania
1027 4146 1160 4208 reperiri,
1176 4158 1239 4195 cum
1259 4158 1363 4196 nomen
1383 4146 1511 4207 Tharais,
1528 4147 1569 4195 uti

236 4232 292 4281 alia
305 4234 419 4281 nomina
434 4231 478 4293 (cl.
495 4244 568 4295 quae
583 4232 705 4282 diximus
718 4232 754 4282 ad
772 4231 841 4283 Gen.
862 4231 920 4298 ta),
935 4232 1108 4296 probabilius
1122 4246 1184 4283 curn
1205 4238 1289 4296 gente
1304 4234 1475 4296 homonyma
1488 4234 1568 4283 varia

145 4308 149 4316 '
237 4321 334 4371 Asiam
351 4321 424 4371 inter
438 4323 467 4370 et
482 4320 645 4385 Hispaniam
660 4322 723 4371 loca
736 4324 938 4385 peragraverit.
954 4347 989 4358 -
1005 4328 1079 4377 mittit
1096 4332 1102 4375 ἱ
1119 4321 1154 4373 de
1169 4335 1203 4373 eo
1218 4322 1339 4373 diximus
1352 4322 1388 4393 ad
1403 4322 1474 4373 Gen.
1488 4322 1567 4383 2163

236 4408 286 4458 Ex.
300 4406 374 4468 iae.
387 4436 422 4445 -
437 4414 521 4465 aaut
537 4409 656 4471 berettus
670 4422 734 4460 essa
749 4408 884 4469 creditur;
902 4411 951 4460 alii
970 4406 1061 4472 iaspin
1081 4411 1312 4473 interpretantur.
1325 4437 1361 4449 -
1377 4412 1408 4461 ln
1423 4412 1569 4474 sequenti·

237 4498 289 4546 bus
301 4498 364 4546 iii
378 4509 406 4547 v.
420 4497 504 4548 23·28
520 4499 666 4558 omittunt,
680 4499 753 4547 inter
767 4512 794 4546 v.
811 4498 844 4548 ie
859 4500 887 4547 et
902 4496 1116 4549 absentantium
1132 4499 1255 4562 aliquam
1270 4500 1405 4550 inserunt.

282 4657 313 4701 v.
332 4640 372 4701 al
391 4662 408 4697 «
426 4637 673 4724 Habebuntque
692 4634 838 4700 rioruina
854 4632 1010 4724 filiorum
1025 4634 1134 4702 lsrael
1145 4657 1158 4700 .·
1173 4635 1355 4705 dicorlecim
1373 4638 1570 4729 nominibus
1672 4646 1679 4659 '

239 4742 474 4826 caelabuntur,
494 4741 627 4832 siupuli
646 4739 780 4831 lapillos
796 4740 994 4809 nominibus
1008 4742 1226 4832 sinpulorum
1236 4766 1299 4833 per
1317 4742 1495 4823 detodecim
1511 4744 1571 4811 tri-
