3534 5384
260 352 319 411 2⁶22
744 369 780 411 ax
803 366 938 411 sacrare
961 367 991 409 ru
1013 365 1108 410 simu.

260 507 424 589 namsq.
443 499 604 566 videntur
618 500 721 566 fuisse
732 522 803 566 uon
812 499 953 566 hebraei
971 522 978 567 :
996 505 1114 566 tamen
1123 498 1266 565 hebraei
1274 499 1318 566 ab
1334 500 1399 566 hac
1409 500 1488 586 lege
1499 499 1591 566 haud

259 609 420 674 ridentur
442 607 543 672 fuisse
564 608 722 695 exempti.
746 606 875 673 Dicitur
893 629 1027 672 seruum
1051 628 1151 672 serrem
1170 628 1184 672 .·
1206 606 1266 695 qui
1284 627 1419 672 servum
1440 606 1592 673 alienum

260 714 454 793 occidisset,
473 712 608 780 videtur
622 713 727 780 fuisse
738 714 940 780 tractandus
958 712 1145 779 secundum
1159 735 1193 778 r.
1216 719 1256 778 13
1269 735 1320 800 sq.
1340 712 1419 802 (Syl
1443 713 1479 800 .).
1497 741 1512 772 u
1529 713 1593 779 ad-

261 820 356 887 ditur
369 820 483 909 airpa,
503 821 666 908 quoniam
692 818 871 906 castigatio
893 841 955 908 per
975 818 1111 906 virgam
1129 841 1189 886 seu
1214 818 1378 886 bacillum
1396 841 1467 885 uon
1487 824 1536 886 est
1550 817 1592 884 de

259 950 294 995 se
310 927 485 993 mortifera
506 931 556 1006 et,
578 926 605 991 si
628 925 814 1016 aliquando
835 925 1074 1012 contingebat,
1094 923 1186 1014 quod
1201 926 1250 991 ita
1268 924 1426 1012 castigati
1440 929 1517 1014 post
1530 925 1593 992 ali·

261 1039 344 1125 quot
358 1033 430 1100 dies
445 1039 672 1113 morerentur,
694 1033 868 1121 praesumi
886 1037 1039 1122 poterat,
1057 1030 1151 1120 quod
1165 1031 1330 1098 dominus
1345 1053 1401 1099 cos
1414 1054 1483 1098 uon
1498 1032 1593 1098 casti·

260 1146 402 1228 gereret
424 1139 540 1206 animo
562 1139 760 1221 occidendi,
786 1138 841 1205 vel
865 1139 968 1206 etiam
988 1137 1081 1228 quod
1106 1160 1176 1205 non
1203 1146 1313 1204 essent
1333 1138 1461 1205 mortui
1476 1161 1515 1205 ex
1535 1137 1595 1206 illa

262 1247 484 1333 castigatione
508 1274 523 1304 »
553 1244 693 1335 (Syia).
719 1245 812 1312 Unde
831 1246 953 1334 Borrfr.
978 1245 1094 1327 sentit,
1118 1245 1178 1331 qui
1202 1244 1307 1311 herus
1325 1244 1444 1331 gladio
1467 1244 1594 1311 iutere-

262 1354 540 1446 missctserrum,
559 1373 638 1418 eum
658 1353 830 1418 communi
843 1351 920 1438 lege
933 1351 1035 1419 fuisse
1047 1349 1282 1418 iudicandum.
1302 1365 1376 1443 npm
1394 1366 1471 1443 upa,
1489 1351 1595 1418 aluo-

264 1470 340 1543 uem
351 1457 559 1548 praestabit,
578 1481 647 1525 nou
665 1479 736 1525 esse
754 1457 846 1524 idem
867 1465 968 1547 atque
986 1468 1092 1524 morte
1111 1456 1277 1523 morietur
1292 1455 1435 1546 (Sam),
1453 1456 1507 1524 vel
1522 1457 1596 1548 ipsa

263 1567 515 1656 expressionum
537 1564 733 1631 diversitate
749 1564 997 1631 manifestatur.
1015 1569 1198 1631 Servorum
1215 1564 1306 1630 mala
1325 1563 1517 1650 generatim
1531 1564 1596 1630 mi-

264 1672 361 1742 naris
382 1671 665 1749 aestimabantur,
692 1675 794 1760 atque
823 1670 1011 1737 liberorum
1036 1669 1126 1737 mala
1152 1691 1160 1737 τ
1182 1671 1226 1736 cf.
1242 1693 1275 1738 v.
1298 1677 1338 1736 21
1365 1691 1445 1736 cum
1468 1676 1509 1737 19
1529 1692 1595 1758 sq.,

265 1803 297 1847 v.
319 1785 360 1845 26
376 1801 428 1868 sq.
447 1783 583 1848 cumea
598 1799 689 1867 sqq,
707 1799 740 1843 v,
762 1782 805 1842 32
824 1797 905 1844 cum
927 1782 969 1842 29
988 1798 1063 1866 sqq.
1085 1775 1204 1843 chald.
1228 1777 1306 1862 Syr.
1331 1777 1420 1842 LXX
1436 1799 1447 1842 .·
1468 1775 1598 1844 iudicio

265 1884 484 1971 iudicabitur,
502 1884 526 1950 i.
541 1907 573 1950 e.
594 1881 882 1953 miudicibus
901 1883 1134 1966 submittatur,
1159 1883 1219 1972 qui
1244 1883 1403 1949 omnibus
1421 1884 1598 1972 perpensis

266 1998 324 2059 aut
337 2013 484 2082 poenam
500 1991 620 2080 capitis
634 1995 693 2058 aut
707 1991 871 2060 leviorem
887 2010 1033 2079 poenam
1050 1989 1294 2056 decernente
1313 1994 1353 2054 21
1374 2018 1389 2053 u
1405 1989 1470 2056 Sia
1483 2003 1600 2055 {terrem

267 2122 335 2166 eruo
351 2098 406 2166 die
422 2097 476 2163 rel
488 2096 619 2163 dicebas
630 2096 876 2186 supervixerit,
893 2119 964 2166 aare
980 2095 1168 2162 subiacebit
1183 2118 1334 2184 poenae,
1350 2096 1436 2186 quia
1451 2097 1600 2186 pecuur'a

268 2205 365 2271 illius
378 2216 428 2270 est
448 2231 483 2286 u,
503 2208 537 2269 et
553 2204 658 2270 herus
672 2203 839 2292 pecuniae
857 2203 991 2270 iactura
1005 2204 1084 2274 aas
1099 2203 1252 2296 punitur.

579 2443 619 2504 (c)
638 2444 676 2489 Da
691 2443 793 2488 muliere
808 2447 960 2501 praegnante
976 2456 1091 2501 percussa
1107 2442 1153 2489 Ex.
1171 2443 1244 2501 mbr
1256 2456 1296 2508 q.

312 2653 344 2697 v.
357 2637 401 2697 Ἠ
416 2658 431 2690 u
450 2630 490 2696 Si
504 2629 612 2696 riaatr'
619 2628 752 2717 suerint
764 2627 844 2709 uiri,
861 2639 892 2693 et
901 2628 1107 2717 percusserit
1121 2627 1199 2718 quis·
1211 2627 1389 2694 mirlierem
1405 2651 1603 2724 praeparari-

269 2750 338 2805 tem
363 2766 393 2818 n,
411 2737 585 2804 volentem
603 2737 692 2802 forte
713 2757 834 2802 eruere
854 2735 964 2800 virum
984 2735 1026 2801 de
1047 2756 1151 2800 manu
1170 2734 1319 2801 fortioris
1340 2735 1449 2824 (Dent.
1468 2737 1599 2828 25,11),

270 2875 286 2906 «
309 2859 342 2911 et
353 2843 547 2911 abortivum
564 2841 702 2932 quidem
711 2840 850 2930 fecerit,
866 2840 928 2907 sed
945 2841 1042 2932 [ipsa]
1055 2840 1196 2921 vicerit,
1213 2841 1402 2908 subiacebit
1420 2842 1545 2908 damac
1569 2871 1600 2920 »,

269 2954 370 3018 Hebr.
393 2949 523 3016 mulcta
543 2947 775 3025 accelerabatur,
800 2975 816 3008 u
838 2960 1007 3037 quamam
1028 2947 1175 3013 maritus
1194 2947 1352 3014 urulieris
1371 2949 1551 3040 expetierit
1570 2963 1603 3015 a!

271 3056 392 3125 arbitri
416 3055 645 3122 iudicauerint
673 3083 702 3120 ».
728 3054 830 3122 Hebr.
856 3075 869 3120 :
893 3067 925 3120 et
942 3053 1088 3120 eaieriut
1114 3053 1269 3143 infantes
1289 3056 1392 3144 (LXX
1414 3056 1508 3122 Sam.
1525 3078 1536 3122 .·
1554 3056 1604 3122 iu-

267 3164 364 3253 saus)
381 3176 413 3230 et
439 3185 506 3229 uon
518 3163 631 3250 fuerit
643 3161 886 3250 infortunium,
902 3183 1006 3250 quam
1021 3160 1309 3248 significationem
1325 3161 1519 3248 generalem
1537 3163 1604 3229 uti-

271 3294 338 3362 que
351 3270 457 3336 habet
469 3284 542 3360 1¹³0&
558 3274 639 3335 Gen.
658 3273 750 3349 lidda.
774 3272 832 3348 383
851 3273 964 3346 bladii.
981 3269 1071 3334 LXX
1093 3289 1106 3332 .·
1127 3275 1175 3335 καὶ
1200 3273 1307 3358 ἐξέλθῃ
1327 3279 1362 3336 rb
1381 3277 1494 3337 παιδίον
1511 3273 1604 3353 ababa

273 3388 312 3462 μὴ
331 3383 578 3459 ἐξεικονισμένον,
605 3396 693 3464 quae
719 3375 867 3463 explicat
891 3373 989 3439 Pbilo
1008 3373 1065 3463 (lle
1081 3374 1218 3464 special.
1250 3375 1399 3464 legibus)
1421 3375 1463 3442 dc
1481 3375 1603 3442 abortu

270 3484 421 3551 nondum
447 3483 482 3548 in
507 3482 646 3572 plenam
667 3481 818 3547 hominis
840 3481 989 3546 formam
1018 3480 1166 3547 redacto.
1192 3481 1367 3558 Quomodo
1388 3483 1472 3548 haec
1497 3487 1605 3548 trans-

271 3592 353 3657 latio
387 3614 405 3656 e
434 3594 526 3655 tcxtu
557 3588 706 3666 fluxerit,
739 3586 832 3653 haud
868 3586 1056 3676 dispicitur.
1088 3589 1207 3676 Bausr.
1236 3587 1406 3674 suggerit,
1433 3593 1512 3655 LXX
1540 3611 1604 3677 pro

273 3712 345 3787 pua
363 3696 485 3782 legisse
499 3708 604 3783 trum.
626 3698 668 3759 Ut
682 3707 755 3784 pou
776 3716 854 3759 cum
883 3692 995 3782 Vulp„
1016 3695 1081 3761 Iar.
1111 3693 1174 3780 (lv.
1201 3699 1234 3762 8.
1257 3693 1312 3782 33)
1337 3699 1369 3760 et
1390 3698 1447 3761 Ps.
1466 3698 1539 3761 lou.
1560 3694 1603 3761 ad

271 3805 377 3871 salam
401 3803 629 3888 restringatur
646 3806 807 3880 matrem,
831 3801 918 3866 ratio
942 3821 1013 3866 non
1035 3805 1099 3882 est;
1121 3800 1210 3867 bene
1228 3823 1309 3866 vero
1329 3822 1405 3867 cum
1428 3800 1549 3868 iisdem
1573 3807 1605 3868 et

276 3910 396 3980 Cbald.
414 3931 478 3974 ror
493 3908 538 3974 ad
552 3914 696 3974 mortem
712 3907 868 3987 retertur,
892 3907 1017 3972 etenim
1035 3913 1104 3972 toto
1119 3908 1184 3973 hoc
1203 3908 1329 3994 currite,
1351 3908 1413 3973 ubi
1431 3909 1546 3995 agitur
1564 3908 1605 3974 de

273 4016 490 4109 percussione
505 4013 653 4103 proximi
672 4013 766 4103 (solis
779 4037 812 4079 v.
834 4021 872 4080 15
892 4012 1040 4102 exceptis
1059 4014 1283 4102 parentibus),
1304 4013 1377 4080 sola
1393 4035 1484 4080 mors
1497 4019 1606 4082 morte

273 4125 418 4214 punitur
435 4123 482 4211 (v.
503 4121 573 4207 23).
599 4124 711 4209 Neque
731 4119 901 4209 expressio
921 4109 1007 4184 nub*
1023 4134 1105 4184 issu
1127 4121 1183 4208 (cl.
1207 4125 1288 4186 Gen.
1315 4121 1429 4210 2525)
1446 4120 1605 4187 abortum

275 4230 380 4320 sapit,
406 4229 468 4295 sed
490 4228 526 4294 h.
552 4227 576 4293 l.
607 4247 700 4293 mere
722 4233 856 4315 tempus
878 4225 1051 4312 significat
1072 4246 1079 4292 :
1102 4227 1130 4292 si
1149 4226 1377 4313 egrediuntur
1401 4228 1549 4294 infantes
1575 4234 1608 4294 et

276 4335 410 4403 nullum
429 4340 479 4401 cst
501 4333 746 4402 intortunium,
762 4333 784 4399 i.
803 4355 833 4397 e.
861 4333 960 4398 nulla
983 4355 1072 4399 mors
1094 4354 1207 4422 neque
1231 4331 1338 4423 prolis
1358 4356 1470 4422 neque
1491 4334 1607 4401 matris

278 4440 397 4531 (aar),
416 4448 490 4506 tum
511 4463 574 4530 pro
588 4438 811 4528 percussione
831 4438 950 4505 matris
970 4438 1138 4525 infligitur
1156 4441 1293 4506 mulcta.
1313 4439 1384 4506 Sic
1408 4445 1527 4507 contra
1548 4447 1608 4506 aut

275 4550 386 4615 foetus
405 4546 572 4637 prodierit
591 4549 762 4623 mortuus,
785 4551 845 4611 aut
864 4547 920 4611 vix
934 4551 1036 4611 natus
1056 4546 1232 4628 moriatur,
1251 4551 1309 4612 aut
1327 4552 1436 4612 mater
1450 4547 1487 4612 in
1506 4551 1607 4636 partu

277 4655 501 4737 exanimetur,
516 4651 695 4719 homicidii
712 4652 770 4718 ille
787 4652 841 4717 vir
858 4674 937 4718 reus
953 4652 1150 4719 habebitur.
1168 4654 1202 4718 Si
1223 4657 1281 4719 aut
1295 4651 1404 4719 foetos
1419 4660 1478 4720 aut
1498 4658 1607 4719 mater

276 4767 337 4829 aut
356 4760 458 4828 ambo
476 4764 693 4826 morerentur
710 4757 888 4849 aliquanto
904 4763 982 4848 post
1003 4763 1156 4846 partum,
1174 4757 1314 4825 fortasse
1334 4758 1489 4848 epikeiae
1511 4759 1608 4825 locus
