3534 5384
237 378 300 436 496
798 393 888 437 arran
908 393 1018 439 1118611.

237 526 342 593 beant
358 541 435 590 616.
457 523 678 615 Prosequitur
699 532 843 607 66,7-66
866 529 1009 615 peecata
1027 525 1089 591 illa
1109 526 1226 592 omnia
1248 526 1305 615 (ef.
1328 525 1480 593 dicenda
1499 533 1580 616 post

236 654 268 700 v.
294 633 369 722 61),
393 629 453 698 sed
474 630 542 700 alio
566 637 670 721 atque
694 654 770 722 cap.
794 639 834 702 18
862 632 996 700 ordine.
1023 636 1108 698 Dum
1131 653 1176 698 so.
1203 632 1577 722 8861811188681868

237 737 466 828 proximitatis
486 738 610 805 ordine
632 740 850 821 recensebat,
863 761 939 828 cap.
961 745 1004 805 60
1020 737 1141 806 eadem
1157 737 1344 806 secundum
1358 761 1505 828 poenam
1519 741 1575 806 in-

235 844 426 932 fligendam
442 843 479 912 16
500 844 586 911 duas
609 844 734 912 classes
755 845 915 912 secernit.
943 843 1175 924 Adulterium,
1197 843 1348 912 incestus
1371 867 1450 912 oum
1469 846 1578 936 patris

237 974 342 1020 uxore
358 957 521 1018 86161166
536 948 716 1034 admissus,
729 951 897 1034 sodomia,
915 950 1175 1018 matrimonium
1186 955 1393 1019 attentatum
1409 973 1487 1019 cum
1505 975 1579 1020 rna-

237 1057 289 1126 168
314 1058 477 1125 simulac
500 1055 588 1139 filia,
610 1056 798 1126 bestialitas
816 1062 928 1125 morte
952 1057 1150 1147 plectuntur
1169 1081 1201 1124 r.
1227 1064 1345 1138 10-163
1370 1058 1478 1126 coitus
1496 1081 1576 1126 oum

234 1185 368 1245 sorore,
393 1163 537 1232 muliere
560 1164 769 1246 semimitas,
796 1169 982 1232 matertera
1009 1165 1064 1231 vel
1090 1163 1212 1246 amita,
1241 1187 1345 1231 uxore
1374 1164 1490 1254 patrui
1516 1165 1573 1232 vel

139 1298 141 1302 ·
235 1269 407 1351 avunculi,
424 1290 529 1336 uxore
544 1269 659 1336 fratris
669 1293 702 1335 v.
719 1276 817 1336 17-61
832 1271 976 1361 punitur
988 1276 1098 1336 morte
1111 1269 1202 1336 civili
1214 1275 1248 1337 et
1260 1276 1488 1361 consequente
1499 1270 1574 1337 ille-

234 1376 418 1464 gitimitatc
439 1376 563 1465 prolis.
589 1376 724 1443 Prolem
745 1375 871 1466 prioris
895 1375 1000 1444 etiam
1024 1377 1140 1443 classis
1165 1376 1332 1443 scelerum
1356 1375 1574 1464 illegitimam

235 1483 354 1566 luisse,
378 1503 441 1572 per
465 1504 501 1548 se
513 1487 619 1572 patet.
646 1485 714 1548 Hae
735 1503 868 1570 poenae
887 1504 957 1548 uon
973 1481 1136 1550 videntur
1155 1503 1233 1551 cum
1250 1484 1340 1572 ipso,
1358 1484 1419 1573 qui
1439 1483 1575 1570 legibus

236 1612 311 1679 cap.
338 1594 379 1656 18
398 1587 615 1679 exprimitur,
636 1609 732 1655 more
757 1609 828 1656 esse
845 1594 964 1672 natae,
981 1610 1077 1656 secus
1097 1611 1176 1656 oum
1191 1587 1260 1656 illis
1274 1589 1412 1676 legibus
1432 1589 1575 1657 unicum

235 1696 410 1763 efficerent
428 1694 684 1763 documentum.
709 1693 776 1762 Sed
792 1716 872 1761 cum
889 1694 1055 1783 coniugia
1068 1695 1145 1778 illa,
1163 1717 1251 1786 quae
1274 1696 1445 1763 maiorum
1463 1717 1574 1763 mores

196 1866 200 1873 .
235 1801 481 1892 reprobabant,
501 1799 830 1890 multiplicarentur,
848 1806 924 1869 turn
944 1801 1088 1870 tandem
1110 1823 1243 1892 poenae
1263 1804 1299 1868 in
1318 1823 1393 1884 eos,
1411 1802 1473 1892 qui
1492 1802 1574 1870 talia

234 1913 457 1990 attentarent,
472 1906 556 1974 ferri
571 1913 710 1998 coeptae
723 1913 814 1974 sunt.
831 1912 884 1974 An
898 1907 964 1975 hae
979 1929 1112 1998 poenae
1127 1929 1246 1975 omnes
1260 1908 1330 1976 iam
1347 1914 1424 1975 ante
1439 1913 1575 1996 Moysen

233 2015 362 2083 fuerint
381 2013 555 2098 decretae,
573 2035 619 2080 an
635 2013 754 2103 aliqua
769 2013 843 2102 ipse
862 2013 1038 2081 addiderit
1057 2015 1251 2096 auxeritve,
1267 2014 1480 2100 ignoramus

277 2126 401 2188 Verum
412 2120 493 2189 huic
507 2140 697 2209 poenarum
712 2119 888 2207 catalog0,
907 2119 1023 2209 quiin
1048 2141 1083 2187 sc
1105 2126 1156 2187 est
1180 2121 1322 2187 omnino
1347 2142 1457 2204 6668,
1474 2143 1576 2211 prae-

234 2228 354 2315 figitur
376 2249 409 2292 v.
437 2233 506 2309 6·6,
527 2227 741 2293 subnectitur
759 2248 792 2292 v.
815 2233 869 2293 67.
894 2226 1154 2312 assignabimus
1179 2227 1332 2316 primum
1354 2225 1465 2294 additi
1480 2249 1512 2294 v.
1528 2233 1573 2294 67

234 2335 415 2402 681166861.
433 2331 619 2422 Respicitis
636 2355 669 2399 v.
688 2339 708 2399 6
723 2334 994 2399 comminantem
1008 2354 1075 2417 eos,
1087 2333 1147 2422 qui
1162 2334 1341 2400 consulant
1356 2335 1570 2422 pythonem3

233 2447 268 2507 81
293 2441 329 2508 id
357 2438 545 2528 aliquando
570 2460 639 2505 nou
664 2442 715 2504 est
738 2438 850 2505 visum
874 2437 1065 2521 sufficiens,
1095 2438 1155 2506 sed
1184 2438 1365 2508 statuenda
1392 2461 1504 2528 poena
1532 2441 1574 2506 in

234 2545 401 2613 israelitas
419 2545 514 2627 11168,
536 2543 597 2635 qui
614 2545 805 2636 pythonem
826 2544 893 2634 ipsi
913 2545 1138 2612 haberentet
1159 2539 1308 2636 eius'ope
1333 2545 1476 2612 oraoula
1491 2546 1573 2613 ede-

233 2659 320 2720 rent.
334 2656 442 2730 Quare
453 2675 485 2718 v.
498 2657 541 2717 61
556 2652 593 2718 16
611 2673 669 2718 868
687 2649 758 2718 1818
775 2656 825 2718 881
840 2672 957 2741 poena
970 2652 1105 2736 11166118,
1127 2655 1161 2719 81
1177 2652 1317 2742 quidem
1329 2651 1570 2741 lapidationis,

233 2766 266 2827 et
285 2758 360 2825 loeo
380 2771 492 2825 61116.
519 2764 539 2824 6
558 2757 724 2847 scriptum
739 2773 813 2820 nus
830 2772 866 2822 nr
883 2773 964 2830 nan,
982 2780 1026 2824 no
1052 2780 1158 2848 quam
1180 2757 1246 2825 sibi
1269 2757 1432 2826 mulieres
1447 2780 1573 2846 magae

233 2867 473 2955 promitterent
492 2864 756 2950 indulgentiam.
779 2864 920 2942 Quando
935 2863 992 2931 hie
1009 2886 1126 2931 versus
1143 2865 1188 2932 sit
1206 2863 1362 2948 additus,
1380 2865 1569 2947 nescimus;

232 2980 388 3062 tempore
402 2971 512 3040 Saulis
526 2972 617 3058 regis
635 2969 666 3060 (1
687 2975 771 3055 Reg.
795 2970 890 3059 28,3)
907 2975 998 3037 certe
1017 2970 1088 3037 vim
1107 2970 1195 3058 legis
1215 2969 1404 3039 obtinebat.
1427 2970 1573 3038 Additus

233 3086 293 3161 est,
306 3084 488 3168 postquam
500 3076 620 3144 186116
632 3098 739 3143 uuum
748 3081 878 3143 textum
891 3082 1132 3144 concreverant
1145 3099 1177 3144 v.
1190 3083 1247 3143 6-6
1261 3082 1294 3143 81
1309 3099 1340 3144 v.
1356 3083 1435 3144 7-66
1453 3100 1460 3145 :
1474 3099 1573 3146 secus

233 3186 342 3267 cuim,
365 3184 426 3276 qui
439 3205 531 3250 nune
550 3187 601 3250 est
615 3204 646 3248 v.
664 3189 719 3266 67,
738 3182 938 3250 immediate
951 3189 1026 3272 post
1042 3205 1075 3250 v.
1092 3191 1110 3248 6
1127 3187 1216 3250 88881
1234 3183 1392 3251 16886168.

276 3314 309 3357 v.
332 3290 491 3357 661688
510 3288 646 3377 respicit
659 3288 769 3374 leges,
788 3310 892 3354 unam
917 3294 1015 3371 18,61
1032 3289 1323 3356 condemnantem
1343 3288 1471 3356 coitum
1490 3312 1569 3356 cum

234 3396 429 3484 alienigena
450 3394 600 3476 infideli,
619 3395 761 3461 alteram
785 3399 898 3477 19,31.
919 3393 983 3460 1118
1000 3416 1072 3461 666
1095 3399 1145 3462 est
1159 3394 1289 3463 inserta
1304 3401 1456 3480 66766,
1474 3396 1568 3486 quod

235 3502 289 3568 bie
301 3502 397 3569 locus
408 3502 482 3570 sola
499 3501 730 3568 Israelitarum
745 3500 836 3567 16186
848 3523 884 3567 88
898 3507 1038 3590 peccata
1052 3501 1247 3591 respiceret,
1261 3507 1295 3568 et
1309 3503 1451 3569 sortasse
1461 3502 1566 3591 quod,

233 3631 302 3699 quo
321 3615 475 3699 tempore
497 3631 607 3699 prope
625 3607 718 3675 Sinai
740 3612 959 3675 versarentur
977 3607 1167 3689 israelitae,
1190 3608 1245 3674 vix
1268 3614 1380 3676 essent
1399 3608 1568 3697 alienige-

232 3739 297 3784 nae
311 3716 349 3782 in
365 3716 504 3803 regione
520 3714 665 3782 deserta.
681 3719 799 3781 Postea
810 3720 946 3794 autern,
963 3737 994 3780 v.
1012 3735 1047 3799 g.
1065 3721 1219 3804 tempore
1236 3715 1279 3800 de
1296 3737 1365 3804 quo
1378 3715 1452 3802 agit
1466 3719 1566 3782 Num.

232 3829 288 3906 65,
304 3824 417 3912 potuit
432 3845 474 3889 ea
497 3821 553 3889 lex
576 3820 687 3888 videri
705 3843 837 3888 summe
856 3821 1059 3888 necessaria.
1079 3825 1160 3888 Lata
1174 3827 1223 3888 est
1243 3821 1353 3909 igitur
1366 3843 1444 3889 cum
1458 3821 1567 3890 multa

233 3930 389 4019 emphasi
407 3952 439 3996 v,
467 3934 539 4011 6-5,
565 3934 693 3996 8181616
714 3949 787 3994 666
807 3927 944 4016 quovis,
967 3926 1026 3993 sed
1053 3927 1274 4017 lapidationis
1300 3928 1485 4018 supplicio,
1510 3951 1568 3994 vo-

233 4035 329 4102 cibus
342 4058 375 4102 v.
392 4042 413 4101 6
428 4051 492 4099 nis
509 4049 574 4098 1116
590 4035 802 4101 conformata
814 4033 928 4100 versui
943 4040 975 4100 9.
994 4034 1105 4100 Potuit
1120 4034 1241 4102 eodem
1254 4041 1408 4124 tempore
1420 4034 1568 4102 invales-

233 4163 311 4208 cere
335 4140 531 4231 superstitio
555 4140 794 4209 adeundarum
813 4161 1014 4226 magorum,
1038 4140 1130 4206 unde
1152 4141 1323 4231 adscripta
1337 4165 1370 4208 v.
1389 4140 1567 4208 666111611-

232 4248 346 4329 68116,
360 4247 519 4314 nondum
535 4269 615 4314 voro
633 4248 811 4314 decretum
824 4246 1043 4337 supplicium.
1067 4247 1248 4336 Potuitque
1267 4270 1307 4314 ea
1325 4253 1420 4314 18616
1435 4245 1567 4314 18611168

232 4356 267 4422 b.
291 4355 316 4421 1.
342 4354 507 4434 adscribi,
526 4353 620 4443 quod
645 4377 687 4421 ea
709 4352 908 4444 superstitio
928 4352 1170 4443 conciperetur
1187 4360 1363 4444 tamquam
1381 4351 1566 4443 spiritualis

230 4460 416 4549 fornicatio
439 4483 517 4527 oum
535 4461 600 4527 diis
615 4460 756 4546 olienis,
774 4459 922 4548 ideoque
937 4481 1008 4526 non
1023 4459 1170 4528 absurde
1183 4459 1435 4550 appenderetur
1449 4458 1566 4549 prohi-

231 4567 356 4636 bitioni
374 4568 483 4635 coitus
502 4589 580 4634 cum
597 4567 741 4635 muliere
759 4566 888 4633 aliena.
