3534 5384
238 315 296 373 iit
691 326 900 371 tramissem
922 326 951 369 ni
974 324 1125 370 ruarmo.

236 468 346 543 verte,
364 460 536 551 quomodo
548 466 672 547 Moyses
688 460 823 540 efferat,
840 459 879 525 in
890 480 1040 549 poenam
1055 457 1279 549 primogeniti
1293 458 1350 525 liei
1369 458 1499 525 israelis
1523 482 1575 527 re·

237 569 320 635 tenti
348 566 564 634 interfectum
585 566 628 632 iri
646 565 897 655 primogenitos
917 564 1074 655 Aegypti.
1092 586 1125 632 v.
1150 572 1203 631 5«
1227 567 1270 631 Et
1290 564 1456 631 morrena·
1475 588 1576 632 omne
1632 648 1637 657 Ι

233 674 505 765 primoqem'tam
529 671 566 739 in
590 685 682 739 terra
704 671 954 762 Aepyptioram
979 695 1001 738 a
1015 670 1251 763 printopenito
1277 668 1484 755 PharaoniS,
1513 671 1577 761 qai

235 782 327 848 sedet
342 781 379 847 in
396 780 484 847 solio
501 780 573 846 eius
591 807 625 862 »,
644 807 660 841 α
679 780 740 868 qui
764 779 841 846 iure
859 800 1011 846 sessurus
1029 783 1078 845 est
1095 806 1111 839 a
1134 777 1262 868 (Vnt),
1288 807 1303 839 a
1324 800 1430 865 usqae
1446 776 1494 845 ad
1503 780 1576 868 pri-

238 888 450 977 mopene'imn
465 886 633 972 ancillae,
653 909 741 976 qaae
762 899 813 951 est
830 883 878 952 ad
891 884 1020 951 niolam
1038 912 1055 946 a
1065 936 1073 967 ,
1088 921 1133 935 —
1148 907 1211 974 pro
1227 906 1294 975 quo
1312 891 1412 965 iana
1430 914 1444 945 α
1467 880 1578 976 οᾶρῐίέ

238 1017 320 1071 vae,
348 1014 436 1083 quae
465 999 540 1059 erat
564 992 600 1059 in
627 1014 764 1059 carcere
794 1012 827 1071 »3
849 998 942 1058 reate
963 994 1018 1060 Ps.
1039 993 1113 1057 lon.
1134 990 1208 1058 voci
1224 1018 1241 1053 a
1265 991 1412 1058 ancillae
1436 1019 1451 1053 a
1479 990 1576 1059 addit

242 1129 258 1163 a
286 1099 449 1167 minimae
473 1118 507 1179 »ς
535 1105 569 1167 et
599 1100 719 1186 Bonsr.
748 1097 801 1164 his
830 1096 1105 1187 expressionibus
1118 1096 1265 1165 indicari
1284 1103 1418 1181 monet,
1446 1096 1576 1165 nullius

241 1205 390 1274 hominis
413 1212 591 1295 exceptum
614 1205 659 1272 iri
683 1203 958 1295 primogenitum
973 1242 1016 1253 -
1040 1230 1056 1265 a
1078 1216 1112 1269 at
1143 1206 1261 1270 onmia
1271 1202 1508 1295 primogenita
1521 1204 1575 1271 in-

240 1325 431 1379 mentorum
447 1340 477 1378 ».
491 1334 524 1379 v.
542 1318 563 1378 6
579 1340 594 1372 «
608 1311 753 1399 Eritqae
768 1310 899 1378 elamor
913 1330 1060 1400 maqnas
1077 1310 1114 1376 in
1130 1309 1291 1377 universa
1305 1324 1396 1377 terra
1408 1311 1572 1401 Aegypti,

239 1418 356 1509 patalis
374 1440 436 1485 nee
462 1417 634 1507 antestat
661 1440 723 1484 nee
750 1429 871 1506 postea
895 1417 1035 1506 staturas
1059 1428 1108 1483 est
1132 1444 1162 1483 a.
1187 1424 1259 1485 v.7
1284 1444 1300 1479 a
1327 1416 1433 1507 Apud
1457 1440 1575 1486 omnes

241 1539 358 1592 uatem
375 1524 468 1614 filios
485 1523 593 1591 Israel
619 1547 691 1590 non
713 1524 835 1590 mutiet
862 1522 958 1590 canis
980 1525 1022 1590 ab
1050 1522 1189 1589 bomine
1218 1522 1396 1613 usquead
1414 1546 1518 1613 peras
1543 1554 1572 1590 n.

235 1633 414 1721 Expressio
430 1619 532 1697 batur
552 1646 602 1695 ἰι
620 1619 674 1696 525
698 1629 888 1719 explicatur
911 1651 976 1719 per
996 1631 1142 1697 alteram
1166 1643 1262 1695 aaa:
1277 1644 1329 1699 itti
1347 1618 1468 1695 arant.
1485 1638 1575 1719 Ergo

239 1737 377 1821 dicitur,
402 1742 523 1804 eontra
537 1736 672 1804 nullam
692 1736 901 1819 israelitam,
925 1758 985 1804 seu
1012 1734 1206 1805 distinctius
1221 1740 1341 1804 eontra
1354 1736 1487 1805 nullom
1504 1737 1575 1805 sive

239 1845 351 1911 virum
377 1843 565 1911 israelitam
585 1842 656 1910 sive
686 1864 791 1933 pecus
819 1842 908 1926 eius,
933 1843 1005 1910 fore
1031 1847 1070 1909 ut
1087 1844 1184 1910 oanis
1208 1844 1394 1933 quisquam
1417 1843 1577 1935 linquam

237 1974 337 2018 snam
361 1963 476 2017 acuat.
501 1949 678 2040 Expressio
704 1952 754 2016 est
769 1948 996 2039 proverbialis
1013 1948 1071 2038 (ei.
1096 1953 1160 2016 los.
1186 1950 1440 2033 10,21;1udith
1461 1956 1573 2034 11‚15,

240 2058 333 2149 apud
344 2060 436 2124 LXX
450 2079 482 2123 v.
502 2055 574 2145 19),
589 2055 778 2145 perfectam
793 2055 979 2142 designans
992 2054 1161 2145 quietem,
1177 2055 1294 2123 ubine
1310 2057 1404 2125 oanis
1419 2056 1572 2149 quidem,

239 2164 388 2245 animal,
409 2190 427 2226 r
448 2160 540 2252 quod
564 2161 609 2229 ad
633 2161 813 2255 minimum
837 2160 1034 2251 strepitum,
1057 2169 1161 2230 noete
1183 2162 1401 2251 praesertim,
1426 2164 1510 2231 solet
1530 2164 1574 2232 ad

238 2270 401 2337 latratum
415 2267 556 2336 excitari
575 2294 592 2329 a
615 2267 785 2357 (Roma),
806 2267 967 2353 linguam
980 2274 1080 2334 acuat
1094 2268 1164 2335 sive
1178 2268 1229 2335 ad
1243 2269 1491 2353 mordendum,
1505 2270 1574 2339 sive

240 2378 379 2442 fortasse
400 2374 515 2443 verius
534 2374 577 2441 ad
600 2372 811 2441 latrandum.
838 2378 911 2440 Non
929 2374 1045 2465 inepte
1066 2373 1162 2464 Sylv.
1191 2380 1453 2459 commemorat,
1474 2400 1575 2445 sanes

240 2487 365 2549 natura
378 2482 465 2548 duae
484 2481 610 2548 sentire
628 2478 837 2570 quandoque
853 2477 1041 2547 domestica
1053 2481 1177 2547 funera
1191 2482 1350 2571 tristique
1373 2483 1508 2550 ululatu
1522 2506 1575 2550 oe-

238 2587 385 2654 lebrare.
415 2616 431 2648 «
454 2589 497 2654 Ut
515 2585 644 2669 sciatis,
669 2588 813 2675 [quanto
839 2584 1018 2676 miracala]
1039 2584 1174 2654 dividat
1200 2588 1367 2656 Dominus
1388 2589 1574 2680 Aepyptt'os

159 2709 162 2713 ’
239 2707 271 2761 et
286 2693 396 2761 lsrael
408 2722 438 2760 a.
461 2694 509 2761 cf.
534 2699 631 2774 8323
648 2698 740 2775 aii.
762 2698 853 2778 Ergo
871 2715 878 2759 :
903 2696 942 2759 ut
957 2692 1087 2776 sciatis,
1107 2694 1279 2784 quamodo
1293 2702 1453 2784 segreget
1470 2696 1572 2765 lahve

240 2801 342 2868 lsrael
361 2800 406 2867 ab
424 2799 501 2867 aliis
519 2799 695 2886 gentibuS,
718 2820 844 2889 eosque
863 2798 929 2865 sibi
948 2805 1100 2866 assumat
1113 2800 1149 2867 in
1164 2802 1343 2891 populum.
1362 2803 1409 2870 cf.
1426 2825 1516 2893 quae
1531 2802 1574 2871 de

239 2912 331 2975 textu
347 2906 535 2974 seeundum
551 2910 642 2973 Sam.
663 2904 878 2972 amandando
890 2927 996 2995 supra
1008 2907 1289 2994 suggerebamus.
1308 2932 1341 2975 v.
1359 2914 1379 2975 8
1396 2937 1412 2971 α
1429 2913 1574 2977 Descen-

239 3012 385 3104 dentque
400 3035 515 3081 omnes
527 3011 617 3079 semi
631 3010 683 3079 tui
693 3011 753 3077 isti
767 3010 888 3091 adme,
902 3024 936 3078 et
947 3011 1143 3079 adorabant
1155 3012 1389 3083 medicantes:
1406 3016 1574 3107 Epredere

240 3133 277 3186 tn
296 3132 328 3186 et
349 3120 461 3187 omnis
475 3118 646 3210 popalus,
667 3117 731 3207 qai
755 3116 925 3185 subiectus
947 3128 996 3185 est
1023 3119 1093 3187 aii.
1112 3122 1195 3187 Post
1212 3120 1295 3188 iaec
1312 3121 1528 3213 egrediamur
1542 3151 1557 3187 n

240 3230 309 3292 Huc
328 3226 721 3314 transfer10,28sq.-
734 3245 767 3289 v.
785 3229 805 3290 9
828 3253 844 3285 «
865 3226 911 3290 Ei
925 3224 1032 3291 eaiar't
1053 3248 1075 3292 a
1093 3224 1273 3293 Pharaone
1292 3228 1405 3295 iratas
1420 3229 1525 3297 nimis
1542 3257 1572 3298 a.

240 3336 327 3421 Apte
339 3334 464 3399 Moser.
481 3332 516 3397 n.
534 3331 558 3397 l.
576 3331 782 3420 parascham
800 3330 967 3400 scribunt.

278 3548 373 3599 Monet
387 3548 450 3609 Ka,
464 3549 563 3611 postea
576 3561 633 3598 non
648 3550 756 3597 narrari
771 3547 929 3597 Pharaonis
943 3548 1050 3599 aulicos
1066 3548 1102 3599 ad
1116 3550 1233 3613 Moysen
1246 3552 1435 3617 supplicatum
1449 3556 1573 3617 venisse,

245 3650 313 3702 ergo
327 3637 453 3688 diversos
470 3636 655 3687 adstruendae
671 3641 810 3687 auctores.
827 3635 1011 3700 Respondeo,
1028 3638 1139 3702 aliquos
1155 3646 1230 3690 certe
1250 3642 1376 3704 venisse,
1395 3642 1476 3693 dooet
1494 3642 1570 3705 ii,3i

241 3731 448 3791 potueruntque
462 3725 516 3787 illi,
531 3726 668 3789 quotquot
686 3724 800 3775 tandem
820 3728 915 3787 erant,
937 3736 1121 3790 quaeeunque
1145 3726 1205 3790 it,8
1226 3728 1398 3791 dicebantur,
1418 3738 1574 3795 praestare.

242 3815 298 3866 Sed
315 3815 376 3875 11,a
391 3826 448 3864 non
466 3815 509 3864 est
529 3814 688 3865 necessario
709 3812 924 3875 concipiendum
943 3816 974 3865 ut
994 3816 1145 3878 prophetia
1165 3828 1183 3866 a
1201 3816 1297 3881 Moyse
1315 3818 1404 3880 adita,
1422 3815 1472 3871 s‘ed
1487 3826 1517 3872 ut
1531 3822 1575 3873 lo-

240 3906 316 3955 cutio
334 3903 493 3967 emphatica
513 3904 542 3953 et
562 3901 743 3966 hyperbolica
757 3903 931 3964 exprimens,
948 3914 998 3953 eos
1017 3905 1066 3968 qui
1082 3917 1156 3954 nuno
1175 3904 1267 3956 exodo
1286 3914 1490 3971 repugnarent,
1507 3921 1576 3960 ean-

240 3993 304 4045 dem
318 4004 385 4043 mox
398 3992 516 4043 summis
529 3992 603 4041 votis
617 4002 680 4041 esse
693 3991 876 4053 expetituros.

285 4182 468 4273 Sequentia
487 4187 594 4249 totam
620 4182 805 4272 plagarum
827 4182 1063 4250 narrationem
1085 4184 1184 4252 brevi
1205 4187 1356 4256 formula
1381 4196 1572 4258 resumunt.

245 4320 260 4352 a
280 4289 378 4356 nisit
390 4301 505 4355 autem
518 4288 686 4355 Dominus
700 4287 749 4356 ad
759 4291 903 4378 Moysen
918 4310 931 4354 .·
946 4290 1023 4357 Non
1038 4290 1158 4359 attollet
1171 4315 1229 4359 vos
1244 4293 1396 4377 Pharao,
1414 4310 1452 4363 at
1466 4296 1577 4365 mttlta

242 4396 343 4486 sipna
359 4396 451 4485 fiant
472 4395 509 4462 in
532 4408 624 4463 terra
643 4395 795 4487 Aegypti
820 4419 852 4464 a.
879 4401 967 4463 Deus
988 4394 1068 4463 ideo
1083 4399 1187 4465 etiam
1202 4400 1398 4469 obdurabat
1414 4425 1475 4469 eor
1489 4405 1575 4471 Pha-

241 4503 370 4585 raonis,
388 4502 555 4592 quianon
573 4524 763 4591 perpauca
782 4501 964 4592 minusque
979 4501 1130 4571 illustria
1142 4506 1242 4593 signa
1255 4508 1394 4575 volebat
1407 4509 1577 4578 Hebraeos

243 4608 402 4677 liberare.
419 4630 453 4677 v.
468 4616 508 4675 10
528 4636 544 4670 a
566 4611 699 4699 Moyses
710 4622 827 4676 antem
841 4620 873 4676 et
889 4611 1005 4676 Aaron
1019 4613 1173 4699 fererant
1186 4612 1304 4680 omnia
1314 4628 1455 4699 ostenta,
1475 4619 1576 4707 [qaae

244 4716 373 4806 scripta
394 4715 485 4805 sant]
503 4742 539 4798 n,
559 4754 603 4766 -
621 4715 745 4806 reliqui
762 4715 965 4804 simpliciter
984 4716 1066 4785 liaeo
1084 4748 1166 4793 -‚«
1188 4742 1304 4788 raram
1322 4722 1514 4791 Pharaone.
1532 4726 1577 4791 Et
