3534 5384
748 415 798 461 ax.
822 400 910 468 15,ss
936 414 1000 467 sco.
1478 376 1539 465 lbi
1614 468 1619 479 ,Ἴ

206 548 311 617 etiam
329 548 366 615 in
383 548 631 637 Acgyptiorum
651 548 757 615 sacris
770 548 932 615 sanctitas
948 546 1288 641 deprehendebatur,
1308 549 1367 616 sed
1388 554 1557 637 externa,
1623 532 1625 535 Ι
1660 530 1757 603 ’Ὓῖῑῖ

207 677 295 746 qnae
310 661 483 722 constaret
494 654 745 739 ablutionibus,
763 653 890 720 ritibus
906 647 1203 721 sacrificiornmet
1216 654 1386 738 ciborum,
1408 679 1472 723 vox
1483 681 1542 725 ae-

208 761 325 852 gyptia
340 762 436 846 Uc‘b,
449 760 622 840 sacerdos,
634 759 728 828 idem
739 764 837 827 sonat
847 764 950 849 atque
959 780 1073 849 purus
1085 760 1274 850 (Ermanp.
1286 766 1540 855 aeramnae).
1623 822 1650 857 ,
1735 821 1756 854 ᾗ

207 875 261 950 At,
278 873 363 957 quot
376 888 511 934 morum
525 866 771 956 religionisque
785 866 967 956 spurcitias
982 867 1215 934 externahacc
1232 868 1391 935 sanctitas
1403 869 1543 938 adiunc-
1595 914 1597 917 -
1619 857 1622 865 ¹
1642 870 1645 955 ζ
1665 857 1742 966 ἐξ(

208 979 259 1042 tas
276 973 442 1041 habebat!
454 973 715 1063 comparatione
728 973 824 1040 cuius
839 974 942 1040 lahve
958 975 1032 1040 iure
1044 973 1165 1039 merito
1178 973 1388 1063 magnificas
1401 977 1541 1063 absone·
1593 1012 1594 1015 ι
1656 958 1755 1062 ‘'332'2·

210 1080 453 1147 titatedicitur.

254 1215 270 1247 ιι
300 1186 471 1253 Terribilis
492 1199 595 1275 atque
618 1182 821 1271 laudabilis,
836 1185 975 1274 faciens
989 1184 1164 1253 mirabilia
1180 1214 1209 1253 ιι.
1227 1188 1335 1255 Etiam
1350 1189 1435 1257 hacc
1453 1190 1541 1257 acci·
1595 1266 1599 1275 ,
1670 1214 1755 1254 ι

208 1315 291 1383 pere
303 1292 610 1383 poterisimprimis
623 1293 797 1359 enuntiari
813 1292 856 1359 de
871 1294 972 1359 lahve
985 1291 1241 1382 comparatione
1255 1293 1398 1361 deorum
1410 1296 1542 1387 aegyp-
1612 1360 1614 1364 ,
1688 1276 1746 1389 ἶς’

209 1400 347 1467 tiorum.
365 1399 535 1466 Facillime
545 1399 753 1487 intelligitur
763 1400 872 1466 altera
882 1399 1051 1489 expressio
1065 1422 1072 1467 :
1085 1407 1331 1489 comparantur
1346 1401 1448 1468 lahvc
1463 1424 1540 1492 por·
1567 1398 1568 1401 ¹
1601 1490 1602 1495 ἵ
1628 1478 1629 1483 1

209 1513 395 1573 tentacum
417 1506 649 1573 maleficorum
668 1507 908 1595 aegyptiorum
924 1506 1137 1595 potissimum
1162 1506 1365 1595 praestigiis,
1384 1512 1422 1575 ut
1440 1514 1537 1592 nota,
1616 1584 1618 1591 ,
1666 1546 1698 1581 ιι,
1714 1494 1722 1521 ”
1738 1494 1757 1508 ⁸

209 1601 270 1679 aba
286 1612 467 1701 designare
480 1612 687 1680 miraculum
701 1612 814 1680 stricte
828 1612 985 1679 divinum
1003 1610 1060 1699 (ct.
1076 1614 1322 1680 Knobenbauer
1336 1614 1380 1681 ad
1395 1619 1433 1681 ls.
1454 1616 1537 1706 9,6).

211 1725 313 1787 Porro
337 1721 506 1809 expressio
520 1707 625 1784 abban
641 1734 710 1785 aar:
730 1720 872 1810 omnino
894 1718 1129 1785 conformatur
1147 1720 1354 1807 expressiori
1372 1710 1433 1788 aba
1450 1737 1537 1793 aur,

209 1826 289 1894 licet
311 1826 415 1893 aliam
434 1826 548 1913 exigat
570 1826 886 1894 constructionem:
905 1823 1065 1890 terribilis
1090 1823 1231 1914 (prroad)
1255 1825 1390 1909 laudes,
1405 1828 1541 1916 [aciens

205 1944 377 2023 portenta.
393 1960 410 1993 a
425 1931 556 1999 Laudes
570 1959 586 1994 ιι
599 1953 682 1998 vero
694 1934 860 1998 vocantur
874 1931 949 2021 ipsa
962 1929 1183 1998 «laudabilia
1197 1959 1225 2016 »,
1243 1932 1351 1999 veluti
1364 1936 1541 2002 continens

209 2061 273 2129 pro
291 2044 467 2121 contento;
485 2040 543 2105 Dei
553 2044 668 2106 autem
683 2041 844 2128 portenta
856 2060 898 2103 eo
916 2036 1030 2127 aptius
1047 2038 1082 2103 h.
1099 2038 1345 2105 laxabantur
1363 2044 1540 2130 tamquam

212 2174 228 2207 «
243 2144 431 2213 laudabilia
444 2173 475 2229 ιι,
487 2144 581 2234 quod
596 2166 715 2234 reapse
724 2144 836 2212 laudis
848 2144 980 2211 cantico
994 2142 1225 2212 celebrentur.
1242 2145 1442 2213 Terribilem
1458 2170 1540 2215 vero

210 2256 446 2343 portentorum
475 2236 742 2342 patratorem’se
764 2249 902 2317 exbibet
926 2256 1011 2317 Deus
1037 2252 1286 2340 Aegyptiorum
1305 2252 1461 2335 interitu,
1482 2254 1542 2347 qui

210 2359 306 2426 brevi
331 2358 480 2425 formula
501 2358 699 2425 enuntiatur
720 2380 727 2426 :
751 2381 783 2423 v.
814 2364 854 2423 12
877 2385 893 2418 (ι
920 2356 1116 2424 Extendisti
1135 2380 1277 2425 monum
1295 2372 1391 2425 tuam
1418 2386 1451 2448 a,
1469 2381 1542 2427 non
1693 2398 1746 2429 ι

210 2464 397 2555 pugnantis
407 2464 515 2533 instar
529 2464 660 2554 (lost),
678 2463 737 2531 sed
748 2463 995 2553 quandolt,2tt
1007 2486 1060 2553 sq.
1076 2464 1201 2532 iussisti
1210 2468 1342 2553 Moysen
1357 2467 1541 2534 extendere
1638 2510 1639 2513 ι
1679 2484 1681 2487 ·

210 2592 352 2639 manum
370 2592 484 2653 suam;
504 2600 520 2632 «
538 2572 595 2658 [etl
611 2568 787 2637 devoravit
802 2592 857 2637 eos
870 2582 960 2636 terra
975 2598 1005 2635 ιι.
1025 2570 1125 2638 Nullo
1137 2570 1204 2637 alio
1219 2594 1304 2662 opus
1322 2571 1402 2657 tuit,
1421 2573 1486 2640 nisi
1503 2579 1543 2641 ut
1621 2566 1630 2635 s

209 2700 351 2746 manum
377 2678 577 2745 extenderes
599 2676 749 2745 iubentis
778 2676 846 2743 ritu
874 2676 995 2766 (Coa).
1025 2681 1091 2743 Vox
1116 2690 1207 2743 terra
1235 2678 1461 2767 quandoque,
1492 2682 1542 2747 uti
1727 2666 1750 2687 ⁸⁷

210 2790 292 2852 Gen.
317 2791 347 2866 t,
372 2783 505 2851 aridam
528 2789 562 2850 et
582 2806 689 2873 aquas
708 2783 866 2869 designat
881 2782 1003 2872 (Auq.)
1024 2789 1209 2872 monetque
1229 2784 1353 2868 Calua,
1368 2786 1471 2853 etiam
1488 2792 1540 2854 ΡΒ.

211 2898 274 2959 10t
293 2890 441 2980 [105],30
457 2890 525 2957 dici
544 2895 671 2957 terram
692 2889 837 2957 edidisse
855 2911 971 2972 ranas,
989 2910 1144 2956 cumeae
1165 2894 1220 2955 Ex.
1238 2896 1296 2973 8,5
1313 2912 1364 2980 sq.
1387 2914 1428 2959 ex
1442 2893 1541 2982 aquis

213 2997 363 3064 tluminis
374 3001 561 3064 narrentur
579 3019 650 3063 esse
672 3002 783 3063 natae.
799 2996 942 3062 Felicius
960 2998 1052 3062 LXX
1065 3006 1219 3079 κατέπιεν,
1236 2996 1428 3084 deglutivit.

256 3103 421 3170 Portentis
435 3103 649 3170 terribilibus
660 3103 848 3193 opponitur
860 3104 1026 3179 suavitas,
1042 3124 1112 3191 qua
1121 3108 1209 3169 [tens
1218 3103 1385 3193 populum
1397 3106 1540 3173 electum

211 3210 380 3278 tractarit.
397 3234 429 3276 v.
454 3216 496 3277 13
516 3237 531 3271 ι(
556 3214 636 3276 Dua
650 3208 752 3298 fecisti
771 3209 808 3274 in
828 3208 1064 3275 misericordia
1080 3220 1139 3275 trec
1151 3209 1301 3299 populo,
1324 3233 1425 3301 quem
1444 3212 1541 3279 redc-

210 3316 307 3383 mc‘stz‘
323 3344 353 3384 ιι,
370 3332 445 3388 aar,
461 3316 601 3406 proprie
621 3315 787 3404 diripere,
812 3315 952 3381 initium
968 3316 1085 3405 potius
1106 3314 1237 3383 itineris
1259 3317 1399 3407 eiusque
1412 3325 1540 3386 rectam

211 3423 436 3491 directionem
448 3422 601 3511 respicit,
619 3444 723 3512 quam
735 3422 933 3489 terminum.
953 3422 1273 3511 «Etportestieum
1286 3422 1541 3513 infortitudine

212 3543 274 3597 tua
292 3528 341 3597 ad
354 3529 592 3597 babitaculum
610 3542 767 3596 sanctum
788 3541 886 3594 turem
907 3556 937 3595 ».
955 3530 1051 3596 Sam.
1068 3517 1163 3603 nbat,
1171 3529 1356 3618 possedisti
1375 3554 1387 3596 .·
1403 3531 1460 3598 sed
1476 3533 1541 3600 hoc

212 3635 418 3704 constructio
432 3659 503 3703 non
521 3634 662 3725 patitur.
681 3636 824 3703 Notabat
838 3634 907 3701 iam
932 3635 1005 3702 Coi.
1027 3624 1082 3699 bu:
1098 3658 1168 3702 non
1184 3635 1316 3702 edicere
1336 3637 1541 3727 completam

213 3741 255 3809 ad
270 3742 471 3825 terminum,
488 3742 549 3809 sed
565 3743 761 3809 inchoatam
777 3746 912 3809 tautum
932 3741 1172 3810 deductionem
1194 3763 1201 3809 :
1218 3764 1338 3835 reapse
1356 3766 1421 3809 vox
1434 3744 1542 3830 signi-

211 3850 292 3916 ficat
304 3849 430 3915 ducere
447 3870 541 3915 more
557 3850 717 3938 pastoris,
734 3869 813 3915 cum
829 3869 958 3933 magna
970 3870 1063 3915 cura.
1081 3847 1254 3937 Expressio
1275 3864 1366 3941 'turp
1383 3865 1542 3917 ursaceus

212 3977 282 4022 non
295 3956 439 4041 legitur3
462 3955 626 4022 vertenda
641 3958 693 4022 est
716 3952 951 4021 babitaculum
976 3966 1132 4020 sanctum
1146 3968 1263 4039 tectura·
1276 3956 1372 4022 nulla
1389 3959 1438 4021 est
1455 3958 1541 4023 ratio

211 4061 368 4157 vertendi
384 4061 619 4129 babitaculum
638 4060 830 4129 ,sanctuarii
845 4059 908 4125 tui.
936 4065 976 4127 ls.
1005 4066 1108 4142 3218
1128 4060 1271 4128 felicitas
1286 4061 1388 4148 regni
1407 4064 1542 4129 messia-

210 4168 281 4236 nici
299 4167 513 4251 describitur,
540 4174 576 4234 ut
598 4168 755 4234 homines
775 4167 966 4234 habitaturi
986 4166 1054 4235 sint
1077 4194 1093 4230 α
1116 4166 1150 4233 in
1172 4167 1369 4234 habitaculo
1386 4169 1480 4258 pacis
1505 4198 1540 4249 ιι,

213 4263 296 4340 nebu
311 4290 399 4346 ntra,
416 4274 568 4362 imagine
577 4296 658 4341 sane
670 4296 692 4341 a
703 4279 795 4342 terra
810 4278 944 4355 sancta,
959 4296 1031 4339 non
1043 4296 1124 4340 vero
1136 4296 1157 4340 a
1167 4274 1288 4364 templi
1297 4280 1412 4342 monte
1421 4278 1539 4365 petita.

213 4385 266 4449 Os.
289 4387 386 4463 9,13;
406 4386 446 4447 ls.
475 4388 570 4464 35,7;
595 4388 713 4465 65‚1o;
736 4386 800 4447 lcr.
822 4386 902 4461 233
918 4396 967 4446 nu
988 4380 1158 4466 significat
1174 4403 1349 4470 correpunt,
1373 4381 1542 4473 imprimis

212 4510 291 4556 eum
306 4488 365 4555 ubi
377 4496 564 4578 pascuntur
577 4509 703 4576 greges
718 4510 726 4555 :
740 4509 823 4575 ergo
837 4492 917 4576 apte
927 4487 1049 4554 eadem
1062 4508 1126 4553 vox
1141 4491 1199 4554 Ex.
1217 4494 1317 4569 15,1a
1335 4490 1464 4555 selecta
1478 4496 1538 4556 est.
1626 4514 1634 4521 ·

213 4594 308 4672 Quod
328 4602 444 4662 autem
464 4599 550 4661 Deus
573 4622 589 4656 «
615 4595 820 4682 magnificus
842 4593 878 4660 in
899 4595 1078 4661 sanctitate
1101 4620 1115 4652 ι)
1144 4616 1214 4660 non
1238 4594 1373 4661 adalia
1396 4618 1539 4685 pascua,
1671 4660 1683 4679 ‚

210 4723 314 4791 quam
327 4724 417 4791 quae
432 4701 499 4767 sint
511 4727 527 4762 ι(
543 4701 779 4769 habitaculum
798 4706 953 4767 sanctum
975 4727 1009 4783 »‚
1028 4721 1170 4786 gregem
1184 4722 1283 4767 suum
1299 4701 1402 4767 lsrael
1416 4701 1541 4767 ductu·
1616 4706 1652 4801 s*

211 4829 270 4874 rus
285 4808 343 4890 sit,
360 4809 436 4898 quis
452 4808 615 4876 miretur?
629 4810 784 4874 Ceterum
798 4806 1033 4874 babitaculum
1055 4807 1119 4872 hoc
1141 4812 1298 4873 sanctum
1315 4829 1386 4874 non
1407 4812 1456 4873 est
1476 4829 1543 4874 ne·
1603 4800 1625 4881 ⁸,
