3534 5384
234 330 293 389 tio
716 346 753 388 nx
776 344 913 389 aserere
936 347 966 389 iu
989 347 1085 393 simi.

237 507 252 541 τ(
282 479 360 556 Quis
382 483 431 544 est
456 477 578 544 similis
603 480 792 545 Ramman‘?
809 507 824 539 τ)
851 477 1034 565 (Scin-acin·
1052 485 1078 546 ll
1101 502 1136 567 p.
1157 478 1248 568 ito).
1263 484 1346 545 ltem
1361 477 1455 567 apud
1470 479 1568 545 Chal-

234 587 337 654 daeos
351 606 359 650 :
372 585 415 652 cf.
427 589 509 651 Dan.
521 591 617 666 a,15;
633 591 648 650 1
661 584 755 650 Esdr.
774 591 842 669 5,3.
855 592 886 653 i.
899 592 931 651 9.
943 585 1055 653 Potuit
1066 590 1182 653 tamen
1191 584 1379 675 antiquitus
1388 606 1453 650 vox
1465 584 1567 651 etiam

235 691 520 778 significationem
541 688 629 779 qnid
648 690 788 757 habere.
810 694 984 775 Ceterum,
1002 714 1047 758 an
1066 691 1243 775 habuerit,
1262 712 1331 757 non
1351 690 1399 757 ita
1421 690 1567 757 mullum

235 798 357 879 refert,
374 819 452 863 cum
472 797 557 863 haec
576 796 726 863 nominis
744 796 927 887 explicatio
946 820 1016 865 non
1040 798 1081 865 sit
1102 798 1291 864 necessario
1312 795 1513 885 accipienda
1532 801 1569 863 ut

236 902 478 991 etymologica,
493 902 552 969 sed
569 907 606 969 ut
619 904 913 986 mnemoneutica,
932 904 1051 994 quales
1068 902 1182 993 plures
1200 902 1237 969 in
1255 904 1374 988 Genesi
1391 904 1566 991 leguntur.

238 1039 253 1073 n
281 1010 407 1092 Quibus
421 1009 472 1075 aii
490 990 624 1098 Moyses
643 1030 656 1073 .·
670 1011 735 1075 iste
751 1023 800 1076 est
811 1011 918 1099 punis
940 1038 955 1071 n
971 1032 1030 1077 seu
1045 1009 1158 1091 cibus,
1180 1037 1194 1070 «
1212 1032 1314 1099 quein
1333 1010 1499 1077 Dominus
1515 1009 1570 1076 de-

236 1117 289 1184 dic
305 1115 398 1181 ictis
417 1115 465 1181 nd
482 1115 681 1182 uescendum
700 1144 730 1183 n.

272 1296 344 1378 ibai,
365 1314 460 1366 cisti.
485 1317 547 1379 Syr.
573 1295 652 1376 libo,
668 1317 721 1365 los.
742 1296 853 1382 ὀρτύγων
871 1329 877 1363 :
895 1318 960 1367 sunt
973 1318 1136 1377 coturnices,
1153 1328 1272 1379 quarum
1297 1316 1569 1365 numerosissimam

238 1406 365 1469 Aegypto
381 1416 448 1455 vere
467 1407 495 1455 et
515 1409 649 1455 autumno
663 1405 791 1467 agmina;
808 1404 892 1456 alites
910 1417 1026 1467 granea,
1044 1404 1197 1465 esculenti,
1214 1418 1285 1468 quos
1305 1409 1419 1455 veteres
1439 1404 1571 1468 Aegyptii

237 1494 343 1545 retibus
356 1492 402 1544 val
413 1492 503 1543 toreis
514 1492 725 1557 prebendebaut
738 1495 767 1543 et
780 1494 839 1544 sale
852 1492 1029 1544 condiebant.
1043 1494 1107 1544 tn
1119 1488 1297 1561 ὀρτυγομήτρα
1312 1493 1425 1557 proprie
1440 1497 1483 1544 est
1499 1507 1569 1552 cren,

238 1584 293 1632 alia
307 1583 421 1632 omnino
435 1584 509 1641 avis;
528 1584 620 1633 tamen
631 1594 730 1632 rocem
744 1582 773 1631 b.
784 1582 804 1631 l.
818 1582 939 1645 explicat
951 1584 1079 1643 Plotius,
1096 1588 1127 1632 ut
1149 1583 1186 1632 sit
1202 1576 1273 1649 ὄρτυξ
1297 1579 1384 1649 pipin,
1402 1582 1524 1645 Hispala,
1541 1588 1571 1632 ut

195 1714 199 1719 ,
236 1673 274 1721 sit
286 1665 356 1738 ὄρτυξ
365 1665 546 1738 ὓπερρεγεθής,
563 1683 631 1734 ergo
644 1683 755 1721 rursum
769 1672 910 1721 coturnix.
927 1671 969 1722 ci.
984 1671 1087 1730 bitin„
1104 1670 1187 1721 Ebora
1202 1684 1229 1735 p.
1247 1658 1297 1721 235
1310 1684 1353 1734 sq.
1370 1672 1399 1721 et
1415 1682 1421 1719 :
1438 1670 1527 1720 Natur
1542 1685 1570 1720 u.

237 1758 506 1824 OiienbarungXlV
517 1758 640 1824 itusqq.
651 1759 864 1810 transieritis.
883 1786 919 1797 —
935 1760 1055 1810 Sensum
1067 1760 1144 1809 vocis
1155 1764 1269 1819 obiitin
1281 1761 1349 1809 satis
1364 1758 1500 1809 deliniunt
1514 1772 1573 1808 rcr-

237 1849 331 1899 siones
349 1862 355 1898 :
370 1847 446 1913 Vulp.
460 1847 521 1913 pilo
539 1854 643 1907 tusum;
662 1847 758 1899 dbold.
774 1850 838 1911 Syr.
854 1851 904 1911 iq.
922 1850 1018 1899 i'iieod.
1037 1849 1179 1909 abrasum
1190 1849 1289 1911 Syrum.
1303 1843 1502 1915 ἀνασυρόμενον,
1518 1861 1572 1895 nu-

236 1938 328 1987 datum
342 1936 386 2004 (i),
402 1939 467 1989 til
480 1951 495 1987 e
508 1950 535 1987 v.
548 1936 579 1987 at
594 1939 650 1988 buc
663 1938 832 1989 transtulere
843 1938 1032 1989 coriandrum.
1048 1937 1155 1989 Sensus
1170 1948 1239 1987 sane
1253 1938 1310 1999 est,
1325 1935 1414 1987 luisse
1428 1948 1532 1986 manna
1543 1937 1572 1983 in

236 2039 324 2090 parva
335 2039 425 2090 grana
438 2025 607 2077 distinctum.
623 2026 702 2085 Quae
717 2029 811 2076 autem
826 2025 862 2077 de
869 2038 955 2077 sensu
969 2024 1073 2076 radicis
1086 2025 1183 2076 nativo
1198 2025 1363 2085 alterantur,
1379 2037 1414 2075 ea
1427 2032 1492 2075 sunt
1507 2037 1573 2089 per-

235 2128 320 2180 quam
332 2118 447 2167 lucerta.
465 2116 590 2165 Alterum
606 2121 643 2199 pn
661 2116 792 2179 ignorant
809 2114 885 2178 Vulp.
903 2117 974 2164 tii.
992 2142 1026 2152 -
1039 2128 1068 2165 v.
1085 2114 1115 2164 31
1133 2113 1303 2165 describitur
1325 2126 1429 2163 manna
1450 2128 1456 2163 :
1478 2128 1489 2161 t
1512 2122 1572 2163 erat

236 2206 317 2269 quasi
329 2216 425 2256 semen
440 2204 593 2266 coriandri,
609 2204 713 2264 album,
727 2206 881 2268 gratusque
895 2206 955 2255 eius
970 2206 1051 2268 quasi
1067 2204 1252 2255 similaceum
1268 2202 1352 2254 melle
1365 2218 1390 2250 τ.
1403 2202 1511 2262 Quibus
1523 2215 1573 2251 ex-

236 2296 317 2344 terna
340 2294 402 2345 eius
415 2295 523 2356 species
548 2292 623 2343 clare
639 2292 781 2343 definitur.
798 2292 885 2343 Porro
909 2305 1017 2343 manua
1036 2295 1078 2343 uti
1100 2291 1156 2341 alia
1177 2292 1339 2342 describunt
1360 2290 1496 2357 Hebraei,
1517 2291 1573 2339 imo

237 2382 313 2433 Deus
328 2382 470 2432 Hebraeos
484 2383 646 2445 alloquens,
660 2382 814 2438 secundum
829 2385 977 2431 externam
993 2382 1197 2445 apparentiam.
1214 2380 1273 2430 Ros
1286 2380 1320 2429 de
1330 2379 1409 2430 coelo
1424 2378 1573 2431 descende-

237 2472 286 2521 bat
297 2470 343 2520 ve'.
353 2471 438 2519 etiam
451 2470 566 2533 pluebat
572 2484 579 2529 ;
597 2482 709 2529 manua,
721 2475 873 2533 antequam
889 2481 935 2519 ros
945 2468 1138 2529 descenderat,
1151 2482 1209 2519 non
1225 2467 1459 2531 conspiciebatur,
1471 2467 1573 2518 nebula

238 2570 521 2621 ver0,quae1·orem
544 2559 689 2619 attulerat,
710 2557 857 2608 recedente
879 2571 942 2607 cum
961 2569 1024 2607 rore
1051 2559 1130 2608 humi
1153 2558 1274 2608 ellusum
1294 2556 1470 2608 cernebatur.
1492 2531 1572 2619 tiuod

238 2646 349 2698 abunde
360 2646 528 2708 sufficiebat,
542 2661 598 2711 quo
610 2661 714 2697 manna
725 2647 865 2696 diceretur
879 2646 962 2710 panis
983 2646 1018 2697 de
1028 2648 1109 2697 coelo
1128 2646 1301 2697 descendens
1318 2642 1406 2713 llb,i;
1428 2644 1474 2695 Ps.
1492 2642 1572 2705 iiii

239 2750 299 2801 sq.;
318 2736 383 2800 Sap.
403 2735 496 2797 16,io;
514 2737 555 2786 lo.
566 2735 626 2803 itii
645 2733 730 2802 sqq),
747 2736 879 2799 Deosque
896 2735 1034 2786 diceretur
1044 2735 1112 2785 illud
1124 2736 1233 2798 pluere.

282 2908 367 2970 Nota
385 2908 465 2971 sunt
479 2906 543 2970 los.
561 2904 604 2970 de
625 2924 753 2969 manna
773 2901 879 2968 verba
900 2921 907 2967 :
933 2929 949 2963 (τ
971 2900 1163 2968 Hodiedum
1188 2904 1258 2967 tota
1281 2900 1341 2965 illa
1365 2900 1464 2985 regio
1481 2898 1573 2987 pluit

239 3032 381 3093 manna,
401 3009 692 3099 quemadmodum
714 3016 747 3075 et
766 3013 849 3076 tunc
863 3009 901 3075 in
918 3008 1036 3095 Moysis
1056 3008 1205 3094 gratiam
1221 3010 1308 3073 Deus
1327 3003 1413 3071 illud
1431 3004 1574 3071 alimen·

237 3122 312 3183 tum
334 3115 536 3182 demittebat
562 3144 590 3181 ».
613 3119 652 3182 Et
670 3116 796 3203 Bonfn
820 3137 831 3181 .·
855 3145 870 3176 «
896 3114 975 3181 Dico
997 3142 1033 3195 »,
1055 3113 1187 3203 inquit,
1213 3140 1228 3172 «
1258 3110 1344 3178 mihi
1366 3110 1472 3177 etiam
1491 3131 1573 3200 pro-

238 3222 354 3289 babile
367 3222 477 3289 videri
499 3222 651 3289 eiusdem
665 3222 791 3311 speciei
807 3222 911 3288 fuisse
932 3249 947 3282 τ)
966 3242 1093 3287 manua
1108 3218 1340 3285 israelitarum
1351 3238 1429 3284 cum
1445 3238 1578 3283 manna

142 3407 145 3413 ¹
239 3329 390 3416 vulgari;
410 3356 426 3389 «
453 3329 511 3396 sed
536 3351 614 3396 cum
634 3327 839 3415 angelorum
863 3326 1054 3394 ministerio
1079 3323 1169 3392 illud
1197 3329 1433 3411 generaretur,
1451 3321 1575 3389 habuit

240 3434 365 3502 multas
384 3435 599 3503 excellentias
618 3434 845 3503 accidentales
864 3456 950 3523 prae
970 3432 1105 3520 vulgari
1131 3452 1257 3497 manna
1277 3430 1315 3496 in
1329 3451 1464 3518 sapore,
1481 3430 1574 3517 puri-

239 3546 308 3608 tate
321 3546 384 3608 etc.
404 3570 434 3610 u.
456 3542 646 3611 Receniiori
659 3547 812 3631 tempore
828 3542 974 3607 viatores
989 3538 1104 3627 plures
1118 3536 1278 3626 europaei
1293 3536 1329 3602 in
1343 3535 1431 3602 illud
1446 3556 1574 3601 munna

240 3647 380 3737 sulpure
399 3648 629 3739 inquisierunt
646 3653 693 3731 et,
712 3647 797 3737 quid
814 3647 880 3735 ipsi
900 3644 1105 3734 repererint,
1125 3642 1223 3711 uobis
1246 3644 1399 3732 primum
1421 3639 1574 3708 conside-

240 3755 387 3822 randum
402 3762 461 3822 est.
479 3754 715 3822 Rabhinorum
731 3753 774 3820 de
789 3774 918 3819 manna
929 3750 1055 3843 placila
1069 3749 1147 3817 vide
1162 3751 1240 3815 inl.
1258 3746 1429 3836 Baistorfii
1450 3748 1573 3814 [tisser-

240 3862 368 3929 latione
388 3860 430 3927 de
449 3866 568 3928 Manna
587 3861 694 3951 (apud
710 3866 746 3928 B.
765 3858 948 3947 ligolinum
970 3858 1188 3926 :Thesaurus
1201 3855 1448 3945 antiquitatum
1465 3876 1574 3921 sacra-

240 3990 317 4035 rum
332 3973 412 4034 Vlll.
432 3974 496 4034 587
510 3990 600 4057 sqq..
619 3967 764 4034 l'cuetiis
781 3966 895 4054 titi).

279 4157 460 4233 Antequam
481 4156 573 4234 plura
595 4158 633 4216 de
658 4172 773 4216 manua
796 4154 1010 4231 disputemus¹
1036 4152 1100 4211 duo
1123 4150 1276 4211 lectorem
1302 4164 1481 4209 monemus.
1507 4146 1574 4206 Pri-

240 4270 344 4324 mum,
361 4254 393 4311 in
409 4252 465 4311 leuc
485 4254 663 4334 quaestione
678 4250 799 4312 trullum
813 4249 919 4309 iuberi
939 4249 1002 4309 ueri
1020 4247 1153 4308 nominis
1175 4244 1387 4307 traditionem.
1406 4244 1540 4305 Hebraei
1557 4261 1574 4303 e

240 4349 395 4411 Sinaitide
418 4353 537 4430 egressi
555 4355 640 4412 certe
660 4350 808 4431 pluribus
833 4347 969 4408 saeculis
993 4347 1026 4406 in
1048 4346 1136 4406 illam
1156 4363 1221 4405 nou
1243 4343 1424 4404 retulerunt
1445 4340 1571 4420 pedem.

241 4447 400 4519 Quamdiu
416 4466 470 4508 vas
489 4466 605 4510 manna
625 4448 756 4527 plenum
776 4448 809 4507 in
830 4451 940 4506 sancio
961 4449 1144 4504 sanctorum
1165 4441 1376 4521 permanserit
1397 4438 1572 4510 nescimus,

240 4544 319 4605 illud
339 4553 423 4605 corte
442 4547 591 4625 perpauci
611 4546 760 4606 viderunt
779 4548 826 4615 et,
844 4542 899 4620 qui
918 4542 1084 4612 viderunt,
1100 4539 1180 4600 nibil
1195 4540 1288 4600 nobis
1309 4538 1348 4599 de
1364 4537 1419 4597 illo
1446 4552 1574 4597 enarra-

241 4648 365 4704 verunt.
380 4643 438 4715 Qui
453 4644 683 4723 posterioribus
699 4641 836 4702 saeculis
856 4638 1034 4699 Sinaitiden
1051 4638 1186 4698 invisere
1207 4636 1360 4709 Hebraei,
1377 4650 1491 4695 eorum
1507 4632 1575 4711 opi-

241 4741 354 4801 niones
370 4759 433 4803 uon
454 4746 528 4803 sunt
542 4741 689 4820 majoris,
707 4739 773 4799 imo
793 4738 926 4799 fortasse
948 4736 1082 4797 minoris
1103 4734 1283 4809 faciendae,
1300 4750 1398 4811 quam
1418 4731 1575 4793 recenlio-
