3534 5384
714 369 763 413 ux.
787 355 880 423 ‘talu
901 371 964 422 soe.

455 588 481 637 b.
498 588 618 638 Novella
629 588 663 638 de
678 589 767 638 tribus
780 588 860 639 lestis
873 589 1005 638 melorius
1019 584 1066 639 Ex.
1079 589 1220 650 tait-tt.

217 756 302 844 Arp.
326 791 371 805 -
389 753 610 821 inculcantur
628 753 713 820 festa
733 753 897 834 Paschae,
923 759 1152 837 Pentecostes,
1172 756 1501 834 Tabernaculorum.

173 862 301 952 quibus
321 860 467 927 masculi
492 881 612 927 omues
635 880 753 927 eoram
774 864 840 926 ileo
864 881 899 926 se
918 861 1033 927 sistere
1054 861 1266 948 obligantur.
1290 870 1415 953 Legem
1440 869 1505 936 hac

173 969 283 1035 torma
313 989 383 1033 non
403 989 475 1034 esse
501 971 611 1055 Moyse
642 966 872 1056 antiquiorem
891 966 1005 1057 prodit
1035 989 1067 1033 v.
1096 975 1136 1042 15
1157 970 1304 1062 Aegypti
1324 974 1452 1040 mentio
1472 981 1505 1042 et

173 1098 206 1141 v.
230 1081 417 1143 1166666
437 1073 554 1140 lahve.

216 1205 248 1252 v.
273 1185 314 1248 lt
334 1207 351 1242 c
372 1179 487 1246 Tribus
507 1179 637 1246 vicibus
645 1201 711 1269 per
731 1179 891 1267 stapulas
905 1202 1018 1246 annos
1032 1180 1121 1246 milti
1131 1182 1223 1270 festa
1238 1183 1451 1254 celebrabitis
1473 1215 1501 1254 a.

173 1311 206 1354 v.
230 1295 307 1356 15«
330 1286 590 1356 Solemnitatem
612 1308 813 1375 azymorum
834 1285 1008 1353 custodies
1028 1301 1187 1377 :septem
1214 1290 1332 1357 dicbus
1352 1293 1503 1361 comedes

174 1417 312 1485 aspum,
327 1394 417 1459 sicat
422 1393 587 1483 praecepi
601 1392 665 1459 tibi
680 1420 698 1454 a
714 1393 785 1483 (Ex.
804 1393 874 1481 12),
896 1421 912 1454 6
926 1405 1074 1484 tempore
1084 1395 1208 1462 mensis
1217 1417 1383 1464 novaram
1398 1427 1428 1483 a,
1443 1422 1503 1469 seu

173 1503 287 1590 potius
299 1498 425 1566 mensis
435 1498 535 1581 Abib,
553 1528 569 1562 a
582 1498 721 1590 quando
741 1527 757 1560 a
770 1537 816 1549 -
829 1521 889 1566 seu
903 1499 1018 1566 verius
1032 1499 1116 1589 qaia
1129 1523 1167 1568 eo
1181 1523 1293 1569 mense
1306 1543 1350 1554 -
1365 1531 1381 1566 a
1395 1528 1502 1594 apres-

173 1630 230 1673 666
246 1629 279 1673 es
298 1606 340 1671 (16
365 1609 524 1694 Aeqppto
546 1633 576 1672 ».
604 1606 684 1672 Sola
700 1627 822 1693 azyma
835 1611 1068 1688 recensentur,
1096 1629 1164 1674 666
1189 1629 1299 1695 ugnus
1320 1612 1502 1700 paschalis,

175 1714 257 1802 quia
270 1734 342 1779 non
355 1712 440 1778 ritus
456 1711 674 1790 describitur,
689 1712 747 1778 sed
760 1717 918 1802 tempora
934 1713 1145 1780 definiuntur
1162 1734 1170 1781 :
1185 1712 1230 1781 ad
1244 1720 1379 1805 tempus
1391 1724 1504 1786 autem

175 1818 407 1886 deliniendum
422 1817 546 1884 suflicit
561 1817 735 1909 appellare
750 1840 880 1905 azyma.
902 1817 951 1884 Ob
967 1818 1111 1885 eandem
1124 1819 1293 1888 rationem
1302 1845 1370 1889 nou
1386 1826 1506 1892 scribi-

176 1932 231 1992 tur
245 1926 317 1993 dies
333 1925 468 1991 mensis.
492 1953 507 1985 u
523 1926 602 1991 Noa
617 1923 800 2014 apparebis
815 1924 852 1990 ia
872 1936 1052 2014 coaspecta
1068 1947 1141 1992 meo
1164 1949 1289 1994 caetras
1305 1956 1336 1996 a.
1359 1935 1431 2010 Quo
1446 1934 1504 1998 Ilei

176 2054 336 2124 suprema
350 2031 536 2098 auotoritas
552 2030 737 2113 iudicatur,
755 2052 835 2096 nam
851 2051 950 2117 reges
967 2031 1038 2097 sine
1057 2032 1257 2100 muneribus
1274 2056 1343 2101 non
1360 2036 1506 2104 adiban-

175 2147 242 2207 tur.
266 2162 299 2206 v.
326 2145 367 2204 16
387 2165 403 2198 r
425 2140 470 2204 Et
488 2136 740 2203 solemnitatem
760 2137 877 2202 messis
891 2137 1151 2228 primitivorum
1178 2140 1286 2230 optaris
1307 2141 1373 2224 tai,
1398 2165 1505 2232 quac·

175 2268 319 2336 stetitque
331 2244 550 2310 sentinatoris
567 2243 603 2309 ia
615 2266 696 2333 apro
713 2271 743 2309 o.
756 2248 822 2309 Hoc
837 2250 887 2310 est
901 2243 1025 2310 festum
1041 2250 1268 2329 PentecosteS,
1289 2249 1504 2339 quinquage-

175 2353 260 2420 simo
269 2357 345 2443 post
358 2350 484 2418 Pascha
496 2350 552 2416 die
570 2371 578 2418 ε
594 2351 637 2416 61.
651 2353 729 2416 Lev.
747 2354 942 2417 13616661.
963 2356 1016 2417 16.
1033 2378 1049 2412 «
1064 2351 1323 2421 Solemm'tatem
1338 2376 1472 2445 qaoque
1487 2385 1501 2418 a

176 2454 299 2526 messis
308 2459 482 2524 fructuum
491 2478 550 2523 seu
566 2462 735 2524 extremae
747 2457 880 2538 messis,
899 2484 915 2518 «
929 2457 965 2522 ia
980 2456 1076 2522 eaitrc
1086 2458 1173 2524 aretii
1191 2459 1332 2527 »civilis
1348 2461 1427 2550 (Cal
1466 2463 1498 2550 .),

176 2565 230 2633 die
242 2564 375 2632 decima
385 2565 508 2653 quinta
517 2563 641 2630 mensis
650 2561 804 2652 septimi,
821 2585 841 2630 a
857 2563 1051 2653 Septembri
1061 2563 1106 2630 ad
1121 2565 1317 2649 Octobrem,
1335 2597 1349 2628 r
1362 2567 1501 2657 quaudo

176 2670 436 2762 coaprepaceris
460 2691 574 2735 omnes
594 2670 715 2758 [rupes
739 2681 817 2735 teras
841 2667 882 2734 tle
905 2691 991 2758 apra
1015 2697 1044 2736 6.
1067 2673 1122 2736 Est
1145 2670 1211 2737 hoc
1232 2672 1355 2739 festum
1377 2674 1502 2740 Taber-

174 2780 378 2847 naculorum
391 2799 452 2844 seu
468 2775 710 2865 Scenopegiae.
729 2797 760 2842 v.
780 2782 820 2842 17
840 2805 855 2836 a
875 2778 937 2841 Ter
955 2776 992 2842 iu
1004 2798 1095 2842 atino
1107 2777 1287 2866 apparebit
1300 2800 1398 2846 omae
1413 2803 1503 2848 mas-

177 2886 330 2953 culinam
350 2897 448 2950 taum
468 2904 583 2948 coram
594 2881 740 2948 Domino
756 2885 823 2947 Deo
839 2892 897 2948 tito
916 2909 945 2948 6.
959 2885 1060 2949 Hebr.
1078 2883 1171 2949 Sam.
1193 2885 1293 2972 Tarp.
1317 2900 1386 2949 utut
1405 2899 1497 2977 trau,

177 2996 299 3058 contra
314 2993 405 3057 LXX
424 2989 523 3079 Volp.
540 2989 619 3077 Spr.
638 2987 732 3055 idem
748 2994 797 3054 est
818 3015 835 3050 «
851 3010 1018 3078 apparere
1033 2989 1070 3054 in
1086 2996 1268 3079 conspectu
1283 2991 1385 3059 lahve
1407 3020 1423 3054 »
1444 2994 1498 3080 (ci.

177 3103 278 3176 3t,23
297 3097 363 3186 sq.)
380 3100 482 3186 atque
502 3093 651 3162 «venire
672 3096 708 3161 in
730 3094 871 3161 domum
887 3095 990 3162 lahve
1015 3121 1030 3152 r
1053 3100 1155 3178 23,19
1175 3101 1336 3178 613616.
1361 3097 1501 3166 Unicum

177 3209 292 3271 autem
310 3202 401 3293 apud
416 3202 585 3269 Hebraeos
602 3200 703 3267 {abvc
725 3199 832 3268 habet
852 3199 1011 3282 domum,
1032 3223 1121 3290 quae
1142 3207 1192 3268 est
1210 3223 1345 3269 sacrum
1363 3204 1434 3272 eius
1453 3211 1502 3272 ta-

177 3310 399 3378 bernaculum
422 3306 635 3396 (Hoonaclrer
658 3329 693 3396 p.
716 3307 764 3396 i).
788 3309 877 3393 Ergo
900 3307 1004 3373 etiam
1018 3311 1085 3373 tres
1107 3306 1188 3374 illae
1208 3309 1436 3378 solemnitates
1457 3311 1501 3378 ab

178 3416 332 3483 universo
350 3416 477 3506 populo
489 3414 580 3482 circa
594 3413 856 3480 tabernaculum
873 3412 1023 3480 adunato
1038 3413 1314 3482 celebrabantur.

213 3637 285 3686 llum
299 3635 380 3698 plura
393 3635 567 3684 habebantur
582 3637 697 3691 611116
712 3644 762 3682 seu
776 3631 859 3694 (esta,
876 3632 930 3681 tria
944 3629 1136 3681 tantummodo
1151 3634 1230 3682 eraut
1250 3639 1324 3690 nuti
1343 3646 1393 3685 seu
1410 3635 1502 3686 solem·

177 3721 386 3789 6661611666
403 3722 522 3783 6611616,
544 3722 619 3785 quod
637 3721 748 3771 choreis
766 3718 983 3785 celebrarentur)
1006 3732 1013 3768 :
1035 3719 1068 3770 ci.
1090 3719 1181 3781 3118.
1202 3720 1249 3782 22;
1271 3720 1352 3772 Deut.
1375 3721 1500 3786 16,16;1

178 3815 243 3864 Par.
260 3813 333 3871 613.
354 3817 446 3895 'impp
465 3818 517 3872 it'l,
533 3811 690 3860 solemnitas
710 3811 801 3859 messis
824 3823 874 3860 seu
893 3810 1048 3868 scindendi,
1065 3809 1136 3859 alias
1157 3811 1270 3860 vocatur
1288 3817 1413 3868 6111316
1435 3819 1497 3874 mr,

177 3903 237 3954 ‹lles
250 3903 434 3966 primitiarum
447 3897 539 3968 (Num.
566 3899 656 3964 1836)
674 3912 740 3959 eeu,
755 3899 868 3948 nomine
882 3899 997 3962 petitoa
1013 3901 1121 3962 septem
1137 3897 1319 3949 hebdomadis
1334 3897 1380 3964 (61.
1397 3900 1499 3952 Ρ6616-

177 3991 279 4057 coste),
293 4004 365 4054 quae
379 3992 452 4040 inter
465 3989 520 4038 666
532 3988 635 4038 testum
656 3993 685 4038 et
703 3987 795 4037 Phase
810 3987 1034 4046 intercedebant,
1046 3991 1137 4044 111161
1151 3992 1198 4047 tn,
1216 3988 1378 4038 solemnitas
1398 3989 1500 4041 hebdo-

177 4079 321 4130 madarum
333 4077 440 4145 (tiam
457 4078 538 4128 Deut.
559 4076 648 4137 1610.
668 4073 721 4140 16).
737 4081 829 4159 alipii
843 4076 871 4124 li.
888 4077 907 4126 l.
922 4077 1099 4139 appositione
1113 4075 1271 4126 declaratur
1287 4088 1293 4124 :
1313 4077 1499 4141 primitiaram

177 4170 266 4233 operis
279 4169 332 4226 tui,
345 4181 377 4216 eu
387 4179 455 4229 quae
465 4166 605 4214 seritiaasti
619 4168 651 4214 ta
665 4179 740 4228 apro,
755 4165 855 4228 quibus
869 4169 978 4244 11611113
1002 4163 1070 4230 (Syr.
1084 4163 1247 4228 [rumentum
1265 4165 1346 4225 taum)
1367 4166 1500 4219 limitatur

177 4257 213 4308 611
225 4257 357 4316 cerealia,
374 4256 494 4306 exclusis
513 4255 644 4305 arborum
666 4253 810 4304 fructibus.
828 4255 927 4317 Agitur
944 4254 978 4303 de
999 4254 1135 4316 principio
1155 4254 1267 4314 messis,
1285 4253 1319 4302 dc
1337 4255 1435 4317 primis
1451 4261 1499 4321 qui

177 4348 316 4396 metantur
330 4346 414 4408 agris.
430 4342 638 4426 1166616161.
655 4342 746 4404 ilai)
761 4344 846 4392 etiam
861 4343 938 4393 alulit
953 4348 1049 4398 1116611
1063 4349 1115 4403 tlt,
1131 4343 1293 4392 solemnitas
1307 4343 1497 4397 tabernaculo·

177 4447 239 4484 rum
255 4447 262 4482 ε
277 4434 344 4485 Lar.
363 4433 443 4493 isai
454 4445 531 4496 sqq.;
546 4432 628 4482 Deut.
648 4430 736 4488 1613.
757 4431 803 4491 16,
817 4431 919 4495 quibus
934 4433 1003 4482 locis
1018 4431 1174 4494 ipsaeliam
1187 4439 1322 4513 1611166·
1337 4440 1495 4496 usurpatur.

179 4522 216 4576 Ea
233 4523 396 4574 solemnitas
409 4521 600 4572 celebrabatur
614 4519 660 4570 die
676 4520 785 4570 decima
798 4522 903 4570 mensis
917 4521 1028 4583 septimi
1046 4519 1203 4584 (Etlianim,
1225 4523 1322 4582 postea
1336 4519 1433 4588 Τ1611),
1449 4529 1497 4589 qui

177 4614 282 4664 mensis
299 4614 404 4676 primus
418 4611 485 4662 anni
504 4610 593 4660 civilis
611 4609 775 4668 habebatur,
798 4609 1014 4659 (1666616666
1031 4609 1120 4659 Nisan
1144 4608 1204 4670 111
1220 4610 1326 4672 primus
1345 4613 1412 4659 anui
1426 4619 1499 4666 sacri

179 4704 309 4753 mensisa
321 4701 381 4752 Deo
396 4699 617 4750 renuntiabatur.
639 4695 840 4749 celebrabatur
860 4703 981 4748 6166616
996 4697 1055 4748 1616
1071 4697 1229 4760 Septembri
1244 4709 1278 4748 eo
1293 4699 1426 4762 tempore,
1444 4715 1498 4766 quo

177 4805 251 4844 uuus
265 4804 355 4842 annus
368 4789 457 4840 civilis
469 4787 552 4839 modo
566 4789 721 4850 inceperat,
734 4787 807 4836 alius
820 4786 968 4844 deiecerat,
985 4798 1053 4849 ergo
1064 4798 1130 4837 vere
1145 4793 1230 4842 1111161
1244 4793 1347 4849 hutz,
1365 4803 1422 4838 666
1437 4803 1499 4844 coa.

575 4885 748 4922 rruuumioau.
765 4895 796 4907 -
812 4884 838 4921 ru
855 4885 895 4920 ex.
916 4883 1014 4920 11161.
1032 4895 1064 4909 -
1081 4873 1110 4920 16
