<?xml version="1.0" encoding="UTF-8"?>
<!DOCTYPE html PUBLIC "-//W3C//DTD XHTML 1.0 Transitional//EN"
    "http://www.w3.org/TR/xhtml1/DTD/xhtml1-transitional.dtd">
<html xmlns="http://www.w3.org/1999/xhtml" xml:lang="en" lang="en">
 <head>
  <title>
</title>
<meta http-equiv="Content-Type" content="text/html;charset=utf-8" />
  <meta name='ocr-system' content='tesseract 3.04.00' />
  <meta name='ocr-capabilities' content='ocr_page ocr_carea ocr_par ocr_line ocrx_word'/>
</head>
<body>
  <div class='ocr_page' id='page_1' title='image "./commentariusine00hummgoog_0324.png"; bbox 0 0 3534 5384; ppageno 0'>
   <div class='ocr_carea' id='block_1_1' title="bbox 756 370 1539 439">
    <p class='ocr_par' dir='ltr' id='par_1_1' title="bbox 756 370 1539 439">
     <span class='ocr_line' id='line_1_1' title="bbox 756 370 1539 439; baseline 0.008 -13"><span class='ocrx_word' id='word_1_1' title='bbox 756 384 804 427; x_wconf 80' lang='lat' dir='ltr'><strong>ax.</strong></span> <span class='ocrx_word' id='word_1_2' title='bbox 829 370 901 439; x_wconf 60' lang='lat'><strong>326</strong></span> <span class='ocrx_word' id='word_1_3' title='bbox 922 384 988 437; x_wconf 89' lang='lat' dir='ltr'><strong>soo.</strong></span> <span class='ocrx_word' id='word_1_4' title='bbox 1480 373 1539 432; x_wconf 84' lang='lat'><strong>313</strong></span> 
     </span>
    </p>
   </div>
   <div class='ocr_carea' id='block_1_2' title="bbox 119 517 1542 3689">
    <p class='ocr_par' dir='ltr' id='par_1_2' title="bbox 204 517 1541 1670">
     <span class='ocr_line' id='line_1_2' title="bbox 206 517 1534 610; baseline 0.002 -26"><span class='ocrx_word' id='word_1_5' title='bbox 206 517 248 584; x_wconf 89' lang='lat' dir='ltr'><strong>de</strong></span> <span class='ocrx_word' id='word_1_6' title='bbox 273 522 386 584; x_wconf 86' lang='lat' dir='ltr'><strong>monte</strong></span> <span class='ocrx_word' id='word_1_7' title='bbox 410 517 582 597; x_wconf 77' lang='lat' dir='ltr'><strong>rediisset,</strong></span> <span class='ocrx_word' id='word_1_8' title='bbox 604 522 714 584; x_wconf 78' lang='lat' dir='ltr'><strong>Aaron</strong></span> <span class='ocrx_word' id='word_1_9' title='bbox 741 522 858 585; x_wconf 84' lang='lat' dir='ltr'><strong>temen</strong></span> <span class='ocrx_word' id='word_1_10' title='bbox 883 539 962 584; x_wconf 91' lang='lat' dir='ltr'><strong>cum</strong></span> <span class='ocrx_word' id='word_1_11' title='bbox 987 518 1056 584; x_wconf 91' lang='lat' dir='ltr'><strong>suis</strong></span> <span class='ocrx_word' id='word_1_12' title='bbox 1080 517 1271 585; x_wconf 70' lang='lat' dir='ltr'><strong>sacerdotes</strong></span> <span class='ocrx_word' id='word_1_13' title='bbox 1298 520 1534 610; x_wconf 78' lang='lat' dir='ltr'>oppressisset.</span> 
     </span>
     <span class='ocr_line' id='line_1_3' title="bbox 204 622 1537 705; baseline 0.002 -14"><span class='ocrx_word' id='word_1_14' title='bbox 204 624 459 691; x_wconf 88' lang='lat' dir='ltr'><strong>Solemnitatem</strong></span> <span class='ocrx_word' id='word_1_15' title='bbox 483 623 669 704; x_wconf 71' lang='lat' dir='ltr'><strong>indixerat,</strong></span> <span class='ocrx_word' id='word_1_16' title='bbox 696 623 842 690; x_wconf 90' lang='lat' dir='ltr'><strong>eandem</strong></span> <span class='ocrx_word' id='word_1_17' title='bbox 867 624 1021 690; x_wconf 86' lang='lat' dir='ltr'><strong>futuram</strong></span> <span class='ocrx_word' id='word_1_18' title='bbox 1046 622 1268 691; x_wconf 91' lang='lat' dir='ltr'><strong>inimicorum</strong></span> <span class='ocrx_word' id='word_1_19' title='bbox 1290 626 1403 693; x_wconf 84' lang='lat' dir='ltr'><strong>funus.</strong></span> <span class='ocrx_word' id='word_1_20' title='bbox 1428 630 1537 705; x_wconf 84' lang='lat' dir='ltr'><strong>Quam</strong></span> 
     </span>
     <span class='ocr_line' id='line_1_4' title="bbox 206 728 1539 819; baseline 0.002 -22"><span class='ocrx_word' id='word_1_21' title='bbox 206 730 297 797; x_wconf 90' lang='lat' dir='ltr'><strong>belle</strong></span> <span class='ocrx_word' id='word_1_22' title='bbox 311 728 391 797; x_wconf 89' lang='lat' dir='ltr'><strong>huic</strong></span> <span class='ocrx_word' id='word_1_23' title='bbox 403 729 477 796; x_wconf 73' lang='lat' dir='ltr'><strong>tiro</strong></span> <span class='ocrx_word' id='word_1_24' title='bbox 491 735 656 819; x_wconf 86' lang='lat' dir='ltr'><strong>aptantur</strong></span> <span class='ocrx_word' id='word_1_25' title='bbox 670 729 776 796; x_wconf 90' lang='lat' dir='ltr'><strong>verba</strong></span> <span class='ocrx_word' id='word_1_26' title='bbox 790 734 872 796; x_wconf 88' lang='lat' dir='ltr'><strong>Gen.</strong></span> <span class='ocrx_word' id='word_1_27' title='bbox 895 735 973 811; x_wconf 70' lang='lat' dir='ltr'><strong>ton</strong></span> <span class='ocrx_word' id='word_1_28' title='bbox 989 731 1059 819; x_wconf 87' lang='lat' dir='ltr'><strong>sq.!</strong></span> <span class='ocrx_word' id='word_1_29' title='bbox 1082 768 1126 781; x_wconf 90' lang='lat'><em>-</em></span> <span class='ocrx_word' id='word_1_30' title='bbox 1145 732 1250 811; x_wconf 85' lang='lat' dir='ltr'><strong>Dices,</strong></span> <span class='ocrx_word' id='word_1_31' title='bbox 1272 732 1357 799; x_wconf 86' lang='lat' dir='ltr'><strong>haec</strong></span> <span class='ocrx_word' id='word_1_32' title='bbox 1371 734 1428 798; x_wconf 87' lang='lat' dir='ltr'><strong>vix</strong></span> <span class='ocrx_word' id='word_1_33' title='bbox 1448 755 1539 800; x_wconf 91' lang='lat' dir='ltr'><strong>com-</strong></span> 
     </span>
     <span class='ocr_line' id='line_1_5' title="bbox 206 834 1536 926; baseline 0.002 -23"><span class='ocrx_word' id='word_1_34' title='bbox 206 835 289 926; x_wconf 91' lang='lat' dir='ltr'><strong>poni</strong></span> <span class='ocrx_word' id='word_1_35' title='bbox 308 856 405 926; x_wconf 88' lang='lat' dir='ltr'><strong>posse</strong></span> <span class='ocrx_word' id='word_1_36' title='bbox 421 857 499 903; x_wconf 92' lang='lat' dir='ltr'><strong>cum</strong></span> <span class='ocrx_word' id='word_1_37' title='bbox 515 835 657 902; x_wconf 75' lang='lat' dir='ltr'><strong>Maronis</strong></span> <span class='ocrx_word' id='word_1_38' title='bbox 678 834 838 910; x_wconf 80' lang='lat' dir='ltr'>laudibus</span> <span class='ocrx_word' id='word_1_39' title='bbox 856 835 958 904; x_wconf 86' lang='lat' dir='ltr'><strong>Eccli.</strong></span> <span class='ocrx_word' id='word_1_40' title='bbox 980 842 1134 918; x_wconf 61' lang='lat' dir='ltr'><strong>tta-27,</strong></span> <span class='ocrx_word' id='word_1_41' title='bbox 1152 844 1277 903; x_wconf 87' lang='lat' dir='ltr'><strong>etcum</strong></span> <span class='ocrx_word' id='word_1_42' title='bbox 1295 838 1536 926; x_wconf 84' lang='lat' dir='ltr'><strong>Martyrologio</strong></span> 
     </span>
     <span class='ocr_line' id='line_1_6' title="bbox 207 941 1537 1011; baseline 0.002 -2"><span class='ocrx_word' id='word_1_43' title='bbox 207 946 359 1009; x_wconf 86' lang='lat' dir='ltr'><strong>Romano</strong></span> <span class='ocrx_word' id='word_1_44' title='bbox 384 942 530 1009; x_wconf 87' lang='lat' dir='ltr'><strong>cundem</strong></span> <span class='ocrx_word' id='word_1_45' title='bbox 557 949 588 1008; x_wconf 92' lang='lat'><strong>1.</strong></span> <span class='ocrx_word' id='word_1_46' title='bbox 610 941 686 1009; x_wconf 86' lang='lat' dir='ltr'><strong>tulii</strong></span> <span class='ocrx_word' id='word_1_47' title='bbox 708 942 834 1009; x_wconf 89' lang='lat' dir='ltr'><strong>sanctis</strong></span> <span class='ocrx_word' id='word_1_48' title='bbox 858 946 1069 1009; x_wconf 87' lang='lat' dir='ltr'><strong>accensente.</strong></span> <span class='ocrx_word' id='word_1_49' title='bbox 1100 942 1167 1009; x_wconf 90' lang='lat' dir='ltr'><strong>Sed</strong></span> <span class='ocrx_word' id='word_1_50' title='bbox 1190 942 1291 1010; x_wconf 81' lang='lat' dir='ltr'><strong>Maeli.</strong></span> <span class='ocrx_word' id='word_1_51' title='bbox 1315 948 1355 1009; x_wconf 83' lang='lat' dir='ltr'><strong>ts</strong></span> <span class='ocrx_word' id='word_1_52' title='bbox 1375 944 1443 1011; x_wconf 89' lang='lat' dir='ltr'><strong>viri</strong></span> <span class='ocrx_word' id='word_1_53' title='bbox 1466 967 1537 1011; x_wconf 93' lang='lat' dir='ltr'><strong>non</strong></span> 
     </span>
     <span class='ocr_line' id='line_1_7' title="bbox 207 1046 1537 1139; baseline 0.003 -26"><span class='ocrx_word' id='word_1_54' title='bbox 207 1068 319 1116; x_wconf 89' lang='lat' dir='ltr'><strong>mores</strong></span> <span class='ocrx_word' id='word_1_55' title='bbox 338 1047 504 1132; x_wconf 75' lang='lat' dir='ltr'>celebrat,</span> <span class='ocrx_word' id='word_1_56' title='bbox 525 1046 586 1115; x_wconf 86' lang='lat' dir='ltr'><strong>sed</strong></span> <span class='ocrx_word' id='word_1_57' title='bbox 609 1047 822 1139; x_wconf 87' lang='lat' dir='ltr'><strong>pontificiam</strong></span> <span class='ocrx_word' id='word_1_58' title='bbox 849 1047 1072 1135; x_wconf 66' lang='lat' dir='ltr'><strong>dignitatem</strong></span> <span class='ocrx_word' id='word_1_59' title='bbox 1095 1053 1185 1116; x_wconf 90' lang='lat' dir='ltr'><strong>certe</strong></span> <span class='ocrx_word' id='word_1_60' title='bbox 1209 1048 1297 1116; x_wconf 83' lang='lat' dir='ltr'>nihil</span> <span class='ocrx_word' id='word_1_61' title='bbox 1317 1049 1467 1117; x_wconf 87' lang='lat' dir='ltr'><strong>affirmat</strong></span> <span class='ocrx_word' id='word_1_62' title='bbox 1496 1051 1537 1117; x_wconf 90' lang='lat' dir='ltr'><strong>de</strong></span> 
     </span>
     <span class='ocr_line' id='line_1_8' title="bbox 207 1154 1540 1244; baseline 0.002 -23"><span class='ocrx_word' id='word_1_63' title='bbox 207 1154 273 1221; x_wconf 88' lang='lat' dir='ltr'><strong>viri</strong></span> <span class='ocrx_word' id='word_1_64' title='bbox 297 1158 378 1221; x_wconf 90' lang='lat' dir='ltr'><strong>ante</strong></span> <span class='ocrx_word' id='word_1_65' title='bbox 403 1161 596 1244; x_wconf 87' lang='lat' dir='ltr'><strong>susceptum</strong></span> <span class='ocrx_word' id='word_1_66' title='bbox 617 1154 854 1244; x_wconf 89' lang='lat' dir='ltr'><strong>pontificatum</strong></span> <span class='ocrx_word' id='word_1_67' title='bbox 874 1155 1040 1221; x_wconf 87' lang='lat' dir='ltr'><strong>moribus.</strong></span> <span class='ocrx_word' id='word_1_68' title='bbox 1069 1155 1308 1242; x_wconf 80' lang='lat' dir='ltr'><strong>Martyrologio</strong></span> <span class='ocrx_word' id='word_1_69' title='bbox 1329 1156 1467 1224; x_wconf 80' lang='lat' dir='ltr'>abunde</span> <span class='ocrx_word' id='word_1_70' title='bbox 1488 1179 1540 1223; x_wconf 88' lang='lat' dir='ltr'><strong>sa-</strong></span> 
     </span>
     <span class='ocr_line' id='line_1_9' title="bbox 210 1259 1539 1351; baseline 0.002 -24"><span class='ocrx_word' id='word_1_71' title='bbox 210 1259 305 1341; x_wconf 88' lang='lat' dir='ltr'><strong>tisfit,</strong></span> <span class='ocrx_word' id='word_1_72' title='bbox 334 1260 362 1327; x_wconf 93' lang='lat' dir='ltr'><strong>si</strong></span> <span class='ocrx_word' id='word_1_73' title='bbox 382 1265 496 1326; x_wconf 76' lang='lat' dir='ltr'><strong>Aaron</strong></span> <span class='ocrx_word' id='word_1_74' title='bbox 516 1260 652 1347; x_wconf 77' lang='lat' dir='ltr'><strong>integer</strong></span> <span class='ocrx_word' id='word_1_75' title='bbox 677 1260 830 1327; x_wconf 90' lang='lat' dir='ltr'><strong>moribus</strong></span> <span class='ocrx_word' id='word_1_76' title='bbox 851 1266 927 1350; x_wconf 92' lang='lat' dir='ltr'><strong>post</strong></span> <span class='ocrx_word' id='word_1_77' title='bbox 956 1266 1152 1350; x_wconf 90' lang='lat' dir='ltr'><strong>susceptum</strong></span> <span class='ocrx_word' id='word_1_78' title='bbox 1173 1261 1412 1351; x_wconf 87' lang='lat' dir='ltr'><strong>pontificatum</strong></span> <span class='ocrx_word' id='word_1_79' title='bbox 1436 1263 1539 1330; x_wconf 85' lang='lat' dir='ltr'><strong>fuisse</strong></span> 
     </span>
     <span class='ocr_line' id='line_1_10' title="bbox 207 1365 1538 1456; baseline 0.002 -23"><span class='ocrx_word' id='word_1_80' title='bbox 207 1365 428 1449; x_wconf 81' lang='lat' dir='ltr'><strong>defendatur3</strong></span> <span class='ocrx_word' id='word_1_81' title='bbox 454 1388 566 1456; x_wconf 90' lang='lat' dir='ltr'><strong>neque</strong></span> <span class='ocrx_word' id='word_1_82' title='bbox 593 1367 705 1453; x_wconf 84' lang='lat' dir='ltr'><strong>magis</strong></span> <span class='ocrx_word' id='word_1_83' title='bbox 730 1367 1013 1455; x_wconf 80' lang='lat' dir='ltr'><strong>Martyrologium</strong></span> <span class='ocrx_word' id='word_1_84' title='bbox 1039 1368 1170 1456; x_wconf 78' lang='lat' dir='ltr'><strong>respuit</strong></span> <span class='ocrx_word' id='word_1_85' title='bbox 1192 1372 1362 1436; x_wconf 79' lang='lat' dir='ltr'><strong>Aaronem</strong></span> <span class='ocrx_word' id='word_1_86' title='bbox 1389 1374 1538 1436; x_wconf 83' lang='lat' dir='ltr'><strong>astutum</strong></span> 
     </span>
     <span class='ocr_line' id='line_1_11' title="bbox 207 1472 1541 1565; baseline 0.001 -26"><span class='ocrx_word' id='word_1_87' title='bbox 207 1474 358 1563; x_wconf 91' lang='lat' dir='ltr'><strong>primum</strong></span> <span class='ocrx_word' id='word_1_88' title='bbox 375 1494 416 1539; x_wconf 89' lang='lat' dir='ltr'><strong>ac</strong></span> <span class='ocrx_word' id='word_1_89' title='bbox 428 1472 634 1556; x_wconf 84' lang='lat' dir='ltr'><strong>violentum,</strong></span> <span class='ocrx_word' id='word_1_90' title='bbox 652 1494 758 1562; x_wconf 86' lang='lat' dir='ltr'><strong>quarn</strong></span> <span class='ocrx_word' id='word_1_91' title='bbox 771 1473 911 1541; x_wconf 86' lang='lat' dir='ltr'><strong>Saulum</strong></span> <span class='ocrx_word' id='word_1_92' title='bbox 930 1478 1181 1563; x_wconf 84' lang='lat' dir='ltr'><strong>persecutorem</strong></span> <span class='ocrx_word' id='word_1_93' title='bbox 1197 1475 1350 1565; x_wconf 90' lang='lat' dir='ltr'><strong>primum</strong></span> <span class='ocrx_word' id='word_1_94' title='bbox 1368 1496 1408 1541; x_wconf 86' lang='lat' dir='ltr'><strong>ac</strong></span> <span class='ocrx_word' id='word_1_95' title='bbox 1423 1483 1541 1565; x_wconf 88' lang='lat' dir='ltr'><strong>postea</strong></span> 
     </span>
     <span class='ocr_line' id='line_1_12' title="bbox 208 1579 411 1670; baseline 0.005 -24"><span class='ocrx_word' id='word_1_96' title='bbox 208 1579 411 1670; x_wconf 84' lang='lat' dir='ltr'><strong>apostolum.</strong></span> 
     </span>
    </p>

    <p class='ocr_par' dir='ltr' id='par_1_3' title="bbox 119 1684 1542 3689">
     <span class='ocr_line' id='line_1_13' title="bbox 250 1684 1540 1775; baseline 0.003 -26"><span class='ocrx_word' id='word_1_97' title='bbox 250 1708 284 1753; x_wconf 88' lang='lat' dir='ltr'><strong>v.</strong></span> <span class='ocrx_word' id='word_1_98' title='bbox 302 1693 321 1752; x_wconf 78' lang='lat'><strong>7</strong></span> <span class='ocrx_word' id='word_1_99' title='bbox 338 1712 354 1746; x_wconf 80' lang='lat' dir='ltr'><strong>o</strong></span> <span class='ocrx_word' id='word_1_100' title='bbox 369 1688 517 1752; x_wconf 78' lang='lat' dir='ltr'><strong>Locutus</strong></span> <span class='ocrx_word' id='word_1_101' title='bbox 531 1698 581 1752; x_wconf 89' lang='lat' dir='ltr'><strong>est</strong></span> <span class='ocrx_word' id='word_1_102' title='bbox 598 1698 714 1753; x_wconf 87' lang='lat' dir='ltr'><strong>autem</strong></span> <span class='ocrx_word' id='word_1_103' title='bbox 733 1686 899 1753; x_wconf 83' lang='lat' dir='ltr'><strong>Dominus</strong></span> <span class='ocrx_word' id='word_1_104' title='bbox 918 1684 967 1752; x_wconf 91' lang='lat' dir='ltr'><strong>ad</strong></span> <span class='ocrx_word' id='word_1_105' title='bbox 982 1688 1141 1775; x_wconf 84' lang='lat' dir='ltr'><strong>Moysen,</strong></span> <span class='ocrx_word' id='word_1_106' title='bbox 1167 1686 1310 1754; x_wconf 84' lang='lat' dir='ltr'><strong>dicens:</strong></span> <span class='ocrx_word' id='word_1_107' title='bbox 1338 1686 1446 1773; x_wconf 85' lang='lat' dir='ltr'><strong>Vade,</strong></span> <span class='ocrx_word' id='word_1_108' title='bbox 1469 1688 1540 1755; x_wconf 87' lang='lat' dir='ltr'><strong>des-</strong></span> 
     </span>
     <span class='ocr_line' id='line_1_14' title="bbox 207 1790 1540 1884; baseline 0.002 -25"><span class='ocrx_word' id='word_1_109' title='bbox 207 1790 311 1859; x_wconf 85' lang='lat' dir='ltr'><strong>cende</strong></span> <span class='ocrx_word' id='word_1_110' title='bbox 326 1813 339 1858; x_wconf 91' lang='lat'><strong>.·</strong></span> <span class='ocrx_word' id='word_1_111' title='bbox 349 1792 502 1881; x_wconf 82' lang='lat' dir='ltr'><strong>peccavit</strong></span> <span class='ocrx_word' id='word_1_112' title='bbox 509 1792 665 1883; x_wconf 82' lang='lat' dir='ltr'><strong>papulus</strong></span> <span class='ocrx_word' id='word_1_113' title='bbox 685 1805 778 1877; x_wconf 81' lang='lat' dir='ltr'><strong>tatus,</strong></span> <span class='ocrx_word' id='word_1_114' title='bbox 797 1815 900 1883; x_wconf 86' lang='lat' dir='ltr'><strong>quem</strong></span> <span class='ocrx_word' id='word_1_115' title='bbox 915 1790 1066 1859; x_wconf 75' lang='lat' dir='ltr'><strong>eduxisti</strong></span> <span class='ocrx_word' id='word_1_116' title='bbox 1081 1792 1122 1859; x_wconf 87' lang='lat' dir='ltr'><strong>de</strong></span> <span class='ocrx_word' id='word_1_117' title='bbox 1144 1804 1234 1859; x_wconf 82' lang='lat' dir='ltr'><strong>terra</strong></span> <span class='ocrx_word' id='word_1_118' title='bbox 1252 1794 1403 1884; x_wconf 77' lang='lat' dir='ltr'><strong>Aepypti</strong></span> <span class='ocrx_word' id='word_1_119' title='bbox 1421 1822 1449 1861; x_wconf 74' lang='lat' dir='ltr'><strong>a.</strong></span> <span class='ocrx_word' id='word_1_120' title='bbox 1471 1801 1540 1861; x_wconf 80' lang='lat' dir='ltr'><strong>Vox</strong></span> 
     </span>
     <span class='ocr_line' id='line_1_15' title="bbox 206 1897 1541 1991; baseline 0.001 -27"><span class='ocrx_word' id='word_1_121' title='bbox 206 1897 290 1964; x_wconf 87' lang='lat' dir='ltr'><strong>cade</strong></span> <span class='ocrx_word' id='word_1_122' title='bbox 305 1898 474 1988; x_wconf 89' lang='lat' dir='ltr'><strong>imprimis</strong></span> <span class='ocrx_word' id='word_1_123' title='bbox 487 1898 656 1989; x_wconf 83' lang='lat' dir='ltr'><strong>praecipit</strong></span> <span class='ocrx_word' id='word_1_124' title='bbox 671 1898 856 1966; x_wconf 86' lang='lat' dir='ltr'><strong>discessum</strong></span> <span class='ocrx_word' id='word_1_125' title='bbox 869 1920 891 1965; x_wconf 91' lang='lat' dir='ltr'><strong>a</strong></span> <span class='ocrx_word' id='word_1_126' title='bbox 907 1903 974 1966; x_wconf 89' lang='lat' dir='ltr'><strong>Deo</strong></span> <span class='ocrx_word' id='word_1_127' title='bbox 999 1918 1006 1965; x_wconf 94' lang='lat'><strong>:</strong></span> <span class='ocrx_word' id='word_1_128' title='bbox 1024 1921 1095 1966; x_wconf 91' lang='lat' dir='ltr'><strong>non</strong></span> <span class='ocrx_word' id='word_1_129' title='bbox 1113 1906 1204 1981; x_wconf 89' lang='lat' dir='ltr'><strong>erat,</strong></span> <span class='ocrx_word' id='word_1_130' title='bbox 1220 1922 1282 1966; x_wconf 90' lang='lat' dir='ltr'><strong>cur</strong></span> <span class='ocrx_word' id='word_1_131' title='bbox 1299 1904 1425 1988; x_wconf 82' lang='lat' dir='ltr'><strong>Moyses</strong></span> <span class='ocrx_word' id='word_1_132' title='bbox 1447 1901 1541 1991; x_wconf 86' lang='lat' dir='ltr'><strong>apud</strong></span> 
     </span>
     <span class='ocr_line' id='line_1_16' title="bbox 209 2004 1539 2096; baseline 0.002 -26"><span class='ocrx_word' id='word_1_133' title='bbox 209 2008 315 2071; x_wconf 88' lang='lat' dir='ltr'><strong>Deum</strong></span> <span class='ocrx_word' id='word_1_134' title='bbox 329 2026 473 2072; x_wconf 89' lang='lat' dir='ltr'><strong>manens</strong></span> <span class='ocrx_word' id='word_1_135' title='bbox 491 2026 599 2071; x_wconf 87' lang='lat' dir='ltr'><strong>novas</strong></span> <span class='ocrx_word' id='word_1_136' title='bbox 617 2009 719 2073; x_wconf 73' lang='lat' dir='ltr'><strong>alteo</strong></span> <span class='ocrx_word' id='word_1_137' title='bbox 742 2004 836 2091; x_wconf 77' lang='lat' dir='ltr'><strong>leges</strong></span> <span class='ocrx_word' id='word_1_138' title='bbox 857 2004 1040 2095; x_wconf 89' lang='lat' dir='ltr'><strong>reciperet,</strong></span> <span class='ocrx_word' id='word_1_139' title='bbox 1065 2004 1150 2073; x_wconf 93' lang='lat' dir='ltr'><strong>dum</strong></span> <span class='ocrx_word' id='word_1_140' title='bbox 1170 2006 1322 2096; x_wconf 89' lang='lat' dir='ltr'><strong>populus</strong></span> <span class='ocrx_word' id='word_1_141' title='bbox 1341 2006 1436 2093; x_wconf 80' lang='lat' dir='ltr'><strong>leges</strong></span> <span class='ocrx_word' id='word_1_142' title='bbox 1460 2013 1539 2074; x_wconf 86' lang='lat' dir='ltr'><strong>ante</strong></span> 
     </span>
     <span class='ocr_line' id='line_1_17' title="bbox 207 2109 1538 2201; baseline 0.002 -24"><span class='ocrx_word' id='word_1_143' title='bbox 207 2110 349 2178; x_wconf 85' lang='lat' dir='ltr'><strong>traditas</strong></span> <span class='ocrx_word' id='word_1_144' title='bbox 360 2109 678 2198; x_wconf 78' lang='lat' dir='ltr'><strong>transgrediebatur</strong></span> <span class='ocrx_word' id='word_1_145' title='bbox 690 2112 821 2200; x_wconf 75' lang='lat' dir='ltr'><strong>(lost).</strong></span> <span class='ocrx_word' id='word_1_146' title='bbox 838 2110 907 2178; x_wconf 89' lang='lat' dir='ltr'><strong>Sed</strong></span> <span class='ocrx_word' id='word_1_147' title='bbox 916 2110 1117 2179; x_wconf 84' lang='lat' dir='ltr'><strong>descendere</strong></span> <span class='ocrx_word' id='word_1_148' title='bbox 1128 2111 1268 2179; x_wconf 89' lang='lat' dir='ltr'><strong>iubetur</strong></span> <span class='ocrx_word' id='word_1_149' title='bbox 1281 2116 1406 2200; x_wconf 80' lang='lat' dir='ltr'><strong>Moyses</strong></span> <span class='ocrx_word' id='word_1_150' title='bbox 1419 2114 1538 2201; x_wconf 91' lang='lat' dir='ltr'><strong>utique</strong></span> 
     </span>
     <span class='ocr_line' id='line_1_18' title="bbox 209 2215 1542 2307; baseline 0.001 -23"><span class='ocrx_word' id='word_1_151' title='bbox 209 2215 251 2284; x_wconf 87' lang='lat' dir='ltr'><strong>ad</strong></span> <span class='ocrx_word' id='word_1_152' title='bbox 268 2217 436 2307; x_wconf 92' lang='lat' dir='ltr'><strong>populum</strong></span> <span class='ocrx_word' id='word_1_153' title='bbox 457 2238 465 2284; x_wconf 93' lang='lat'><strong>:</strong></span> <span class='ocrx_word' id='word_1_154' title='bbox 486 2239 557 2284; x_wconf 96' lang='lat' dir='ltr'><strong>non</strong></span> <span class='ocrx_word' id='word_1_155' title='bbox 572 2223 609 2283; x_wconf 89' lang='lat' dir='ltr'><strong>ut</strong></span> <span class='ocrx_word' id='word_1_156' title='bbox 624 2217 791 2307; x_wconf 92' lang='lat' dir='ltr'><strong>populum</strong></span> <span class='ocrx_word' id='word_1_157' title='bbox 806 2218 960 2303; x_wconf 83' lang='lat' dir='ltr'><strong>corrigat</strong></span> <span class='ocrx_word' id='word_1_158' title='bbox 977 2223 1009 2285; x_wconf 90' lang='lat' dir='ltr'><strong>et</strong></span> <span class='ocrx_word' id='word_1_159' title='bbox 1029 2224 1221 2301; x_wconf 86' lang='lat' dir='ltr'><strong>convertat,</strong></span> <span class='ocrx_word' id='word_1_160' title='bbox 1239 2240 1318 2286; x_wconf 89' lang='lat' dir='ltr'><strong>cum</strong></span> <span class='ocrx_word' id='word_1_161' title='bbox 1341 2240 1372 2285; x_wconf 93' lang='lat' dir='ltr'><strong>v.</strong></span> <span class='ocrx_word' id='word_1_162' title='bbox 1398 2224 1542 2285; x_wconf 82' lang='lat' dir='ltr'><strong>mneos</strong></span> 
     </span>
     <span class='ocr_line' id='line_1_19' title="bbox 209 2323 1537 2414; baseline 0.002 -24"><span class='ocrx_word' id='word_1_163' title='bbox 209 2344 244 2390; x_wconf 90' lang='lat' dir='ltr'><strong>se</strong></span> <span class='ocrx_word' id='word_1_164' title='bbox 260 2345 329 2390; x_wconf 94' lang='lat' dir='ltr'><strong>non</strong></span> <span class='ocrx_word' id='word_1_165' title='bbox 343 2323 462 2414; x_wconf 90' lang='lat' dir='ltr'><strong>populi</strong></span> <span class='ocrx_word' id='word_1_166' title='bbox 472 2324 730 2391; x_wconf 88' lang='lat' dir='ltr'><strong>conversionem</strong></span> <span class='ocrx_word' id='word_1_167' title='bbox 743 2323 803 2390; x_wconf 91' lang='lat' dir='ltr'><strong>scd</strong></span> <span class='ocrx_word' id='word_1_168' title='bbox 813 2324 992 2391; x_wconf 89' lang='lat' dir='ltr'><strong>interitum</strong></span> <span class='ocrx_word' id='word_1_169' title='bbox 1003 2326 1039 2392; x_wconf 93' lang='lat' dir='ltr'><strong>in</strong></span> <span class='ocrx_word' id='word_1_170' title='bbox 1051 2324 1168 2392; x_wconf 88' lang='lat' dir='ltr'><strong>animo</strong></span> <span class='ocrx_word' id='word_1_171' title='bbox 1179 2324 1309 2393; x_wconf 88' lang='lat' dir='ltr'><strong>habere</strong></span> <span class='ocrx_word' id='word_1_172' title='bbox 1324 2324 1537 2414; x_wconf 88' lang='lat' dir='ltr'><strong>profiteatur.</strong></span> 
     </span>
     <span class='ocr_line' id='line_1_20' title="bbox 209 2428 1537 2519; baseline 0 -22"><span class='ocrx_word' id='word_1_173' title='bbox 209 2435 298 2516; x_wconf 83' lang='lat' dir='ltr'><strong>Ergo</strong></span> <span class='ocrx_word' id='word_1_174' title='bbox 308 2428 425 2519; x_wconf 87' lang='lat' dir='ltr'><strong>aliqua</strong></span> <span class='ocrx_word' id='word_1_175' title='bbox 441 2452 520 2497; x_wconf 93' lang='lat' dir='ltr'><strong>cum</strong></span> <span class='ocrx_word' id='word_1_176' title='bbox 535 2430 609 2498; x_wconf 82' lang='lat' dir='ltr'><strong>Gai.</strong></span> <span class='ocrx_word' id='word_1_177' title='bbox 624 2430 660 2496; x_wconf 93' lang='lat' dir='ltr'><strong>in</strong></span> <span class='ocrx_word' id='word_1_178' title='bbox 672 2430 786 2498; x_wconf 88' lang='lat' dir='ltr'><strong>verbis</strong></span> <span class='ocrx_word' id='word_1_179' title='bbox 798 2431 1019 2517; x_wconf 81' lang='lat' dir='ltr'><strong>agnoscenda</strong></span> <span class='ocrx_word' id='word_1_180' title='bbox 1035 2431 1101 2499; x_wconf 89' lang='lat' dir='ltr'><strong>erit</strong></span> <span class='ocrx_word' id='word_1_181' title='bbox 1115 2460 1131 2495; x_wconf 71' lang='grc' dir='ltr'><strong>ι(</strong></span> <span class='ocrx_word' id='word_1_182' title='bbox 1147 2432 1260 2499; x_wconf 87' lang='lat' dir='ltr'><strong>ironia</strong></span> <span class='ocrx_word' id='word_1_183' title='bbox 1282 2458 1298 2493; x_wconf 72' lang='lat' dir='ltr'><strong>a</strong></span> <span class='ocrx_word' id='word_1_184' title='bbox 1318 2451 1325 2498; x_wconf 92' lang='lat'>:</span> <span class='ocrx_word' id='word_1_185' title='bbox 1349 2431 1537 2513; x_wconf 82' lang='lat' dir='ltr'><strong>descende,</strong></span> 
     </span>
     <span class='ocr_line' id='line_1_21' title="bbox 209 2535 1537 2627; baseline 0.001 -25"><span class='ocrx_word' id='word_1_186' title='bbox 209 2542 242 2603; x_wconf 91' lang='lat' dir='ltr'><strong>et</strong></span> <span class='ocrx_word' id='word_1_187' title='bbox 260 2535 339 2602; x_wconf 90' lang='lat' dir='ltr'><strong>vide</strong></span> <span class='ocrx_word' id='word_1_188' title='bbox 354 2535 523 2626; x_wconf 91' lang='lat' dir='ltr'><strong>populum</strong></span> <span class='ocrx_word' id='word_1_189' title='bbox 541 2549 650 2622; x_wconf 88' lang='lat' dir='ltr'><strong>tuum,</strong></span> <span class='ocrx_word' id='word_1_190' title='bbox 671 2564 687 2597; x_wconf 91' lang='lat'>«</span> <span class='ocrx_word' id='word_1_191' title='bbox 706 2538 741 2603; x_wconf 91' lang='lat' dir='ltr'><strong>h.</strong></span> <span class='ocrx_word' id='word_1_192' title='bbox 765 2559 795 2604; x_wconf 89' lang='lat' dir='ltr'><strong>e.</strong></span> <span class='ocrx_word' id='word_1_193' title='bbox 820 2559 889 2604; x_wconf 95' lang='lat' dir='ltr'><strong>non</strong></span> <span class='ocrx_word' id='word_1_194' title='bbox 904 2538 1071 2627; x_wconf 90' lang='lat' dir='ltr'><strong>populum</strong></span> <span class='ocrx_word' id='word_1_195' title='bbox 1092 2558 1208 2607; x_wconf 91' lang='lat' dir='ltr'><strong>meum</strong></span> <span class='ocrx_word' id='word_1_196' title='bbox 1226 2566 1242 2599; x_wconf 92' lang='lat'>»</span> <span class='ocrx_word' id='word_1_197' title='bbox 1265 2536 1375 2626; x_wconf 83' lang='lat' dir='ltr'><strong>(Hier.</strong></span> <span class='ocrx_word' id='word_1_198' title='bbox 1394 2538 1431 2605; x_wconf 93' lang='lat' dir='ltr'><strong>in</strong></span> <span class='ocrx_word' id='word_1_199' title='bbox 1454 2543 1537 2605; x_wconf 85' lang='lat' dir='ltr'><strong>Dan.</strong></span> 
     </span>
     <span class='ocr_line' id='line_1_22' title="bbox 209 2642 1540 2733; baseline 0.001 -24"><span class='ocrx_word' id='word_1_200' title='bbox 209 2648 287 2721; x_wconf 68' lang='lat' dir='ltr'><strong>sut</strong></span> <span class='ocrx_word' id='word_1_201' title='bbox 302 2662 397 2732; x_wconf 90' lang='lat' dir='ltr'><strong>sqq.;</strong></span> <span class='ocrx_word' id='word_1_202' title='bbox 417 2644 464 2710; x_wconf 88' lang='lat' dir='ltr'><strong>M.</strong></span> <span class='ocrx_word' id='word_1_203' title='bbox 484 2649 540 2711; x_wconf 75' lang='lat'><strong>25.</strong></span> <span class='ocrx_word' id='word_1_204' title='bbox 558 2642 651 2731; x_wconf 75' lang='lat' dir='ltr'><strong>aaa),</strong></span> <span class='ocrx_word' id='word_1_205' title='bbox 666 2665 770 2732; x_wconf 89' lang='lat' dir='ltr'><strong>quem</strong></span> <span class='ocrx_word' id='word_1_206' title='bbox 788 2642 952 2728; x_wconf 73' lang='lat' dir='ltr'><strong>eduxisti,</strong></span> <span class='ocrx_word' id='word_1_207' title='bbox 969 2664 1039 2711; x_wconf 92' lang='lat' dir='ltr'><strong>non</strong></span> <span class='ocrx_word' id='word_1_208' title='bbox 1057 2666 1161 2733; x_wconf 89' lang='lat' dir='ltr'><strong>quem</strong></span> <span class='ocrx_word' id='word_1_209' title='bbox 1179 2643 1283 2711; x_wconf 83' lang='lat' dir='ltr'><strong>eduxi</strong></span> <span class='ocrx_word' id='word_1_210' title='bbox 1302 2644 1438 2733; x_wconf 75' lang='lat' dir='ltr'><strong>(syla).</strong></span> <span class='ocrx_word' id='word_1_211' title='bbox 1452 2649 1540 2722; x_wconf 84' lang='lat' dir='ltr'><strong>Quae</strong></span> 
     </span>
     <span class='ocr_line' id='line_1_23' title="bbox 207 2748 1540 2839; baseline 0.001 -25"><span class='ocrx_word' id='word_1_212' title='bbox 207 2748 319 2815; x_wconf 89' lang='lat' dir='ltr'><strong>ironia</strong></span> <span class='ocrx_word' id='word_1_213' title='bbox 341 2755 436 2815; x_wconf 83' lang='lat' dir='ltr'><strong>tanto</strong></span> <span class='ocrx_word' id='word_1_214' title='bbox 458 2749 593 2817; x_wconf 86' lang='lat' dir='ltr'><strong>facilins</strong></span> <span class='ocrx_word' id='word_1_215' title='bbox 619 2754 669 2816; x_wconf 89' lang='lat' dir='ltr'><strong>est</strong></span> <span class='ocrx_word' id='word_1_216' title='bbox 694 2748 925 2831; x_wconf 87' lang='lat' dir='ltr'><strong>admittenda,</strong></span> <span class='ocrx_word' id='word_1_217' title='bbox 949 2749 1044 2839; x_wconf 93' lang='lat' dir='ltr'><strong>quod</strong></span> <span class='ocrx_word' id='word_1_218' title='bbox 1066 2771 1142 2817; x_wconf 89' lang='lat' dir='ltr'><strong>eam</strong></span> <span class='ocrx_word' id='word_1_219' title='bbox 1163 2749 1259 2817; x_wconf 87' lang='lat' dir='ltr'><strong>illico</strong></span> <span class='ocrx_word' id='word_1_220' title='bbox 1280 2773 1311 2817; x_wconf 89' lang='lat' dir='ltr'><strong>v.</strong></span> <span class='ocrx_word' id='word_1_221' title='bbox 1341 2757 1378 2817; x_wconf 92' lang='lat'><strong>11</strong></span> <span class='ocrx_word' id='word_1_222' title='bbox 1409 2751 1540 2817; x_wconf 90' lang='lat' dir='ltr'><strong>miseri-</strong></span> 
     </span>
     <span class='ocr_line' id='line_1_24' title="bbox 208 2854 1542 2946; baseline 0.001 -26"><span class='ocrx_word' id='word_1_223' title='bbox 208 2854 328 2921; x_wconf 91' lang='lat' dir='ltr'><strong>cordia</strong></span> <span class='ocrx_word' id='word_1_224' title='bbox 340 2859 507 2944; x_wconf 88' lang='lat' dir='ltr'><strong>temperet</strong></span> <span class='ocrx_word' id='word_1_225' title='bbox 523 2859 620 2923; x_wconf 90' lang='lat' dir='ltr'><strong>Deus.</strong></span> <span class='ocrx_word' id='word_1_226' title='bbox 638 2877 671 2921; x_wconf 91' lang='lat' dir='ltr'><strong>v.</strong></span> <span class='ocrx_word' id='word_1_227' title='bbox 689 2860 710 2921; x_wconf 89' lang='lat'>8</span> <span class='ocrx_word' id='word_1_228' title='bbox 734 2884 749 2916; x_wconf 76' lang='grc' dir='ltr'><strong>κ</strong></span> <span class='ocrx_word' id='word_1_229' title='bbox 768 2858 990 2923; x_wconf 83' lang='lat' dir='ltr'><strong>Decesserunt</strong></span> <span class='ocrx_word' id='word_1_230' title='bbox 1003 2854 1070 2922; x_wconf 88' lang='lat' dir='ltr'><strong>cito</strong></span> <span class='ocrx_word' id='word_1_231' title='bbox 1086 2855 1128 2921; x_wconf 88' lang='lat' dir='ltr'><strong>de</strong></span> <span class='ocrx_word' id='word_1_232' title='bbox 1149 2856 1217 2939; x_wconf 88' lang='lat' dir='ltr'><strong>aia,</strong></span> <span class='ocrx_word' id='word_1_233' title='bbox 1236 2878 1342 2946; x_wconf 85' lang='lat' dir='ltr'><strong>quam</strong></span> <span class='ocrx_word' id='word_1_234' title='bbox 1362 2856 1542 2922; x_wconf 81' lang='lat' dir='ltr'><strong>ostendisti</strong></span> 
     </span>
     <span class='ocr_line' id='line_1_25' title="bbox 209 2960 1542 3052; baseline 0.003 -27"><span class='ocrx_word' id='word_1_235' title='bbox 209 2961 268 3041; x_wconf 87' lang='lat' dir='ltr'><strong>eis,</strong></span> <span class='ocrx_word' id='word_1_236' title='bbox 281 2960 506 3050; x_wconf 70' lang='lat' dir='ltr'><strong>[acuuntque</strong></span> <span class='ocrx_word' id='word_1_237' title='bbox 519 2961 587 3029; x_wconf 85' lang='lat' dir='ltr'><strong>sibi</strong></span> <span class='ocrx_word' id='word_1_238' title='bbox 600 2960 749 3028; x_wconf 88' lang='lat' dir='ltr'><strong>vitulum</strong></span> <span class='ocrx_word' id='word_1_239' title='bbox 769 2961 979 3049; x_wconf 72' lang='lat' dir='ltr'><strong>conflatilem</strong></span> <span class='ocrx_word' id='word_1_240' title='bbox 994 2974 1028 3029; x_wconf 89' lang='lat' dir='ltr'><strong>et</strong></span> <span class='ocrx_word' id='word_1_241' title='bbox 1041 2962 1286 3043; x_wconf 87' lang='lat' dir='ltr'><strong>adoraverunt,</strong></span> <span class='ocrx_word' id='word_1_242' title='bbox 1303 2975 1410 3052; x_wconf 85' lang='lat' dir='ltr'><strong>atque</strong></span> <span class='ocrx_word' id='word_1_243' title='bbox 1422 2962 1542 3029; x_wconf 88' lang='lat' dir='ltr'><strong>immo-</strong></span> 
     </span>
     <span class='ocr_line' id='line_1_26' title="bbox 210 3065 1540 3157; baseline 0.002 -27"><span class='ocrx_word' id='word_1_244' title='bbox 210 3065 319 3132; x_wconf 84' lang='lat' dir='ltr'><strong>lantes</strong></span> <span class='ocrx_word' id='word_1_245' title='bbox 333 3066 366 3132; x_wconf 87' lang='lat' dir='ltr'><strong>ei</strong></span> <span class='ocrx_word' id='word_1_246' title='bbox 379 3067 507 3134; x_wconf 84' lang='lat' dir='ltr'><strong>lrostias</strong></span> <span class='ocrx_word' id='word_1_247' title='bbox 519 3066 685 3135; x_wconf 77' lang='lat' dir='ltr'><strong>dixerunt</strong></span> <span class='ocrx_word' id='word_1_248' title='bbox 701 3090 712 3134; x_wconf 92' lang='lat'><strong>.·</strong></span> <span class='ocrx_word' id='word_1_249' title='bbox 727 3068 788 3135; x_wconf 88' lang='lat' dir='ltr'><strong>Isti</strong></span> <span class='ocrx_word' id='word_1_250' title='bbox 801 3081 880 3135; x_wconf 89' lang='lat' dir='ltr'><strong>sunt</strong></span> <span class='ocrx_word' id='word_1_251' title='bbox 896 3068 949 3135; x_wconf 88' lang='lat' dir='ltr'><strong>dii</strong></span> <span class='ocrx_word' id='word_1_252' title='bbox 962 3066 1015 3135; x_wconf 91' lang='lat' dir='ltr'><strong>tui</strong></span> <span class='ocrx_word' id='word_1_253' title='bbox 1031 3067 1150 3152; x_wconf 87' lang='lat' dir='ltr'><strong>Israel,</strong></span> <span class='ocrx_word' id='word_1_254' title='bbox 1168 3067 1231 3157; x_wconf 86' lang='lat' dir='ltr'><strong>qui</strong></span> <span class='ocrx_word' id='word_1_255' title='bbox 1245 3080 1275 3135; x_wconf 87' lang='lat' dir='ltr'><strong>te</strong></span> <span class='ocrx_word' id='word_1_256' title='bbox 1291 3067 1484 3135; x_wconf 77' lang='lat' dir='ltr'><strong>eduxerunt</strong></span> <span class='ocrx_word' id='word_1_257' title='bbox 1500 3068 1540 3133; x_wconf 88' lang='lat' dir='ltr'><strong>de</strong></span> 
     </span>
     <span class='ocr_line' id='line_1_27' title="bbox 210 3174 1539 3263; baseline 0.003 -26"><span class='ocrx_word' id='word_1_258' title='bbox 210 3184 301 3238; x_wconf 89' lang='lat' dir='ltr'><strong>terra</strong></span> <span class='ocrx_word' id='word_1_259' title='bbox 313 3174 460 3262; x_wconf 77' lang='lat' dir='ltr'><strong>Acyypti</strong></span> <span class='ocrx_word' id='word_1_260' title='bbox 482 3202 511 3241; x_wconf 79' lang='lat' dir='ltr'><strong>a.</strong></span> <span class='ocrx_word' id='word_1_261' title='bbox 531 3179 735 3263; x_wconf 81' lang='lat' dir='ltr'><strong>sequentem</strong></span> <span class='ocrx_word' id='word_1_262' title='bbox 751 3196 890 3241; x_wconf 83' lang='lat' dir='ltr'><strong>versum</strong></span> <span class='ocrx_word' id='word_1_263' title='bbox 907 3177 999 3242; x_wconf 88' lang='lat' dir='ltr'><strong>LXX</strong></span> <span class='ocrx_word' id='word_1_264' title='bbox 1014 3175 1189 3261; x_wconf 81' lang='lat' dir='ltr'><strong>ignorant.</strong></span> <span class='ocrx_word' id='word_1_265' title='bbox 1212 3174 1274 3252; x_wconf 84' lang='lat' dir='ltr'><strong>Qui</strong></span> <span class='ocrx_word' id='word_1_266' title='bbox 1291 3174 1319 3241; x_wconf 92' lang='lat' dir='ltr'><strong>si</strong></span> <span class='ocrx_word' id='word_1_267' title='bbox 1339 3174 1539 3258; x_wconf 87' lang='lat' dir='ltr'><strong>retineatur,</strong></span> 
     </span>
     <span class='ocr_line' id='line_1_28' title="bbox 210 3279 1541 3371; baseline 0.001 -25"><span class='ocrx_word' id='word_1_268' title='bbox 210 3280 327 3368; x_wconf 88' lang='lat' dir='ltr'><strong>utique</strong></span> <span class='ocrx_word' id='word_1_269' title='bbox 351 3300 429 3346; x_wconf 90' lang='lat' dir='ltr'><strong>cum</strong></span> <span class='ocrx_word' id='word_1_270' title='bbox 452 3280 527 3347; x_wconf 84' lang='lat' dir='ltr'><strong>Gai.</strong></span> <span class='ocrx_word' id='word_1_271' title='bbox 548 3279 735 3347; x_wconf 91' lang='lat' dir='ltr'><strong>dicendum</strong></span> <span class='ocrx_word' id='word_1_272' title='bbox 754 3281 835 3362; x_wconf 92' lang='lat' dir='ltr'><strong>erit,</strong></span> <span class='ocrx_word' id='word_1_273' title='bbox 857 3282 1085 3349; x_wconf 88' lang='lat' dir='ltr'><strong>intercessisse</strong></span> <span class='ocrx_word' id='word_1_274' title='bbox 1109 3281 1262 3370; x_wconf 87' lang='lat' dir='ltr'><strong>aliquam</strong></span> <span class='ocrx_word' id='word_1_275' title='bbox 1289 3280 1381 3348; x_wconf 91' lang='lat' dir='ltr'><strong>inter</strong></span> <span class='ocrx_word' id='word_1_276' title='bbox 1400 3304 1541 3371; x_wconf 86' lang='lat' dir='ltr'><strong>praece-</strong></span> 
     </span>
     <span class='ocr_line' id='line_1_29' title="bbox 208 3385 1542 3477; baseline 0.001 -25"><span class='ocrx_word' id='word_1_277' title='bbox 208 3385 325 3453; x_wconf 90' lang='lat' dir='ltr'><strong>dentia</strong></span> <span class='ocrx_word' id='word_1_278' title='bbox 343 3390 377 3452; x_wconf 91' lang='lat' dir='ltr'><strong>et</strong></span> <span class='ocrx_word' id='word_1_279' title='bbox 393 3385 573 3475; x_wconf 90' lang='lat' dir='ltr'><strong>sequentia</strong></span> <span class='ocrx_word' id='word_1_280' title='bbox 586 3385 705 3454; x_wconf 89' lang='lat' dir='ltr'><strong>divina</strong></span> <span class='ocrx_word' id='word_1_281' title='bbox 716 3387 817 3455; x_wconf 85' lang='lat' dir='ltr'><strong>effata</strong></span> <span class='ocrx_word' id='word_1_282' title='bbox 831 3408 983 3471; x_wconf 84' lang='lat' dir='ltr'><strong>moram,</strong></span> <span class='ocrx_word' id='word_1_283' title='bbox 1000 3409 1070 3454; x_wconf 91' lang='lat' dir='ltr'><strong>non</strong></span> <span class='ocrx_word' id='word_1_284' title='bbox 1086 3410 1155 3477; x_wconf 91' lang='lat' dir='ltr'><strong>qua</strong></span> <span class='ocrx_word' id='word_1_285' title='bbox 1170 3392 1296 3474; x_wconf 82' lang='lat' dir='ltr'><strong>Moyses</strong></span> <span class='ocrx_word' id='word_1_286' title='bbox 1312 3387 1403 3454; x_wconf 91' lang='lat' dir='ltr'><strong>nihil</strong></span> <span class='ocrx_word' id='word_1_287' title='bbox 1419 3388 1542 3454; x_wconf 84' lang='lat' dir='ltr'><strong>dixerit</strong></span> 
     </span>
     <span class='ocr_line' id='line_1_30' title="bbox 119 3492 1538 3584; baseline 0.001 -26"><span class='ocrx_word' id='word_1_288' title='bbox 119 3496 130 3517; x_wconf 77' lang='lat'><em>⁶</em></span> <span class='ocrx_word' id='word_1_289' title='bbox 210 3492 286 3580; x_wconf 78' lang='lat' dir='ltr'><strong>(Syl</strong></span> <span class='ocrx_word' id='word_1_290' title='bbox 309 3492 346 3581; x_wconf 88' lang='lat'><strong>.),</strong></span> <span class='ocrx_word' id='word_1_291' title='bbox 371 3492 429 3559; x_wconf 89' lang='lat' dir='ltr'><strong>scd</strong></span> <span class='ocrx_word' id='word_1_292' title='bbox 454 3514 523 3582; x_wconf 87' lang='lat' dir='ltr'><strong>qua</strong></span> <span class='ocrx_word' id='word_1_293' title='bbox 545 3492 691 3560; x_wconf 82' lang='lat' dir='ltr'><strong>ferventi</strong></span> <span class='ocrx_word' id='word_1_294' title='bbox 719 3492 871 3560; x_wconf 89' lang='lat' dir='ltr'><strong>oratione</strong></span> <span class='ocrx_word' id='word_1_295' title='bbox 898 3493 957 3559; x_wconf 88' lang='lat' dir='ltr'><strong>Dei</strong></span> <span class='ocrx_word' id='word_1_296' title='bbox 984 3493 1252 3561; x_wconf 85' lang='lat' dir='ltr'><strong>misericordiam</strong></span> <span class='ocrx_word' id='word_1_297' title='bbox 1284 3493 1538 3584; x_wconf 88' lang='lat' dir='ltr'><strong>imploraverit,</strong></span> 
     </span>
     <span class='ocr_line' id='line_1_31' title="bbox 209 3599 1061 3689; baseline 0.005 -25"><span class='ocrx_word' id='word_1_298' title='bbox 209 3620 315 3687; x_wconf 90' lang='lat' dir='ltr'><strong>quare</strong></span> <span class='ocrx_word' id='word_1_299' title='bbox 330 3603 417 3665; x_wconf 87' lang='lat' dir='ltr'><strong>Deus</strong></span> <span class='ocrx_word' id='word_1_300' title='bbox 430 3622 461 3665; x_wconf 90' lang='lat' dir='ltr'><strong>v.</strong></span> <span class='ocrx_word' id='word_1_301' title='bbox 481 3606 521 3665; x_wconf 92' lang='lat'><strong>10</strong></span> <span class='ocrx_word' id='word_1_302' title='bbox 537 3622 545 3669; x_wconf 92' lang='lat'>:</span> <span class='ocrx_word' id='word_1_303' title='bbox 563 3599 696 3666; x_wconf 86' lang='lat' dir='ltr'><strong>dimitte</strong></span> <span class='ocrx_word' id='word_1_304' title='bbox 712 3620 780 3684; x_wconf 86' lang='lat' dir='ltr'><strong>me,</strong></span> <span class='ocrx_word' id='word_1_305' title='bbox 795 3599 911 3689; x_wconf 84' lang='lat' dir='ltr'><strong>inquit</strong></span> <span class='ocrx_word' id='word_1_306' title='bbox 927 3599 1061 3689; x_wconf 80' lang='lat' dir='ltr'><strong>(lans).</strong></span> 
     </span>
    </p>
   </div>
   <div class='ocr_carea' id='block_1_3' title="bbox 472 3820 1276 3912">
    <p class='ocr_par' dir='ltr' id='par_1_4' title="bbox 472 3820 1276 3912">
     <span class='ocr_line' id='line_1_32' title="bbox 472 3820 1276 3912; baseline 0 -25"><span class='ocrx_word' id='word_1_307' title='bbox 472 3828 503 3888; x_wconf 71' lang='lat'><strong>2.</strong></span> <span class='ocrx_word' id='word_1_308' title='bbox 528 3822 657 3910; x_wconf 81' lang='lat' dir='ltr'><strong>Moysis</strong></span> <span class='ocrx_word' id='word_1_309' title='bbox 675 3820 886 3911; x_wconf 82' lang='lat' dir='ltr'><strong>supplicatio</strong></span> <span class='ocrx_word' id='word_1_310' title='bbox 900 3821 1021 3912; x_wconf 84' lang='lat' dir='ltr'><strong>prima</strong></span> <span class='ocrx_word' id='word_1_311' title='bbox 1041 3826 1097 3889; x_wconf 81' lang='lat' dir='ltr'><strong>Ex.</strong></span> <span class='ocrx_word' id='word_1_312' title='bbox 1120 3828 1276 3905; x_wconf 63' lang='lat' dir='ltr'><strong>ans-tt.</strong></span> 
     </span>
    </p>
   </div>
   <div class='ocr_carea' id='block_1_4' title="bbox 207 4025 1542 4747">
    <p class='ocr_par' dir='ltr' id='par_1_5' title="bbox 207 4025 1541 4434">
     <span class='ocr_line' id='line_1_33' title="bbox 254 4025 1541 4116; baseline 0.002 -27"><span class='ocrx_word' id='word_1_313' title='bbox 254 4027 338 4113; x_wconf 73' lang='lat' dir='ltr'><strong>Arq.</strong></span> <span class='ocrx_word' id='word_1_314' title='bbox 357 4064 399 4075; x_wconf 90' lang='lat'>—</span> <span class='ocrx_word' id='word_1_315' title='bbox 422 4031 508 4092; x_wconf 90' lang='lat' dir='ltr'><strong>Deus</strong></span> <span class='ocrx_word' id='word_1_316' title='bbox 533 4047 567 4093; x_wconf 88' lang='lat' dir='ltr'><strong>se</strong></span> <span class='ocrx_word' id='word_1_317' title='bbox 591 4026 758 4116; x_wconf 90' lang='lat' dir='ltr'><strong>populum</strong></span> <span class='ocrx_word' id='word_1_318' title='bbox 783 4025 990 4106; x_wconf 89' lang='lat' dir='ltr'><strong>deleturum,</strong></span> <span class='ocrx_word' id='word_1_319' title='bbox 1015 4031 1148 4113; x_wconf 91' lang='lat' dir='ltr'><strong>Moysen</strong></span> <span class='ocrx_word' id='word_1_320' title='bbox 1168 4025 1359 4113; x_wconf 83' lang='lat' dir='ltr'><strong>ingentem</strong></span> <span class='ocrx_word' id='word_1_321' title='bbox 1378 4046 1541 4111; x_wconf 81' lang='lat' dir='ltr'><strong>magnam</strong></span> 
     </span>
     <span class='ocr_line' id='line_1_34' title="bbox 207 4132 1537 4222; baseline -0.001 -24"><span class='ocrx_word' id='word_1_322' title='bbox 207 4154 279 4199; x_wconf 88' lang='lat' dir='ltr'><strong>esse</strong></span> <span class='ocrx_word' id='word_1_323' title='bbox 299 4134 469 4198; x_wconf 85' lang='lat' dir='ltr'><strong>facturum</strong></span> <span class='ocrx_word' id='word_1_324' title='bbox 487 4136 707 4221; x_wconf 82' lang='lat' dir='ltr'><strong>protestatur.</strong></span> <span class='ocrx_word' id='word_1_325' title='bbox 729 4137 856 4219; x_wconf 89' lang='lat' dir='ltr'><strong>Moyses</strong></span> <span class='ocrx_word' id='word_1_326' title='bbox 874 4132 934 4199; x_wconf 91' lang='lat' dir='ltr'><strong>Dei</strong></span> <span class='ocrx_word' id='word_1_327' title='bbox 958 4154 1022 4221; x_wconf 87' lang='lat' dir='ltr'><strong>pro</strong></span> <span class='ocrx_word' id='word_1_328' title='bbox 1042 4132 1172 4221; x_wconf 91' lang='lat' dir='ltr'><strong>populo</strong></span> <span class='ocrx_word' id='word_1_329' title='bbox 1192 4136 1327 4222; x_wconf 89' lang='lat' dir='ltr'><strong>patrata</strong></span> <span class='ocrx_word' id='word_1_330' title='bbox 1346 4132 1537 4217; x_wconf 81' lang='lat' dir='ltr'><strong>magnalia,</strong></span> 
     </span>
     <span class='ocr_line' id='line_1_35' title="bbox 207 4236 1540 4329; baseline 0 -26"><span class='ocrx_word' id='word_1_331' title='bbox 207 4239 361 4304; x_wconf 89' lang='lat' dir='ltr'><strong>futurum</strong></span> <span class='ocrx_word' id='word_1_332' title='bbox 385 4240 630 4327; x_wconf 79' lang='lat' dir='ltr'><strong>Acgyptiorum</strong></span> <span class='ocrx_word' id='word_1_333' title='bbox 661 4239 703 4305; x_wconf 90' lang='lat' dir='ltr'><strong>de</strong></span> <span class='ocrx_word' id='word_1_334' title='bbox 733 4238 853 4329; x_wconf 92' lang='lat' dir='ltr'><strong>populi</strong></span> <span class='ocrx_word' id='word_1_335' title='bbox 882 4239 984 4305; x_wconf 91' lang='lat' dir='ltr'><strong>ruina</strong></span> <span class='ocrx_word' id='word_1_336' title='bbox 1024 4238 1232 4328; x_wconf 90' lang='lat' dir='ltr'><strong>tripudium,</strong></span> <span class='ocrx_word' id='word_1_337' title='bbox 1263 4236 1540 4327; x_wconf 87' lang='lat' dir='ltr'><strong>patriarcharum</strong></span> 
     </span>
     <span class='ocr_line' id='line_1_36' title="bbox 209 4341 1300 4434; baseline 0.001 -24"><span class='ocrx_word' id='word_1_338' title='bbox 209 4341 374 4433; x_wconf 87' lang='lat' dir='ltr'><strong>promissa</strong></span> <span class='ocrx_word' id='word_1_339' title='bbox 394 4343 649 4425; x_wconf 87' lang='lat' dir='ltr'><strong>demonstrans,</strong></span> <span class='ocrx_word' id='word_1_340' title='bbox 672 4350 709 4410; x_wconf 90' lang='lat' dir='ltr'><strong>nt</strong></span> <span class='ocrx_word' id='word_1_341' title='bbox 728 4345 932 4433; x_wconf 90' lang='lat' dir='ltr'><strong>populusne</strong></span> <span class='ocrx_word' id='word_1_342' title='bbox 952 4344 1108 4413; x_wconf 89' lang='lat' dir='ltr'><strong>deleatur</strong></span> <span class='ocrx_word' id='word_1_343' title='bbox 1126 4344 1300 4434; x_wconf 88' lang='lat' dir='ltr'><strong>impetrat.</strong></span> 
     </span>
    </p>

    <p class='ocr_par' dir='ltr' id='par_1_6' title="bbox 208 4450 1542 4747">
     <span class='ocr_line' id='line_1_37' title="bbox 255 4450 1542 4543; baseline 0.002 -31"><span class='ocrx_word' id='word_1_344' title='bbox 255 4472 287 4516; x_wconf 88' lang='lat' dir='ltr'><strong>v.</strong></span> <span class='ocrx_word' id='word_1_345' title='bbox 306 4455 325 4515; x_wconf 88' lang='grc'><strong>9</strong></span> <span class='ocrx_word' id='word_1_346' title='bbox 341 4476 356 4508; x_wconf 79' lang='lat' dir='ltr'><strong>a</strong></span> <span class='ocrx_word' id='word_1_347' title='bbox 375 4452 589 4540; x_wconf 84' lang='lat' dir='ltr'><strong>Rursumque</strong></span> <span class='ocrx_word' id='word_1_348' title='bbox 603 4451 654 4517; x_wconf 89' lang='lat' dir='ltr'><strong>ait</strong></span> <span class='ocrx_word' id='word_1_349' title='bbox 669 4450 837 4517; x_wconf 87' lang='lat' dir='ltr'><strong>Dominus</strong></span> <span class='ocrx_word' id='word_1_350' title='bbox 851 4450 899 4518; x_wconf 91' lang='lat' dir='ltr'><strong>ad</strong></span> <span class='ocrx_word' id='word_1_351' title='bbox 909 4454 1050 4539; x_wconf 81' lang='lat' dir='ltr'><strong>Moysen</strong></span> <span class='ocrx_word' id='word_1_352' title='bbox 1066 4473 1077 4518; x_wconf 94' lang='lat'><em>:</em></span> <span class='ocrx_word' id='word_1_353' title='bbox 1094 4452 1201 4518; x_wconf 85' lang='lat' dir='ltr'><strong>Cerno</strong></span> <span class='ocrx_word' id='word_1_354' title='bbox 1214 4450 1308 4540; x_wconf 87' lang='lat' dir='ltr'><strong>quod</strong></span> <span class='ocrx_word' id='word_1_355' title='bbox 1318 4451 1466 4543; x_wconf 85' lang='lat' dir='ltr'><strong>populus</strong></span> <span class='ocrx_word' id='word_1_356' title='bbox 1482 4452 1542 4516; x_wconf 77' lang='lat' dir='ltr'><strong>ista</strong></span> 
     </span>
     <span class='ocr_line' id='line_1_38' title="bbox 208 4555 1542 4647; baseline 0.001 -26"><span class='ocrx_word' id='word_1_357' title='bbox 208 4555 316 4621; x_wconf 78' lang='lat' dir='ltr'><strong>deirae</strong></span> <span class='ocrx_word' id='word_1_358' title='bbox 331 4556 470 4622; x_wconf 83' lang='lat' dir='ltr'><strong>ceruicis</strong></span> <span class='ocrx_word' id='word_1_359' title='bbox 483 4557 529 4623; x_wconf 87' lang='lat' dir='ltr'><strong>sit</strong></span> <span class='ocrx_word' id='word_1_360' title='bbox 545 4586 561 4618; x_wconf 88' lang='lat'>»</span> <span class='ocrx_word' id='word_1_361' title='bbox 581 4557 637 4647; x_wconf 82' lang='lat' dir='ltr'><strong>(cf.</strong></span> <span class='ocrx_word' id='word_1_362' title='bbox 655 4563 753 4638; x_wconf 83' lang='lat' dir='ltr'><strong>33‚a;</strong></span> <span class='ocrx_word' id='word_1_363' title='bbox 770 4564 867 4639; x_wconf 79' lang='lat' dir='ltr'><strong>3t,9;</strong></span> <span class='ocrx_word' id='word_1_364' title='bbox 884 4562 981 4625; x_wconf 87' lang='lat' dir='ltr'><strong>Dent.</strong></span> <span class='ocrx_word' id='word_1_365' title='bbox 1000 4559 1106 4646; x_wconf 84' lang='lat'><strong>9,13).</strong></span> <span class='ocrx_word' id='word_1_366' title='bbox 1124 4559 1380 4647; x_wconf 81' lang='lat' dir='ltr'><strong>Expressionem</strong></span> <span class='ocrx_word' id='word_1_367' title='bbox 1396 4557 1542 4647; x_wconf 88' lang='lat' dir='ltr'><strong>explicat</strong></span> 
     </span>
     <span class='ocr_line' id='line_1_39' title="bbox 210 4662 1542 4747; baseline -0.001 -19"><span class='ocrx_word' id='word_1_368' title='bbox 210 4668 250 4728; x_wconf 88' lang='lat' dir='ltr'><strong>ls.</strong></span> <span class='ocrx_word' id='word_1_369' title='bbox 272 4668 350 4744; x_wconf 77' lang='lat' dir='ltr'><strong>t8,&#39;s</strong></span> <span class='ocrx_word' id='word_1_370' title='bbox 374 4685 382 4727; x_wconf 78' lang='grc' dir='ltr'><strong><em>ε</em></strong></span> <span class='ocrx_word' id='word_1_371' title='bbox 407 4690 423 4723; x_wconf 81' lang='lat' dir='ltr'><strong>o</strong></span> <span class='ocrx_word' id='word_1_372' title='bbox 443 4662 551 4729; x_wconf 90' lang='lat' dir='ltr'><strong>durus</strong></span> <span class='ocrx_word' id='word_1_373' title='bbox 569 4686 605 4729; x_wconf 94' lang='lat' dir='ltr'><strong>es</strong></span> <span class='ocrx_word' id='word_1_374' title='bbox 633 4668 681 4743; x_wconf 93' lang='lat' dir='ltr'><strong>tu,</strong></span> <span class='ocrx_word' id='word_1_375' title='bbox 712 4670 744 4731; x_wconf 91' lang='lat' dir='ltr'><strong>et</strong></span> <span class='ocrx_word' id='word_1_376' title='bbox 763 4685 890 4731; x_wconf 89' lang='lat' dir='ltr'><strong>nervus</strong></span> <span class='ocrx_word' id='word_1_377' title='bbox 915 4665 1049 4731; x_wconf 87' lang='lat' dir='ltr'><strong>ferreus</strong></span> <span class='ocrx_word' id='word_1_378' title='bbox 1075 4664 1189 4731; x_wconf 81' lang='lat' dir='ltr'><strong>cervis</strong></span> <span class='ocrx_word' id='word_1_379' title='bbox 1211 4669 1288 4747; x_wconf 89' lang='lat' dir='ltr'><strong>tua,</strong></span> <span class='ocrx_word' id='word_1_380' title='bbox 1311 4671 1345 4731; x_wconf 86' lang='lat' dir='ltr'><strong>et</strong></span> <span class='ocrx_word' id='word_1_381' title='bbox 1366 4664 1458 4730; x_wconf 83' lang='lat' dir='ltr'><strong>frons</strong></span> <span class='ocrx_word' id='word_1_382' title='bbox 1483 4670 1542 4728; x_wconf 87' lang='lat' dir='ltr'><strong>tua</strong></span> 
     </span>
    </p>
   </div>
   <div class='ocr_carea' id='block_1_5' title="bbox 209 4768 1621 4859">
    <p class='ocr_par' dir='ltr' id='par_1_7' title="bbox 209 4744 1689 4869">
     <span class='ocr_line' id='line_1_40' title="bbox 209 4768 1621 4859; baseline -0.001 -25"><span class='ocrx_word' id='word_1_383' title='bbox 209 4789 310 4835; x_wconf 76' lang='lat' dir='ltr'><strong>aerea</strong></span> <span class='ocrx_word' id='word_1_384' title='bbox 330 4796 360 4835; x_wconf 87' lang='lat'><strong>».</strong></span> <span class='ocrx_word' id='word_1_385' title='bbox 382 4791 414 4836; x_wconf 82' lang='lat' dir='ltr'><strong>r.</strong></span> <span class='ocrx_word' id='word_1_386' title='bbox 440 4774 481 4835; x_wconf 87' lang='lat'><strong>10</strong></span> <span class='ocrx_word' id='word_1_387' title='bbox 502 4769 675 4836; x_wconf 88' lang='lat' dir='ltr'><strong>«Dimitte</strong></span> <span class='ocrx_word' id='word_1_388' title='bbox 695 4791 748 4836; x_wconf 92' lang='lat' dir='ltr'><strong>me</strong></span> <span class='ocrx_word' id='word_1_389' title='bbox 769 4796 799 4849; x_wconf 79' lang='lat' dir='ltr'><strong>a,</strong></span> <span class='ocrx_word' id='word_1_390' title='bbox 818 4769 956 4836; x_wconf 85' lang='lat' dir='ltr'><strong>dimitte</strong></span> <span class='ocrx_word' id='word_1_391' title='bbox 971 4768 1244 4859; x_wconf 80' lang='lat' dir='ltr'><strong>deprecationem</strong></span> <span class='ocrx_word' id='word_1_392' title='bbox 1259 4784 1354 4837; x_wconf 87' lang='lat' dir='ltr'><strong>tuam</strong></span> <span class='ocrx_word' id='word_1_393' title='bbox 1368 4768 1523 4859; x_wconf 76' lang='lat' dir='ltr'><strong>(cteta.)</strong></span> <span class='ocrx_word' id='word_1_394' title='bbox 1620 4776 1621 4781; x_wconf 77' lang='grc'>’</span> 
     </span>
    </p>
   </div>
   <div class='ocr_carea' id='block_1_6' title="bbox 0 0 1776 5384">
    <p class='ocr_par' dir='ltr' id='par_1_8' title="bbox 0 0 1776 5384">
     <span class='ocr_line' id='line_1_41' title="bbox 0 0 1776 5384; baseline 0 0"><span class='ocrx_word' id='word_1_395' title='bbox 0 0 1776 5384; x_wconf 95' lang='lat' dir='ltr'><strong> </strong></span> 
     </span>
    </p>
   </div>
  </div>
 </body>
</html>
