3534 5384
735 407 783 451 nx.
808 393 860 467 5,8
882 410 944 462 sou.
1471 391 1509 452 61

180 540 358 606 conticere.
373 561 406 605 v.
428 547 448 608 8
472 567 488 601 α
503 542 547 606 Et
561 562 756 607 mensuram
774 540 937 627 laterum,
955 564 1060 632 quarn
1070 541 1171 632 prius
1184 541 1379 630 faciebant,
1400 542 1509 631 impo—
1580 616 1583 628 ¹
1643 534 1647 541 ’

178 646 267 712 raetis
281 669 382 736 super
396 669 452 713 eos
464 669 526 713 nec
539 646 701 714 minuetis
716 647 905 737 quidquam
921 670 934 713 .·
949 661 1073 714 uacant
1085 647 1178 715 enim
1197 661 1230 714 et
1245 649 1372 715 idcirco
1385 648 1511 735 uocife-

178 765 300 820 rantur
314 752 464 820 dicentes
479 775 491 818 :
507 755 637 821 Eamus
652 766 684 820 et
702 754 931 843 sacrificemus
945 759 1014 821 Dec
1029 767 1143 822 nostro
1160 783 1192 824 s.
1209 783 1225 816 (ι
1237 755 1399 842 pigritiae
1412 754 1511 820 attri-

182 860 300 927 buitur
312 860 434 946 religio
451 888 467 921 u
480 859 596 949 (Cui).
613 884 646 927 v.
660 867 680 927 9
697 888 712 921 «
734 862 983 951 Opprimantur·
998 862 1152 952 operibus
1165 875 1199 928 et
1213 862 1373 952 expleant
1390 885 1430 927 ea
1445 882 1457 925 :
1473 873 1511 926 ut

178 988 246 1032 nan
260 967 481 1056 acquiescant
502 966 611 1034 uerbis
626 967 845 1034 mendacibus
863 996 893 1036 ».
911 974 975 1035 Pro
990 982 1077 1036 tutu
1093 971 1187 1037 Sam.
1206 971 1298 1036 LXX
1309 970 1389 1058 Sur.
1408 982 1509 1040 nunu,

179 1077 216 1140 ut
228 1074 272 1140 sit
287 1073 489 1140 vertendum
511 1073 615 1141 :Fiat
634 1074 730 1140 labor·
752 1075 869 1164 quavis
893 1097 993 1166 super
1008 1099 1075 1159 ecs,
1093 1088 1126 1142 et
1144 1075 1317 1165 aspiciant
1338 1075 1439 1147 illum
1456 1089 1512 1143 :et

185 1203 255 1245 ncta
270 1180 435 1270 aspicient
450 1182 550 1247 uerba
564 1179 756 1264 mendacia,
775 1181 895 1248 fitutia
908 1181 965 1249 dei
979 1182 1031 1248 sui
1045 1183 1219 1249 mandata.
1238 1182 1408 1250 Carebunt
1424 1187 1511 1250 tem-

181 1308 284 1374 pore,
301 1309 345 1353 ne
370 1287 413 1353 ad
443 1287 611 1354 eiusmodi
638 1288 1035 1369 attendant,dum1nodo
1064 1294 1258 1356 constanter
1286 1295 1509 1379 occupentur.

184 1392 263 1460 Tale
283 1399 397 1461 autern
410 1394 611 1460 mandatum
625 1415 736 1480 aroge
749 1395 1008 1484 promulgatum
1028 1416 1096 1462 esse
1109 1395 1183 1484 ipso
1194 1393 1247 1461 die
1262 1395 1308 1484 (v.
1326 1402 1363 1479 63
1375 1395 1449 1462 Dill
1488 1395 1511 1482 .)

184 1499 322 1588 expetiti
340 1501 487 1583 favoris,
504 1499 569 1566 fuit
588 1522 670 1566 sane
690 1501 850 1568 Hebraeis
865 1499 1067 1591 perdurum.

459 1746 479 1779 c
496 1731 666 1780 Hebraeorum
681 1736 768 1780 contra
783 1732 887 1792 Moysen
903 1733 1043 1792 indignatio
1057 1733 1104 1780 Er.
1121 1733 1233 1793 s,1os,1.

233 1940 317 2026 Arq.
340 1975 385 1985 —
404 1935 541 2004 Scribae
560 1936 719 2017 hebraei,
741 1936 800 2002 ubi
820 1937 856 2002 in
870 1935 1089 2003 subditorum
1107 1936 1175 2003 sibi
1197 1937 1433 2026 operariorum
1453 1959 1515 2002 an-

192 2044 288 2130 garia
304 2042 436 2133 aliquid
453 2041 716 2126 desideraretur,
733 2042 879 2130 flagellis
893 2042 1057 2110 immeriti
1073 2045 1173 2126 caesi,
1191 2043 1348 2133 querelas
1362 2042 1405 2109 ad
1425 2044 1515 2109 Pha·

187 2171 333 2218 raonem
352 2150 510 2216 deferunt
529 2147 712 2216 incussum.
730 2148 780 2216 Ab
796 2171 836 2215 eo
856 2148 997 2216 reduces
1011 2150 1048 2217 in
1061 2155 1194 2237 Moysen
1213 2154 1246 2216 et
1264 2155 1434 2217 Aaronem
1448 2151 1516 2217 im-

189 2257 340 2347 pingunt
362 2279 487 2346 eosque
508 2255 670 2322 conviciis
681 2257 865 2345 impetunt.
880 2256 1035 2323 seniores
1049 2279 1121 2323 non
1137 2261 1353 2345 comparent,
1368 2256 1516 2346 populus

195 2364 251 2452 (cl.
271 2363 341 2451 6,9)
362 2367 504 2451 abloyse
524 2368 557 2428 et
571 2367 703 2429 barone
723 2362 921 2428 retrahitur.
942 2367 1067 2450 Moyses
1081 2363 1124 2429 ad
1145 2362 1248 2429 lahve
1269 2384 1450 2429 conversus
1470 2363 1515 2429 ab

191 2493 232 2537 eo
251 2469 294 2536 de
313 2469 482 2558 portentis
501 2467 599 2535 brevi
617 2467 790 2535 eventuris
807 2470 844 2535 in
862 2468 1007 2535 salutem
1025 2468 1149 2559 populi
1167 2473 1338 2538 monetur.

232 2599 266 2642 v.
286 2581 326 2642 10
344 2603 359 2636 «
377 2565 490 2664 Iqt'tur
503 2573 629 2664 eqressi
640 2575 816 2664 praefecti
830 2597 969 2664 operum
989 2586 1021 2641 et
1035 2587 1207 2642 exactores
1231 2604 1262 2660 »,
1279 2575 1303 2641 i.
1319 2599 1350 2644 e.
1369 2576 1513 2659 scribae,

193 2711 208 2743 α
229 2681 278 2749 ad
292 2681 465 2771 populum
488 2681 652 2748 diaentnt
671 2703 682 2748 :
701 2681 759 2748 Sic
777 2680 863 2747 dicit
877 2680 1014 2747 Pharao
1035 2703 1046 2747 :
1068 2685 1147 2750 Non
1168 2680 1211 2747 dc
1230 2681 1325 2748 vobis
1340 2681 1513 2772 paleas».

186 2793 249 2856 Pro
262 2803 345 2854 tutu
356 2791 447 2856 LXX
458 2788 511 2855 uti
525 2812 558 2855 a.
576 2794 617 2855 13
631 2802 726 2859 ituit,
741 2800 775 2854 et
785 2787 967 2876 urqebant.
980 2810 1014 2853 v,
1032 2794 1071 2854 11
1088 2815 1104 2849 α
1119 2790 1169 2854 lte
1188 2801 1220 2854 et
1231 2787 1397 2876 colliqite,
1408 2788 1518 2854 siccati

186 2894 340 2962 invertire
349 2893 530 2985 poteritis,·
547 2917 608 2961 nec
628 2895 803 2960 minuetur
821 2893 1016 2984 quidquam
1035 2893 1077 2960 de
1096 2917 1195 2983 apere
1210 2906 1317 2961 cestro
1338 2922 1371 2960 ».
1388 2893 1490 2962 Hebe.
1505 2916 1518 2958 .·

189 3002 354 3092 quoniam
373 3001 464 3068 nilul
481 3000 657 3068 minuetur·
671 3013 733 3068 etc.
750 3006 815 3067 Hoc
831 3016 870 3073 ²2,
882 3000 1059 3089 inquiunt,
1075 3022 1144 3066 non
1160 3000 1218 3067 dat
1232 3002 1400 3068 rationem
1416 3023 1515 3092 prae-

188 3108 401 3191 cedentium3
416 3131 501 3195 ergo
515 3097 639 3197 supple
652 3135 668 3169 «
683 3108 838 3174 festinate
852 3134 867 3167 n
888 3106 1051 3195 (Roscii),
1065 3107 1119 3173 vel
1133 3133 1150 3169 «
1164 3107 1271 3173 nolite
1282 3113 1404 3197 putare
1419 3107 1517 3174 vobis

186 3217 256 3282 iarn
270 3215 384 3281 minus
398 3238 486 3304 opus
498 3215 569 3281 lore
582 3213 832 3303 perficiendum
848 3241 864 3275 »
882 3213 1049 3303 (Dillnt.);
1068 3212 1128 3303 qui
1143 3219 1262 3280 auctor
1273 3218 1389 3280 tamen
1403 3214 1517 3280 statim

190 3321 338 3388 deflectit
349 3321 394 3388 ad
415 3322 663 3404 coniecturam,
681 3321 884 3387 sententiam
907 3320 1081 3386 causalem
1102 3341 1173 3386 esse
1188 3326 1369 3387 centonem
1388 3342 1429 3385 ex
1448 3321 1517 3386 alio
1736 3398 1738 3403 Ι

190 3428 396 3496 documento
425 3431 587 3495 assutum.
611 3427 786 3496 Facillime
814 3426 935 3493 solutio
964 3430 1030 3507 est,
1055 3449 1133 3493 cum
1159 3432 1330 3494 exactores
1360 3432 1517 3515 repetant

188 3533 388 3601 mandatum
399 3533 502 3617 idem,
518 3531 611 3624 quod
626 3534 727 3602 modo
739 3533 870 3599 Pharao
881 3533 1179 3622 pronuntiaverat,
1195 3540 1369 3601 auctorem
1381 3555 1516 3600 sacrum

190 3640 375 3728 indulgere
394 3639 640 3728 brachylogiue
659 3640 806 3708 cuidam.
822 3661 853 3704 u.
879 3645 920 3705 tn
938 3667 953 3699 α
967 3639 1210 3728 Dispersusque
1228 3653 1279 3706 est
1290 3640 1444 3730 populus
1453 3662 1517 3729 per·

194 3769 327 3814 omnem
352 3760 476 3813 temam
498 3745 649 3837 Aeqqpti
666 3773 696 3828 u,
717 3767 785 3811 nou
804 3768 886 3814 sane
906 3767 1043 3812 omnem
1068 3746 1225 3829 omnino,
1244 3745 1294 3812 uti
1315 3746 1388 3813 vult
1411 3749 1513 3831 Tost,

195 3881 210 3915 u
230 3853 278 3920 ad
288 3851 500 3942 nullipendas
508 3851 632 3942 paleas
649 3880 678 3918 o.
695 3875 729 3919 v.
749 3859 788 3919 13
805 3881 821 3914 u
843 3852 1016 3941 Praefecti
1031 3874 1165 3942 quoque
1181 3875 1320 3943 opertam
1343 3852 1517 3918 instabant

197 3959 345 4027 dicentes
362 3981 374 4024 :
391 3960 561 4049 Corripiete
583 3981 667 4049 opus
689 3971 835 4024 cestrum
854 3957 1007 4048 quotidie
1031 3986 1059 4038 o,
1086 3981 1157 4025 rem
1177 3958 1248 4025 diei
1269 3958 1324 4026 die
1338 3980 1415 4045 suo,
1439 3986 1455 4019 «
1482 3971 1520 4023 ut

184 4065 286 4157 prius
303 4070 423 4157 facere
444 4065 617 4148 solebatis,
641 4063 779 4154 quando
800 4062 973 4131 dabuntur
990 4063 1085 4130 uobis
1098 4064 1224 4154 paleae
1245 4095 1276 4132 s.
1300 4067 1402 4133 Hebe.
1422 4080 1518 4130 ullu:

193 4187 288 4264 rann,
306 4172 431 4263 quibus
446 4173 586 4239 vocibus
602 4174 696 4240 Sam.
718 4171 875 4238 additum
895 4170 1000 4237 habet
1016 4159 1074 4235 mi
1091 4185 1155 4262 qm.
1173 4194 1278 4260 quam
1292 4173 1436 4239 eandem
1448 4174 1520 4238 lor-

188 4286 275 4347 tasse
290 4278 472 4346 lectionem
485 4279 718 4368 sequebantur
737 4279 836 4367 Vulq.
855 4281 946 4344 LXX
957 4279 1035 4365 Syr.
1056 4277 1176 4345 Chald.
1194 4300 1225 4345 v.
1246 4285 1286 4346 u
1307 4306 1324 4341 «
1343 4278 1480 4367 Flaqell
1502 4316 1518 4329 -

191 4387 284 4476 tique
310 4399 406 4470 sunt,
432 4385 492 4476 qui
511 4397 699 4476 praeerant
724 4385 878 4475 operibus
904 4383 1059 4474 filiarum
1087 4384 1209 4465 lsrael,
1232 4387 1275 4452 ab
1305 4386 1519 4452 correctoribus

191 4493 384 4560 Pharaonis
408 4491 596 4560 dicentibus
619 4513 632 4557 .·
652 4496 764 4573 Qttare
783 4513 852 4557 non
876 4490 1024 4580 impletis
1046 4513 1242 4558 mensuram
1265 4491 1411 4559 laterum
1434 4493 1520 4559 st'cut

186 4601 303 4690 prius,
317 4621 378 4666 nec
394 4599 475 4679 lteri,
495 4623 555 4666 nec
568 4598 690 4666 bodie?
708 4626 723 4659 u
739 4597 869 4665 Clarius
886 4622 893 4665 ε
912 4620 1022 4687 neque
1033 4598 1293 4683 nudiustertius,
1309 4622 1419 4688 neque
1431 4599 1515 4681 lieri,

190 4729 301 4796 neque
316 4705 428 4773 bodie.
444 4711 518 4772 Non
528 4705 640 4795 primo
653 4705 757 4783 illico,
774 4704 833 4771 sed
848 4703 946 4770 tertio
959 4704 1014 4771 die
1023 4704 1110 4772 haec
1120 4705 1388 4791 flagellatiofieri
1400 4711 1521 4793 coepta

193 4819 256 4882 est.
276 4812 476 4882 Huiusmodi
498 4812 734 4902 operariorum
750 4811 1000 4897 flagellationes
1019 4809 1169 4901 depictas
1183 4810 1290 4878 habes
1307 4810 1400 4901 apud
1426 4811 1519 4899 th,
