3534 5384
676 424 818 469 NOVORUH
839 422 996 469 SACRORUM
1018 422 1205 467 lusrlrtrlo.

419 562 449 611 ii
526 582 559 605 =
577 562 659 622 3831]
673 588 708 597 -
723 562 829 625 paxilli.

417 649 503 700 tt-al
525 671 556 693 =
574 650 671 710 38,l-i
683 677 719 686 -
734 650 823 700 aliare
843 650 1085 706 holocaustorum,
1098 648 1172 712 quod
1193 647 1350 697 conlectum
1370 647 1500 698 scribitur
1514 661 1530 698 e
1544 649 1608 699 thu-

614 739 713 789 ribulis
727 738 859 789 factionis
874 736 961 799 Cere,
978 738 1106 788 similiter
1121 742 1205 801 atque
1221 736 1329 786 labrum
1344 748 1463 787 aeneum
1478 736 1608 787 coniicia-

617 828 699 879 hatur
712 842 729 877 e
743 828 866 891 speculis
878 826 1037 878 mulierum.

422 918 455 967 ‘25
531 937 563 959 =
580 916 662 977 37,‘29
676 944 712 955 -
727 918 820 967 oleum
834 921 863 966 et
876 917 1043 979 thymiama.

418 1004 453 1056 te
528 1021 563 1053 =
580 1005 643 1066 38‚8
656 1032 686 1043 -
706 1006 814 1055 labrum
826 1016 958 1055 aeneum.

419 1094 453 1144 30
467 1108 511 1158 sq.
526 1115 562 1137 =
578 1093 660 1154 l0,30
674 1108 717 1157 sq.
733 1091 778 1158 (19
793 1090 848 1161 sq.)
862 1093 945 1145 -de
964 1106 1016 1142 usu
1036 1091 1162 1143 eiusdem
1181 1092 1265 1154 labrl;
1281 1093 1334 1143 hos
1346 1104 1445 1143 versus
1465 1092 1529 1141 111
1541 1104 1605 1155 cap.

615 1182 648 1233 40
663 1194 721 1232 non
735 1184 875 1246 repetunt.

386 1271 503 1331 eal-10
541 1292 572 1315 =
588 1271 712 1332 esai-31
730 1298 766 1307 —
780 1277 943 1335 computus,
960 1272 1039 1321 cuius
1053 1271 1152 1321 titulus
1166 1282 1252 1333 supra
1266 1270 1432 1321 habebatur.

418 1360 446 1409 11
535 1380 567 1403 =
584 1360 662 1419 ‘itii
680 1358 734 1425 (31)
752 1387 788 1396 -
808 1359 930 1410 lormula
949 1359 1119 1410 concludens
1140 1360 1331 1409 narrationem
1352 1359 1493 1408 variarum
1514 1370 1607 1409 rerum

610 1447 813 1499 coniecturum.

419 1538 451 1589 12
464 1552 508 1603 sq.
523 1560 560 1581 =
574 1538 645 1589 nulll
660 1539 749 1588 textui
764 1537 932 1602 respondet·
952 1537 1020 1601 quid
1042 1536 1078 1587 de
1100 1534 1207 1599 reliquo
1221 1548 1305 1597 auro,
1329 1548 1453 1600 purpura
1466 1540 1520 1587 ete.
1544 1548 1608 1586 oon-

610 1628 715 1677 iectum
729 1627 781 1686 sit,
797 1630 920 1677 enarrat.

418 1715 500 1767 lt-ta
522 1737 553 1758 =
570 1715 652 1776 ieet
667 1711 771 1783 (33)·11
786 1727 882 1766 -res
898 1714 988 1777 Moysi
998 1714 1110 1765 oblatae
1121 1716 1331 1775 enumerantur,
1346 1714 1396 1765 sed
1412 1713 1510 1764 ordine
1522 1713 1608 1775 pluri·

439 1859 442 1863 ,
612 1816 689 1854 mum
703 1803 825 1854 diverso.

309 1893 397 1944 Porro
408 1905 444 1944 ax
457 1894 511 1943 hoc
525 1896 679 1956 conspectu
692 1891 774 1943 facile
788 1893 951 1955 colligitur:

311 1981 336 2047 1)
355 1984 544 2033 narrationem
563 1981 638 2032 Lxx
655 1994 673 2031 a
689 1982 861 2045 reliquorum
878 1982 1041 2031 narratione
1058 1981 1207 2043 plurimum
1228 1979 1354 2041 diiierrc,
1369 1982 1438 2044 quin
1453 1980 1548 2030 tamen
1564 1978 1610 2027 in·

273 2072 368 2124 didam
381 2076 518 2135 sequatur
532 2071 586 2120 hac
601 2082 663 2121 csse
675 2072 769 2121 minus
783 2070 921 2133 genuina;
1260 2120 1262 2131 ξ

310 2157 336 2227 i)
351 2161 541 2210 narrationem
556 2158 632 2209 Lxx
644 2171 707 2210 asse
721 2158 811 2209 multo
832 2158 989 2208 breviorem
1006 2170 1012 2205 :
1030 2160 1058 2207 at
1072 2170 1129 2208 non
1144 2158 1209 2208 hinc
1228 2158 1354 2222 sequitur
1372 2170 1435 2209 esse
1450 2170 1466 2209 e
1480 2157 1609 2221 longiore

273 2250 434 2299 narratione
446 2247 625 2309 abbreviata,
642 2260 706 2297 curn
719 2249 845 2311 potuerit
858 2246 970 2297 brevior
982 2246 1111 2311 primitus
1126 2249 1250 2297 narratio
1264 2246 1442 2311 postmodum
1453 2248 1482 2296 ln
1497 2245 1610 2309 longio-

273 2348 333 2387 rem
347 2338 376 2386 et
388 2335 625 2399 praecedentibus
638 2336 811 2386 adamussim
827 2338 1030 2385 consonantem
1046 2334 1163 2385 lormam
1179 2335 1304 2399 produci.

310 2422 337 2489 3)
353 2424 429 2474 Ordo
444 2424 614 2474 narrationls
626 2424 701 2487 apud
719 2422 795 2474 Lxx
814 2424 967 2473 universim
987 2424 1131 2485 spectatus
1149 2423 1259 2474 videtur
1278 2436 1341 2475 esse
1362 2424 1422 2485 hle,
1438 2428 1469 2473 ut
1488 2424 1608 2486 primum

274 2515 474 2563 recenseantur
497 2524 584 2576 opera
606 2514 716 2563 textilia
736 2514 841 2575 (vastes
859 2523 973 2572 sacrae,
994 2512 1096 2576 tapeti,
1110 2512 1188 2574 vela,
1209 2510 1336 2579 atrium),
1353 2511 1418 2563 dein
1439 2510 1608 2563 metallina:

274 2600 388 2651 tandem
403 2600 593 2664 subiungatur
606 2602 754 2664 computus
766 2599 942 2663 traditaeque
957 2599 1113 2651 relerentur
1127 2614 1173 2651 res
1187 2602 1286 2665 Moysi.

311 2688 336 2752 1)
353 2689 487 2741 Ordinem
501 2690 672 2740 narrationis
686 2690 760 2741 Lxx
775 2702 832 2739 non
847 2701 910 2740 csse
926 2690 1094 2753 genuinum,
1111 2690 1260 2753 sequentia
1273 2690 1414 2740 suadent:

311 2774 338 2845 a)
350 2780 474 2828 narratio
492 2780 531 2828 lta
545 2780 588 2829 est
602 2778 782 2839 detruncata,
799 2780 831 2828 ut
844 2778 959 2828 maximi
978 2779 1114 2828 momenti
1132 2778 1226 2842 aliqua
1240 2777 1435 2828 desiderentur
1452 2792 1458 2827 :
1476 2778 1609 2828 taberna·

274 2868 331 2918 culi
345 2869 484 2918 structura
500 2865 547 2933 (ol.
564 2864 718 2934 earu-m),
735 2868 832 2917 altaria
846 2866 1038 2929 thymiamatis
1053 2864 1096 2933 tol.
1115 2864 1256 2931 elul-28)
1275 2871 1303 2917 et
1318 2866 1546 2917 holocaustorum
1561 2865 1608 2929 [cl.

276 2956 399 3022 38‚l-l);

310 3043 340 3109 bl
355 3047 480 3109 computi
499 3044 599 3096 titulus
617 3044 692 3109 apud
713 3044 789 3095 Lxx
810 3044 1029 3107 deprehenditur
1051 3046 1176 3094 extremo
1195 3057 1257 3107 cap.
1275 3043 1318 3104 37,
1335 3044 1370 3094 ab
1393 3044 1454 3109 ipso
1477 3054 1609 3109 computo

275 3132 422 3198 separatus
436 3148 443 3182 :
457 3135 537 3185 culus
550 3132 617 3183 iacti
631 3133 687 3183 alia
701 3134 773 3183 ratio
787 3131 857 3196 fingi
871 3134 983 3197 nequit,
998 3134 1052 3183 uisi
1071 3132 1184 3183 titulum
1202 3134 1332 3196 primitus
1346 3144 1409 3183 curn
1423 3132 1610 3196 praecedente

275 3224 427 3275 constructi
441 3223 507 3273 atrii
520 3222 682 3273 narratione
696 3220 784 3272 luisse
796 3234 954 3273 connexum
969 3223 997 3272 et
1011 3222 1047 3271 ab
1062 3234 1110 3280 eo,
1129 3222 1179 3284 qui
1197 3222 1367 3272 narrationls
1381 3224 1476 3285 partes
1490 3222 1608 3273 disicet·-

276 3311 326 3371 rit,
341 3311 550 3362 inadvertenter
564 3308 600 3360 ab
614 3310 662 3360 illa
676 3322 734 3360 nou
747 3309 834 3361 luisse
846 3311 1015 3371 emunctam,
1029 3310 1097 3359 dum
1111 3310 1171 3374 lpse
1186 3311 1334 3373 computus
1348 3310 1404 3360 allo
1419 3310 1606 3374 relegebatur.

312 3399 336 3463 cl
352 3400 410 3450 Aes
424 3399 630 3449 thuribulorum
647 3398 778 3449 laetionls
796 3398 869 3450 (lore
887 3398 1001 3448 nonnisi
1020 3399 1111 3449 serlus
1126 3396 1221 3463 (Num.
1238 3397 1317 3459 16,31
1338 3396 1413 3463 sqq.)
1430 3400 1512 3450 altari
1526 3398 1607 3448 adhi-

277 3487 366 3539 bitum
380 3492 424 3538 est
431 3500 439 3549 ;
451 3490 527 3538 certe
540 3500 597 3537 non
609 3490 700 3537 totum
711 3488 800 3538 altare
815 3500 850 3539 ex
863 3499 929 3539 acre
945 3486 1150 3537 thuribulorum
1163 3485 1341 3538 tundebatur.

313 3575 342 3643 d)
359 3576 432 3628 Sunt
446 3576 503 3626 alia
515 3578 640 3636 minora,
656 3576 706 3626 sed
720 3589 793 3640 quae
807 3576 951 3640 scriptoria
965 3576 1167 3639 negligentiam
1182 3574 1312 3639 prodant.

737 3801 762 3833 α.
779 3784 959 3833 Habitaoulum
972 3784 1020 3831 Ex.
1040 3787 1145 3845 ete-le.

321 3989 353 4031 v.
375 3972 395 4034 8
411 3992 426 4026 u
442 3968 675 4053 Feceruntque
686 3984 802 4031 omnes
817 3960 919 4030 corde
931 3963 1101 4053 sapientes
1114 3962 1162 4029 ud
1175 3962 1383 4054 explendum
1397 3986 1483 4055 optes
1499 3968 1608 4031 laber-

276 4073 395 4140 naculi
409 4100 440 4154 »,
466 4110 511 4121 -
533 4070 592 4138 sed
612 4071 714 4137 Hebr.
732 4070 783 4136 uti
803 4076 881 4151 ae‚1
909 4068 1166 4155 habitaculum
1180 4092 1221 4136 ac
1244 4070 1322 4136 dein
1347 4071 1392 4137 ad
1418 4070 1607 4138 habitaculi

275 4184 408 4270 partes,
426 4184 460 4245 ei
469 4177 622 4268 primum
636 4176 777 4267 quidem
793 4177 942 4243 cortinas
956 4176 1228 4243 descenditur-
1244 4205 1260 4239 «
1278 4177 1425 4243 cortinas
1438 4176 1553 4244 decem
1567 4176 1608 4243 de

277 4288 375 4375 bysso
390 4296 518 4351 retorta
532 4295 565 4351 et
578 4282 765 4373 hyacintho
779 4296 812 4349 et
822 4302 1001 4373 prinpum,
1020 4304 1185 4371 coccoque
1201 4282 1251 4349 bis
1264 4283 1382 4368 tincto,
1398 4305 1497 4373 opere
1511 4284 1609 4351 vario

276 4405 309 4459 ct
322 4390 580 4483 artepolymita
599 4418 629 4457 n.
645 4413 678 4456 v,
698 4396 718 4456 a
741 4417 756 4451 α
779 4392 933 4470 Quorum
954 4412 1024 4455 rom
1036 4389 1181 4456 habebat
1195 4389 1231 4455 in
1245 4388 1463 4480 lonqitudinc
1482 4388 1612 4480 viqinh'

275 4510 349 4566 'octo
363 4497 507 4582 creditos,
525 4509 559 4563 ei
572 4496 609 4563 in
623 4495 811 4563 latitudine
829 4508 995 4586 quatuor;
1013 4519 1083 4563 rino
1095 4518 1257 4564 meiasura
1272 4508 1345 4563 crat
1363 4496 1519 4564 omnium
1537 4519 1610 4563 cor·-

275 4606 478 4673 einamma».
499 4628 533 4671 v.
553 4611 593 4671 10
616 4631 632 4665 ι(
655 4602 912 4693 Goniiraaitque
927 4602 1077 4670 cortinas
1098 4603 1254 4693 quinque
1275 4605 1420 4671 alteram
1439 4602 1559 4683 alter-i,
1576 4616 1609 4670 ei

274 4713 364 4782 alias
376 4712 531 4804 quinque
545 4709 612 4777 sibi
625 4708 769 4777 inuicem
784 4708 956 4800 coprdurit
976 4736 1006 4776 a.
1025 4711 1073 4776 cl.
1091 4716 1183 4794 26‚3.
1197 4734 1229 4776 v.
1252 4717 1290 4777 11
1310 4738 1326 4773 «
1343 4710 1439 4777 Fecit
1455 4723 1488 4777 et
1503 4732 1605 4777 ansas

274 4819 519 4909 hyacinthinas
529 4816 567 4885 ia
576 4838 638 4885 ora
651 4816 803 4884 cortinae
814 4816 918 4883 unius
930 4838 973 4886 ca
983 4829 1128 4907 utroque
1142 4816 1265 4904 lutere,
1281 4829 1314 4885 et
1328 4817 1438 4886 incra
1455 4816 1610 4885 corbana
