3534 5384
752 421 802 464 aa.
826 406 917 478 19,16
940 421 984 472 so.

491 643 527 690 11.
540 643 770 720 'ennaremus
786 643 1015 691 nasceremur
1031 645 1076 692 ux.
1096 647 1255 704 nasequ.

495 800 526 859 1.
556 793 793 884 Tbcopbuniac
817 794 959 861 initium
985 799 1040 862 Fu.
1070 801 1243 878 rure-aa.

249 964 333 1051 dep.
348 1001 391 1012 -
405 963 464 1028 Dei
474 961 668 1052 praesentia
683 963 922 1030 manifestatur
936 963 1079 1044 tonitru,
1093 965 1254 1054 clangore
1268 971 1301 1034 et
1316 968 1423 1036 fumo.
1437 971 1534 1038 lubet

204 1075 306 1152 Mem,
322 1091 366 1135 ne
381 1069 505 1155 vulgus
519 1068 556 1134 in
575 1069 704 1136 nubem
723 1074 894 1159 penetret,
912 1069 1104 1137 sacerdotes
1123 1093 1204 1138 vero
1224 1079 1277 1155 ut,
1300 1080 1484 1164 antequam
1500 1077 1536 1143 id

203 1175 341 1256 faciant,
358 1174 541 1265 specialius
552 1175 817 1242 sanctificentur.
829 1180 953 1242 Tamen
964 1198 1075 1266 nequa
1085 1177 1209 1264 vulgus
1223 1202 1334 1268 neque
1343 1181 1536 1250 sacerdotes

203 1281 294 1349 ultra
308 1281 472 1348 terminos
489 1281 777 1372 progrediuntur3
795 1283 855 1350 sed
875 1286 1002 1370 Moyses
1016 1283 1061 1350 ad
1081 1283 1209 1352 lahven
1226 1285 1336 1353 defert
1350 1289 1536 1356 excusatio-

203 1410 282 1455 nem
299 1388 467 1477 aliquam,
493 1389 591 1477 quasi
611 1388 637 1454 is
658 1410 691 1454 v.
709 1393 750 1454 tt
771 1410 822 1478 sq.
843 1409 912 1454 non
926 1411 989 1477 pro
1005 1389 1077 1456 solo
1092 1391 1206 1458 triduo
1225 1393 1381 1481 praevio,
1399 1393 1460 1461 sed
1472 1419 1535 1485 pro

204 1494 279 1584 ipsa
300 1494 384 1561 item
402 1494 617 1584 theophania
631 1494 878 1583 prohibuisset,
898 1517 941 1560 ne
957 1496 1032 1585 quis
1047 1497 1211 1564 terminos
1224 1500 1533 1586 transgrederetur.

203 1606 306 1680 Quam
330 1603 578 1669 excusationem
600 1601 703 1668 tahve
724 1600 811 1667 nihil
835 1608 955 1668 eontra
983 1603 1100 1670 dicens
1126 1603 1291 1684 admittit,
1316 1610 1387 1672 tam
1411 1606 1536 1695 vulgus

204 1730 307 1797 quam
330 1706 522 1776 sacerdotes
544 1708 636 1774 intra
659 1709 824 1774 terminos
847 1730 882 1774 se
904 1708 1079 1777 continere
1101 1708 1215 1790 iubet,
1239 1710 1330 1776 solos
1348 1716 1480 1800 Moysen
1503 1722 1535 1780 ot

149 1843 153 1850 ·
175 1840 177 1843 ·
204 1819 316 1881 Aaron
329 1813 494 1881 terminos
508 1812 720 1900 transgredi,
738 1814 849 1880 solum
865 1818 1001 1902 Moysen
1020 1815 1073 1899 (ct.
1092 1814 1185 1904 (Μ)
1200 1816 1329 1883 nubem
1344 1818 1483 1886 intrare.

246 1943 279 1986 v.
302 1927 341 1986 m
369 1949 384 1981 «
405 1922 546 2010 lamque
567 1919 754 1986 advenerat
774 1921 891 1987 tertius
914 1920 986 1987 dies
1009 1933 1042 1986 ct
1061 1943 1161 1988 murac
1187 1921 1398 1990 inclaruerat
1422 1953 1452 2007 »‚
1473 1932 1535 1993 He-

200 2027 315 2094 braeis
327 2046 448 2093 somno
460 2026 574 2094 adhuc
587 2027 755 2117 oppressis
768 2026 900 2115 (Ta.u.),
918 2053 934 2086 u
951 2038 982 2092 cr
1000 2027 1091 2114 [cccc
1106 2041 1290 2117 coeperunt
1302 2027 1430 2116 audiri]
1446 2032 1534 2097 toui-

203 2147 295 2218 rrua,
313 2155 354 2201 ac
368 2132 520 2219 [micare]
532 2132 696 2222 fulqrrra,
714 2144 746 2198 et
760 2135 865 2198 nubes
880 2131 1082 2200 ciensissima
1095 2133 1252 2224 [operire]
1267 2147 1424 2224 amntem,
1442 2138 1534 2204 clau·

201 2263 333 2331 (larque
354 2239 518 2307 buccinae
544 2238 777 2306 veliementius
796 2241 1052 2330 [perstrepebat]
1076 2261 1110 2320 »3
1131 2267 1147 2300 u
1168 2262 1239 2307 non
1264 2241 1357 2330 quod
1379 2241 1431 2310 ibi
1450 2251 1534 2311 esset

202 2349 320 2436 aliqua
335 2339 481 2414 buccina
499 2345 594 2426 talis,
612 2344 750 2435 qualem
769 2368 832 2412 nos
848 2345 1034 2426 habemuS,
1052 2344 1112 2412 sed
1133 2347 1276 2414 sonabat
1293 2347 1343 2413 ibi
1359 2351 1531 2433 scutalia,

203 2454 312 2543 quatis
326 2453 363 2519 in
375 2451 529 2520 buccinis
542 2452 672 2519 nostris
681 2451 851 2518 formatur
864 2478 881 2512 u
900 2453 1032 2540 (Tora).
1051 2453 1112 2529 Qui
1127 2473 1230 2520 sonus
1244 2453 1380 2521 videtur
1395 2457 1534 2523 omnino

202 2560 303 2627 luisse
317 2565 548 2649 portentosas,
571 2579 685 2647 neque
706 2580 784 2624 cum
807 2560 913 2624 libers
937 2580 973 2647 p.
999 2564 1060 2624 t31
1079 2580 1156 2648 sqq.
1174 2582 1214 2626 ex
1231 2559 1302 2626 solo
1324 2564 1533 2651 tempestatis

201 2667 318 2752 rugitu
340 2665 449 2753 repeti
470 2669 595 2754 potest.
619 2691 635 2725 u
656 2667 701 2730 Er
720 2663 837 2730 timuit
848 2663 1011 2754 populus,
1030 2663 1181 2754 quierat
1201 2665 1237 2732 iu
1253 2666 1373 2733 castris
1391 2697 1420 2736 o.
1439 2692 1472 2735 v.
1491 2676 1532 2735 17

203 2802 218 2833 u
241 2773 393 2861 Cumque
411 2770 585 2838 ademisset
604 2792 659 2838 cos
679 2772 812 2856 Moyses
832 2769 869 2836 in
890 2793 1067 2837 occursum
1086 2771 1150 2837 Dei
1170 2773 1210 2838 de
1233 2772 1305 2840 loco
1325 2785 1529 2860 castrorum,

200 2891 365 2945 steterunt
383 2878 434 2944 ad
450 2877 585 2944 radices
605 2877 732 2944 neentis
754 2904 783 2956 »,
813 2876 905 2944 intra
924 2877 1101 2960 terminos
1125 2877 1216 2966 quod
1237 2884 1331 2967 patet
1354 2903 1445 2948 exv.
1468 2887 1528 2962 233

202 3014 218 3044 u
234 2989 402 3053 steterunt
415 2985 536 3074 procul
549 3013 564 3044 »
580 2989 696 3064 20,18.
714 2988 773 3064 ‘21;
792 2988 907 3064 auu.
928 3007 959 3048 v.
980 2990 1020 3052 18
1038 3011 1053 3046 u
1073 2986 1099 3049 Τ
1099 2995 1174 3050 otiu
1188 2996 1302 3052 aretem
1320 3009 1417 3052 errans
1431 2987 1532 3056 Sinai

198 3091 372 3182 fumabat,
388 3113 426 3157 eo
441 3090 536 3180 quod
548 3088 776 3156 descendisset
789 3089 955 3156 Dominus
969 3112 1072 3180 super
1086 3113 1164 3156 cum
1177 3089 1214 3156 in
1229 3091 1309 3180 ique
1326 3120 1340 3151 »
1360 3091 1417 3182 (cf.
1434 3099 1529 3161 Dent.

202 3205 299 3279 e,11;
319 3199 430 3286 333),
452 3226 469 3259 u
494 3195 740 3263 reascenderet
758 3196 879 3282 frameis
902 3219 944 3262 ca
969 3219 1006 3262 ec
1026 3196 1127 3286 quasi
1144 3196 1184 3264 de
1207 3197 1371 3286 fornace;
1394 3213 1531 3290 cratque

202 3304 313 3371 omnis
328 3326 426 3372 maru
448 3302 609 3370 terribilis
633 3332 662 3369 ».
686 3308 769 3370 Cum
787 3304 958 3390 expressio
978 3304 1098 3370 similis
1113 3303 1156 3370 sit
1171 3303 1257 3386 eins,
1276 3327 1363 3395 quae
1381 3310 1530 3374 extremo

199 3435 232 3478 v.
250 3419 290 3479 16
308 3411 466 3492 habetur,
486 3414 580 3477 LXX
591 3410 695 3476 etiam
709 3407 766 3475 hic
782 3424 848 3477 nan
859 3409 1228 3500 substituuntpromn,
1245 3410 1305 3478 sed
1324 3415 1527 3481 vertendum

201 3525 271 3587 est:
289 3529 322 3585 et
338 3516 542 3585 contremuit
557 3529 753 3583 lacrumans
765 3514 876 3583 ualde.
895 3539 927 3582 v.
948 3523 988 3584 19
1003 3545 1017 3578 u
1035 3516 1215 3582 Elsonitus
1229 3518 1391 3586 buccinae
1399 3521 1529 3609 paula-

199 3627 261 3691 tim
280 3627 446 3692 crescebat
465 3624 502 3690 in
516 3623 644 3706 maius,
667 3623 717 3710 [et
728 3622 901 3712 pralr'az'us
917 3621 1141 3710 tendebauu·].
1157 3625 1292 3712 Moyses
1310 3625 1523 3714 loquebatur,

199 3743 231 3798 cl
246 3736 334 3799 Deus
346 3728 571 3820 respondebat
585 3730 618 3796 ei
631 3756 648 3794 s
667 3768 710 3778 -
724 3718 799 3822 'ripn
812 3728 945 3796 addunt
958 3734 1066 3795 textus
1079 3729 1206 3819 reliqui
1218 3751 1345 3797 omnes.
1363 3737 1452 3809 Quae
1465 3745 1527 3799 vox

198 3839 302 3906 etiam
326 3839 411 3905 verti
426 3842 537 3926 potest
556 3860 564 3902 ε
584 3837 621 3902 in
636 3835 778 3903 tonitru.
799 3841 925 3902 Tamen
946 3837 1118 3902 versiones
1136 3835 1420 3922 significationem
1436 3840 1525 3904 vocis

196 3944 405 4035 praetulere,
427 3942 661 4032 intelligitque
680 3946 737 4010 Ps.
755 3944 830 4008 lou.
855 3968 872 4004 «
897 3963 1016 4009 vocam
1035 3941 1221 4009 iucundam
1242 3970 1271 4026 »,
1290 3942 1349 4009 alii
1372 3973 1387 4004 «
1406 3967 1522 4010 vocem

197 4050 390 4120 sensibilem
414 4079 444 4133 o,
469 4072 539 4139 qua
560 4048 696 4117 excludi
714 4048 789 4116 Gai.
810 4053 924 4116 censet
943 4048 1183 4137 phantasmata
1204 4053 1237 4114 et
1257 4048 1417 4131 visioneS,
1440 4050 1523 4118 dnm

199 4160 329 4246 ltonsr,
343 4161 449 4234 Men„
470 4155 580 4224 Calm.
600 4177 719 4222 vocem
732 4154 1012 4244 interpretantur,
1029 4175 1118 4244 quae
1132 4179 1152 4222 a
1168 4157 1297 4245 populo
1315 4156 1428 4223 audiri
1445 4181 1523 4247 pos-

195 4270 260 4344 set;
285 4265 328 4330 cf.
343 4287 375 4329 v.
397 4269 429 4330 9.
446 4262 647 4352 Praeplaeet
667 4263 785 4328 sistere
799 4262 836 4327 in
856 4260 951 4328 nuda
970 4261 1120 4328 nominis
1140 4260 1390 4348 significatione
1416 4287 1424 4330 ε
1446 4287 1524 4331 uoce

196 4394 273 4454 seu,
293 4375 332 4436 ut
352 4375 527 4437 contextus
542 4368 657 4450 docet,
675 4390 753 4434 rore
769 4367 933 4434 bcrrnana.
950 4373 1021 4434 Duo
1036 4368 1073 4433 in
1093 4369 1158 4434 hae
1176 4369 1389 4457 theophania
1404 4372 1523 4460 populi

196 4477 383 4544 movebant
401 4475 664 4543 admirationem
686 4496 694 4541 ε
712 4479 887 4563 portenta,
904 4496 991 4563 quac
1011 4473 1163 4540 numinis
1183 4475 1394 4543 maiestatem
1412 4478 1523 4566 expri-

194 4583 346 4665 mebant,
363 4589 397 4649 et
411 4581 608 4662 affabilitas
628 4604 696 4670 qua
712 4586 846 4668 Moysen
860 4580 1092 4669 alloquentem
1107 4580 1305 4670 patiebatur
1322 4587 1408 4648 Deus
1423 4582 1522 4672 cique

194 4711 276 4756 voce
293 4691 448 4756 humana
467 4686 705 4776 respondebat.
725 4693 836 4766 Quare
850 4687 952 4754 ctiam
973 4685 1133 4754 scribitur
1149 4710 1217 4754 non
1233 4709 1359 4754 nomen
1376 4690 1432 4754 Dei
1446 4711 1522 4778 pro·

195 4797 311 4886 prium
325 4793 441 4879 labor,
462 4793 522 4861 sed
543 4815 670 4860 nomen
685 4799 830 4861 naturae
848 4797 939 4859 Deus
954 4815 966 4858 .·
983 4792 1067 4859 illud
1088 4794 1240 4882 proiecto
1254 4798 1328 4860 crat
1346 4794 1521 4874 mirabile,

593 4923 765 4959 uuuuautunn.
785 4937 816 4946 -
834 4923 859 4959 ru
876 4923 916 4958 nx.
937 4923 966 4956 ar
984 4921 1038 4957 reu.
1057 4935 1087 4942 —-
1106 4913 1133 4956 13
