3534 5384
247 424 286 482 21
804 433 1018 478 rurnenucrrc.

245 571 311 633 ulla
326 573 375 630 est
393 570 485 644 ratio,
502 569 623 630 curbis
637 567 787 629 omnibus
807 568 996 629 dirimendis
1014 567 1218 638 insudemus,
1236 584 1339 647 neque
1355 569 1387 628 id
1410 567 1580 647 quantavis

249 667 363 731 collata
377 684 438 747 cpe
453 667 581 728 efficere
597 665 752 727 valemus.

285 847 328 901 Gi.
351 861 423 912 quae
444 845 1006 908 aulas.12,t;la,lu;2l,la-se;1.ev.
1028 846 1140 906 5,1·13;
1163 846 1209 907 tt;
1233 846 1293 907 17,3
1318 849 1371 898 etc.
1393 847 1519 898 dicemus
1546 847 1580 897 de

247 935 435 1002 qrrarumdam
449 936 544 998 legum
558 935 624 986 stilo
638 936 809 985 eosretstieam
822 936 961 1000 sapiente.

291 1091 325 1155 C.
351 1090 502 1173 Tempora
520 1092 655 1153 mosaico
675 1091 894 1174 praemosaicis
913 1099 1107 1173 comparata.
1127 1091 1233 1152 Critici
1251 1091 1397 1153 moderni
1419 1091 1527 1172 plures
1549 1093 1581 1152 in

248 1193 303 1252 111.
321 1194 354 1251 61
370 1191 444 1251 Lev.
459 1190 645 1252 subodorati
667 1189 731 1250 stili
753 1189 997 1269 inaequalitates
1016 1207 1136 1268 easque
1155 1206 1267 1251 omnes
1286 1207 1304 1250 a
1325 1189 1484 1251 librorum
1504 1208 1583 1250 coor-

246 1286 401 1370 positione
414 1292 606 1366 repetentes,
617 1287 773 1349 librorum
783 1285 987 1367 explicationi
998 1287 1208 1366 praemittunt
1220 1287 1410 1348 eorumdem
1419 1284 1584 1368 decompo-

248 1385 406 1460 sitionem,
420 1390 517 1464 atquc
533 1403 570 1446 ea
583 1384 861 1464 decompositione
873 1384 1060 1447 dilabuntur
1073 1385 1112 1445 ad
1127 1384 1232 1446 thesin
1248 1383 1287 1445 de
1302 1382 1508 1446 Pentateeclii
1520 1384 1583 1445 ori-

248 1483 320 1564 9116
329 1482 548 1564 postmocaica.
560 1484 623 1543 Nos
635 1500 653 1544 a
665 1482 821 1543 librorum
834 1483 1045 1561 explicatione
1057 1482 1134 1555 orsi,
1146 1499 1281 1560 eamque
1295 1482 1452 1560 optimam
1466 1481 1584 1543 ducem

249 1582 311 1643 rati
331 1580 372 1640 ad
394 1596 505 1642 eorum
527 1579 657 1641 tandem
679 1580 777 1640 etiam
800 1581 1069 1658 compositionem
1091 1579 1317 1653 evolvendam,
1336 1597 1373 1641 ec
1394 1579 1586 1640 deducimur

250 1682 286 1739 at
305 1677 533 1739 modernorum
556 1677 639 1739 thesi
660 1676 766 1738 thesin
786 1694 988 1756 opponamus
1010 1676 1050 1738 de
1071 1676 1191 1757 origine
1209 1676 1427 1758 proemosoica
1445 1674 1584 1758 picarium

250 1773 456 1835 Pentateaclu'
466 1775 618 1855 partium.
630 1774 835 1853 Inaequalem
849 1773 1058 1835 concedimus
1074 1779 1226 1847 aetatem,
1241 1774 1398 1854 originem
1416 1775 1524 1852 Moyse
1538 1791 1586 1834 re-

250 1871 424 1934 centiorem
446 1872 621 1933 universim
642 1889 807 1951 negemus.
823 1871 894 1934 Stili
912 1889 988 1933 vero
1011 1872 1255 1950 inaequalitates
1276 1873 1303 1932 si
1325 1889 1407 1950 quae
1430 1889 1495 1932 non
1517 1877 1585 1934 stu-

252 1969 342 2031 diose
358 1971 509 2031 confictae
524 1971 559 2031 in
573 1969 644 2049 ipso
658 1973 745 2031 textu
761 1969 1051 2049 deprehendantur,
1068 1986 1120 2030 eas
1134 1968 1243 2048 potius
1256 1986 1353 2049 quam
1365 1969 1439 2030 libri
1452 1987 1586 2049 compo·

252 2067 377 2140 siticni,
394 2067 540 2129 eiusdem
555 2067 685 2128 vitiosae
698 2066 946 2148 praeservatioai
958 2067 1174 2128 attribuimus.

296 2277 383 2338 Ante
399 2276 530 2359 Moysen
553 2293 624 2338 nen
644 2277 719 2338 erat
733 2271 788 2337 lex
815 2292 823 2338 :
844 2270 912 2339 hcc
930 2275 964 2338 S.
992 2270 1090 2337 Pauli
1108 2270 1154 2337 ad
1174 2274 1343 2338 Romanos
1362 2271 1583 2362 principium.

253 2383 306 2445 Sc.
322 2398 392 2444 non
416 2382 490 2444 erat
512 2377 566 2444 lex
582 2375 704 2444 divino
712 2376 865 2467 positivo
879 2399 940 2444 seu
958 2376 1120 2445 revelata.
1138 2382 1245 2445 Erant
1264 2398 1395 2467 paucae
1415 2376 1586 2467 quaedam

254 2484 351 2571 leges
363 2482 501 2550 divinae
515 2482 741 2572 particulares
755 2490 999 2573 permanenter
1013 2482 1113 2550 datae
1130 2505 1138 2548 :
1156 2482 1345 2573 prohibitio
1359 2496 1436 2550 esus
1449 2485 1588 2571 sangui·

254 2591 307 2658 nis
326 2595 360 2657 et
375 2588 555 2656 homicidii
573 2588 757 2656 Noachidis
777 2590 956 2680 imposita,
972 2595 1006 2656 ct
1020 2589 1075 2656 lex
1093 2591 1363 2656 circumcisionis
1381 2585 1585 2656 abrahami-

254 2695 307 2763 dis
326 2696 417 2763 data.
437 2696 504 2763 Sed
519 2717 591 2763 aaa
604 2709 678 2762 erat
698 2707 847 2785 systema
868 2695 984 2786 layum
998 2695 1069 2762 sive
1083 2694 1240 2762 civilium
1254 2695 1324 2763 sioe
1344 2694 1588 2786 religiosorum

254 2807 366 2870 aDeo
389 2801 597 2870 revelatione
621 2802 826 2892 proiectum.
852 2804 952 2869 Ritus
977 2801 1158 2888 religiosos
1184 2801 1418 2892 patriarchae,
1441 2801 1586 2869 veritate

254 2909 403 2977 naturali
418 2915 452 2976 et
475 2909 625 2976 revelata
638 2909 877 2997 praelucente,
895 2907 961 2999 ipsi
977 2908 1207 2977 instituerant.
1229 2915 1316 2976 Deus
1333 2908 1486 2976 immisso
1505 2908 1588 2996 igne

254 3015 421 3084 sacrificia
440 3015 524 3082 Abel
544 3021 578 3084 et
596 3014 770 3082 Abraham
794 3015 888 3106 (Gen.
916 3021 989 3099 t,t;
1013 3016 1127 3104 15,1v)
1150 3015 1314 3104 probasse
1334 3014 1476 3104 quidem
1502 3013 1588 3102 legi-

255 3125 323 3205 tur,
349 3144 419 3189 non
449 3128 566 3190 tamen
591 3120 790 3201 instituisse
822 3125 903 3190 Gen.
934 3127 992 3205 73
1015 3120 1270 3188 distinctionem
1301 3121 1391 3188 inter
1423 3121 1588 3188 animalia

256 3227 388 3295 munda
401 3233 436 3294 et
450 3227 629 3295 immunda
644 3227 878 3310 confirmasse,
893 3249 965 3295 non
979 3227 1158 3296 invexisse.
1174 3233 1281 3314 Leges
1293 3227 1376 3295 item
1391 3227 1538 3295 morales
1555 3231 1589 3292 et
1656 3314 1662 3323 ·

254 3332 370 3402 civiles
383 3334 421 3400 in
440 3333 614 3423 primitiva
633 3333 695 3402 illa
712 3334 890 3424 republica
908 3355 987 3401 mcx
1000 3334 1192 3401 effloruere.
1210 3340 1295 3401 Dum
1317 3356 1399 3400 vero
1419 3334 1588 3421 cognitio·

257 3443 310 3508 nis
324 3447 396 3508 tam
410 3441 578 3509 naturalis
592 3462 696 3530 quam
710 3440 882 3508 revelatae
895 3439 1014 3507 lumen
1030 3438 1190 3507 homines
1202 3439 1375 3528 dirigebat
1387 3439 1432 3506 ad
1445 3439 1587 3522 benum,

256 3551 400 3614 naturae
414 3547 589 3636 corruptio
604 3569 661 3614 eos
670 3547 715 3614 ad
729 3547 813 3614 vitia
826 3554 861 3614 et
879 3545 1157 3636 superstitionem
1167 3553 1366 3614 constanter
1376 3544 1586 3636 pelliciebat.

258 3657 381 3721 Omnes
395 3675 477 3720 vero
496 3660 570 3720 tum
587 3660 706 3740 gentes
721 3651 1010 3740 ingrediebantur
1028 3653 1102 3720 vias
1117 3675 1195 3720 suas
1215 3655 1303 3743 (Act.
1325 3658 1452 3741 uas).
1471 3652 1590 3720 Adfuit

258 3761 399 3828 tandem
417 3766 569 3851 tempuS,
589 3782 658 3850 quo
682 3763 785 3849 stirps
803 3759 913 3827 electa
932 3766 966 3827 et
983 3761 1020 3827 in
1044 3781 1267 3828 numerosum
1281 3757 1450 3849 populum
1471 3757 1589 3827 adole-

257 3872 370 3949 verat,
394 3871 428 3933 et
447 3865 525 3956 ipsa
547 3867 619 3934 1616
637 3867 707 3933 iam
728 3867 874 3956 Aegypti
897 3865 1200 3956 superstitionibus
1221 3865 1484 3933 absorbebatur.
1501 3869 1590 3932 Tum

257 3977 342 4040 Deus
354 3974 504 4062 reliquas
519 3973 661 4063 quidem
675 3978 810 4060 gentes,
827 3973 877 4039 uti
893 3978 1010 4052 antea,
1029 4000 1046 4033 «
1064 3971 1193 4039 dimisit
1207 3971 1346 4058 ingredi
1361 3970 1435 4037 vias
1448 3993 1527 4038 suas
1549 4000 1587 4054 a,

257 4079 397 4168 stirpem
410 4101 491 4146 vero
508 4080 669 4162 electam,
690 4079 859 4169 populum
870 4079 988 4161 lsrael,
1003 4078 1155 4145 traduxit
1168 4078 1206 4145 in
1218 4077 1311 4145 oiom
1328 4076 1407 4161 Dei,
1426 4075 1507 4144 data
1519 4077 1592 4144 illis

258 4187 297 4251 in
312 4192 428 4253 monte
447 4186 541 4253 Sinai
557 4187 634 4273 lege
649 4184 901 4265 caerimoniali,
923 4184 1046 4252 morali
1061 4189 1094 4250 et
1107 4183 1214 4251 civili.

304 4295 395 4370 Quae
404 4314 507 4380 porro
522 4297 596 4359 erat
609 4291 681 4358 eius
696 4293 772 4358 viae
786 4291 845 4358 ltei
862 4290 906 4357 ad
922 4312 1015 4374 eam,
1031 4313 1120 4380 quae
1139 4296 1219 4357 ante
1234 4291 1362 4374 fuerat,
1379 4291 1468 4359 viam
1482 4297 1594 4358 lsrae-

257 4397 301 4464 lis
314 4402 348 4464 et
366 4396 470 4465 etiam
483 4397 656 4484 gentium,
679 4419 768 4487 quae
783 4396 871 4484 legis
886 4397 990 4466 lahve
1005 4397 1050 4464 ad
1061 4397 1176 4486 legem
1185 4396 1464 4487 patriarcharum
1479 4397 1590 4465 ratio?

261 4507 377 4570 Totum
398 4503 506 4592 legem
528 4503 736 4590 truaconem,
759 4503 873 4593 qualis
894 4503 1172 4594 patriarcharum
1191 4525 1276 4570 aevo
1296 4502 1334 4570 in
1350 4503 1457 4593 stirpe
1481 4504 1591 4572 electa

258 4609 468 4700 pedetentim
488 4610 701 4692 effloruerat,
724 4609 825 4677 lahve
847 4632 911 4699 per
928 4615 1077 4698 Moysen,
1099 4609 1161 4676 ubi
1180 4631 1268 4700 opus
1287 4614 1372 4676 esset
1388 4616 1591 4699 purgatam,

259 4722 448 4785 correctam
467 4723 500 4784 et
519 4722 671 4798 auctam,
686 4738 783 4784 cotom
792 4717 878 4804 fecit
886 4768 897 4800 ,
912 4715 1026 4802 sigillo
1042 4715 1095 4782 sui
1109 4716 1261 4784 nominis
1276 4716 1483 4802 obsignavit.
1498 4723 1593 4807 Aper

260 4824 335 4890 aevi
356 4824 633 4915 patriarcharum
664 4829 713 4891 est
739 4845 862 4890 aevum
887 4823 1087 4891 mosaicum.
1122 4825 1155 4890 Si
1182 4824 1335 4914 quaeris,
1366 4823 1494 4912 quibus
1519 4823 1594 4890 1616
