3534 5384
746 431 813 476 mv.
837 417 909 486 boa
932 432 998 485 sou.
1481 417 1540 476 537

208 565 290 633 ralis
311 564 423 632 solum
441 564 589 630 habetur
607 572 622 631 1
648 563 743 632 Esdr.
763 571 853 647 10,9.
874 571 927 648 13,
950 563 1011 655 qui
1029 563 1099 631 duo
1118 586 1236 631 versus
1255 586 1365 638 unum
1384 563 1542 632 efficiunt

208 671 454 740 testimonium.
481 670 625 737 Pluralis
645 673 681 738 h.
703 671 727 737 l.
756 672 949 762 explicatur
972 691 1051 738 cum
1074 692 1092 737 e
1111 691 1268 738 sermone
1296 671 1443 761 poetico,
1467 677 1541 738 tum

208 777 328 846 exinde
351 775 444 869 quod
462 777 599 866 pluviae
619 777 781 846 cadentes
798 777 1004 869 temporibus
1019 777 1090 845 ..suis
1103 779 1296 846 necessario
1314 776 1382 844 siut
1395 799 1542 846 numero

207 885 333 975 plures.
347 907 380 951 v.
397 889 416 950 t
432 912 447 944 o
459 885 504 948 Et
519 895 611 950 terra
619 884 890 973 piqnetpermen
900 907 1000 951 suum
1016 912 1046 966 u,
1061 921 1105 934 -
1117 871 1182 948 ‘nni
1196 883 1300 950 etiam
1314 907 1350 951 u.
1368 891 1428 966 20;
1443 888 1538 951 Deut.

210 996 328 1074 11‚1t;
348 995 467 1075 32‚22;
481 988 543 1056 sed
558 989 641 1058 item
656 990 715 1056 lob
735 995 854 1069 202&
872 996 925 1058 Ps.
947 996 989 1058 66
1007 991 1088 1078 (67),
1107 997 1143 1069 7;
1162 994 1204 1057 st
1224 989 1309 1078 (85),
1329 996 1369 1057 13
1392 1009 1400 1056 :
1426 1011 1543 1058 sensus

209 1097 431 1165 videturesse
446 1099 631 1186 proventus
646 1135 690 1147 -
708 1124 724 1157 o
742 1108 773 1162 et
781 1097 900 1187 pomis
914 1099 1049 1164 arbores
1064 1096 1287 1186 replebuntur
1301 1122 1330 1164 »,
1349 1120 1382 1162 v.
1400 1103 1419 1164 5
1438 1123 1454 1158 «
1471 1099 1542 1186 Ap-

201 1201 391 1293 prehendet
412 1202 593 1291 [messium]
608 1202 733 1271 tritura
746 1203 958 1270 vindemiam
973 1217 1006 1270 ct
1019 1201 1193 1270 vindemio
1212 1201 1390 1292 occupabit
1409 1223 1541 1269 semen·

209 1323 276 1376 tem
292 1337 323 1376 s,
343 1339 359 1372 «
374 1310 535 1400 ¹Triturao
553 1314 691 1399 tempus
709 1309 849 1377 durabit
865 1332 974 1400 usque
991 1308 1036 1377 ad
1050 1315 1188 1400 tempus
1206 1307 1417 1390 vindemiae,
1435 1314 1499 1377 eto.
1523 1337 1538 1370 a

210 1418 221 1506 (
230 1415 332 1506 Vas).
360 1443 377 1477 «
394 1416 598 1502 Designatur
614 1437 749 1483 summa
762 1416 823 1483 illa
835 1415 994 1483 fertilitas
1012 1415 1245 1506 aposteriori‚
1263 1437 1304 1482 ex
1319 1415 1420 1502 signo
1437 1438 1444 1484 :
1460 1436 1538 1482 cum

209 1523 302 1591 enim
314 1527 412 1590 tanta
428 1529 479 1588 est
491 1522 631 1610 frugum
644 1523 757 1612 copia,
779 1525 818 1590 ut
834 1522 952 1589 rustici
966 1522 1023 1588 vix
1037 1543 1072 1589 se
1086 1521 1368 1612 occupationibus
1384 1520 1454 1588 suis
1468 1543 1540 1590 me-

205 1628 328 1713 tenda,
345 1626 501 1711 terendo,
516 1627 725 1715 colligendo,
742 1655 758 1690 «
774 1629 892 1696 viuum
910 1627 1147 1718 exprimendo,
1161 1628 1366 1696 seminando
1380 1627 1539 1719 expedire

206 1735 355 1826 possint,
369 1734 454 1825 quin
466 1735 578 1802 statim
595 1735 640 1801 ab
655 1756 723 1802 uuo
738 1735 781 1802 ad
802 1734 896 1802 aliud
912 1757 998 1824 opus
1014 1738 1192 1820 vocentur,
1211 1756 1359 1821 magnae
1374 1735 1540 1802 ubertatis

206 1841 372 1908 iudicium
388 1870 404 1902 »
420 1840 582 1931 (boatu).
602 1869 619 1902 «
633 1844 679 1908 Et
689 1841 871 1908 comedetis
879 1863 1008 1932 portem
1023 1855 1172 1908 vestrum
1186 1868 1203 1903 u
1220 1846 1385 1908 -totum
1397 1843 1537 1918 victum,

206 1947 323 2015 cibum
333 1951 366 2014 et
379 1953 498 2037 potum
514 1945 695 2037 (Syia.)-
705 1975 722 2008 «
735 1948 773 2014 in
784 1948 980 2034 saturitate,
992 1959 1023 2014 ct
1037 1946 1300 2037 obsquepaoorc
1313 1974 1328 2007 s
1345 1946 1537 2037 (25‚18sq.l

209 2080 224 2115 a
243 2053 440 2120 habitabitis
452 2053 489 2120 in
505 2065 595 2120 terro
608 2067 719 2120 oestro
734 2082 765 2123 a.
782 2052 896 2122 Semel
910 2077 943 2122 v.
963 2061 982 2122 b
1001 2059 1034 2122 et
1048 2062 1081 2136 5,
1099 2059 1133 2120 ct
1144 2059 1198 2121 ter
1214 2076 1247 2122 v.
1265 2058 1285 2118 6
1300 2075 1365 2119 vox
1380 2065 1472 2120 terra
1486 2075 1541 2120 re-

207 2159 353 2250 petitur:
364 2159 661 2227 describuntursc.
672 2159 932 2232 benedictiones
943 2159 1165 2239 obtinendae,
1178 2158 1207 2226 si
1219 2159 1256 2226 in
1271 2172 1361 2226 terra
1371 2157 1541 2249 promissa

206 2268 265 2334 Dei
279 2266 374 2354 leges
393 2267 627 2334 observentur.
643 2290 675 2333 v.
692 2272 712 2333 6
728 2295 744 2328 «
760 2268 855 2334 Dabo
866 2289 992 2357 pacem
1009 2265 1046 2334 in
1060 2265 1189 2355 finibus
1208 2266 1348 2354 oestrt's;
1362 2265 1540 2332 domnictis

206 2385 240 2439 et
253 2373 409 2457 nouerit,
425 2373 488 2462 qui
496 2385 665 2440 exterreat
669 2394 685 2458 ,⁰
695 2375 853 2462 auferam
864 2399 895 2455 n,
913 2371 1148 2440 exterminabo
1164 2401 1179 2434 «
1194 2373 1304 2440 molas
1314 2373 1437 2440 bestias
1451 2399 1481 2456 u,
1494 2411 1539 2422 -

206 2483 264 2547 Ex.
280 2485 382 2564 1339
395 2501 455 2547 eae
469 2480 760 2570 promittebantur
776 2502 847 2547 non
861 2480 936 2547 fore
953 2479 1102 2547 nimium
1117 2479 1400 2570 multiplicandae
1411 2516 1456 2530 -
1474 2508 1489 2540 a
1506 2491 1538 2546 et

205 2584 347 2675 pladius
360 2609 431 2653 non
445 2585 605 2652 transibit
618 2586 780 2654 terminos
791 2599 918 2653 cestros
932 2613 962 2652 a.
983 2589 1097 2652 Hostes
1110 2585 1147 2653 in
1160 2585 1245 2653 fines
1259 2592 1389 2653 vestros
1404 2608 1475 2652 non
1486 2586 1539 2652 in-

207 2697 346 2761 current
357 2693 491 2782 (Men).
506 2717 538 2760 v.
557 2701 578 2760 7
594 2721 610 2754 κ
622 2692 880 2782 Persequemini
898 2691 1057 2758 inimicos
1067 2702 1191 2758 cestros
1204 2703 1236 2758 et
1251 2704 1408 2758 corruent
1423 2715 1538 2760 coram

205 2800 298 2866 vobis
312 2828 328 2861 a
337 2798 469 2889 plodio.
483 2822 516 2866 v.
529 2804 549 2866 8
560 2827 576 2859 o
589 2797 1002 2886 Persequertturquinque
1012 2795 1054 2863 dc
1065 2797 1183 2864 uestris
1193 2809 1329 2864 cantum
1340 2796 1491 2886 [alienos]
1505 2825 1535 2880 ν),

207 2935 222 2966 a
241 2904 343 2994 pauci
357 2905 523 2994 plurimos
536 2931 551 2962 »
572 2903 736 2991 (Bonsr.)‚
761 2933 776 2965 a
797 2915 830 2970 et
849 2915 988 2970 centum
1012 2902 1053 2969 de
1072 2902 1165 2970 vobis
1185 2902 1300 2970 decem
1318 2902 1431 2970 millia
1453 2924 1466 2966 .·
1482 2925 1539 2970 ca-

207 3010 288 3076 dent
307 3009 441 3076 inimici
459 3008 562 3075 vestri
576 3008 697 3098 qtadio
714 3009 753 3076 iu
774 3021 955 3100 conspectu
971 3023 1079 3076 oestro
1097 3035 1126 3076 u.
1146 3009 1194 3076 cf.
1213 3014 1310 3077 Deut.
1336 3015 1452 3091 32,30;
1471 3014 1535 3076 los.

206 3122 320 3200 nato.
339 3139 371 3183 v.
395 3124 414 3184 9
436 3146 450 3176 «
471 3115 662 3206 Respicrbm
676 3139 734 3183 cos
751 3145 767 3176 s
789 3145 805 3179 o
820 3118 921 3184 vultu
934 3115 1088 3203 benigno
1107 3143 1123 3176 u
1148 3115 1288 3206 (Spin),
1308 3143 1325 3176 «
1344 3129 1537 3182 accrescere

202 3223 334 3310 faciam
350 3242 363 3288 :
376 3223 708 3314 rnnttr'plioabimr'ni,
726 3237 758 3290 et
771 3223 917 3313 firmabo
929 3236 1075 3314 pactum
1095 3244 1209 3289 mcum
1225 3220 1398 3289 vobiscum
1416 3249 1445 3305 u,
1465 3221 1537 3289 eius

204 3329 372 3420 promissa
386 3328 576 3419 implendo.
593 3353 626 3398 v.
647 3336 689 3397 10
706 3358 722 3391 a
743 3329 932 3398 comedetis
952 3329 1183 3396 uetustissimo
1199 3340 1351 3396 ueterum
1374 3357 1405 3410 u,
1429 3330 1532 3396 chr.

204 3449 334 3520 cetero,
349 3458 437 3527 qtme
456 3448 701 3504 oeteroocrunt.
720 3441 803 3504 Cum
821 3438 990 3504 veteriora
1010 3441 1089 3503 aute
1111 3435 1306 3502 recentiora
1323 3435 1390 3501 siut
1409 3455 1534 3503 oonsu-

204 3541 340 3626 menda,
362 3541 451 3610 illud
476 3564 629 3610 summae
653 3543 888 3611 abundantiae
908 3546 958 3610 est
980 3540 1159 3610 indicium.
1188 3568 1204 3603 «
1232 3542 1276 3607 Et
1298 3553 1411 3608 cetero
1434 3540 1532 3608 nouis

204 3648 519 3738 supervenientibus
531 3649 728 3739 proiicictis
746 3679 775 3732 a,
804 3648 904 3716 Hebr.
929 3649 1093 3740 efferetis,
1112 3669 1182 3715 non
1201 3649 1395 3715 necessario
1412 3653 1451 3714 ut
1472 3647 1533 3715 illa

204 3755 384 3838 abiiciatis,
401 3756 578 3824 sedetiam
593 3761 631 3823 ut
646 3755 870 3839 consumatis,
888 3754 1093 3822 divendatis.
1111 3778 1143 3822 v.
1168 3761 1207 3822 11
1232 3781 1249 3816 (ι
1271 3757 1404 3822 Ponam
1422 3755 1532 3820 taber-

204 3861 368 3930 naculum
391 3885 504 3930 meum
533 3862 570 3929 in
587 3863 698 3930 medio
721 3862 841 3943 vestri,
862 3874 895 3929 et
921 3884 991 3928 non
1010 3860 1150 3929 abiiciet
1174 3883 1231 3928 vos
1250 3861 1370 3927 anima
1397 3881 1472 3928 mco
1499 3887 1529 3940 »‚

206 3995 222 4030 (ι
241 3961 745 4058 nequedcdignaborhabitare
755 3968 849 4058 apud
861 3991 921 4036 vos
934 3996 949 4030 u
967 3967 1091 4057 (Vct).
1106 3991 1137 4034 v.
1155 3974 1197 4035 12
1211 3995 1227 4030 a
1242 3967 1432 4034 Ambulobo
1444 3964 1533 4033 inter

204 4098 274 4155 cos,
290 4087 323 4142 ct
342 4098 397 4142 ero
412 4078 502 4142 Deus
515 4089 633 4156 voster,
652 4098 777 4165 vosque
792 4074 888 4141 critis
902 4073 1055 4165 populus
1072 4097 1168 4140 mear
1185 4101 1215 4140 a.
1233 4096 1265 4142 v.
1283 4080 1323 4142 13
1343 4101 1359 4134 κ
1375 4075 1533 4162 1190110-

205 4181 321 4248 minus
340 4185 427 4248 Deus
442 4193 560 4266 vester,
583 4182 646 4273 qui
659 4181 767 4248 educi
778 4204 836 4247 uos
852 4180 894 4248 de
911 4193 1002 4248 terro
1016 4180 1289 4271 Aeppptiorum,
1308 4203 1350 4247 ne
1365 4179 1535 4247 serviretis

204 4288 270 4370 cis,
287 4300 321 4355 ct
336 4289 399 4379 qui
412 4289 570 4379 confreqi
587 4301 724 4357 catenas
738 4287 909 4355 cervicum
926 4300 1113 4354 rostrorum
1132 4315 1162 4370 u,
1182 4287 1284 4356 Hebr.
1306 4299 1414 4354 vectes
1435 4287 1535 4377 iupo-

202 4416 278 4462 rum
297 4407 485 4464 castrorum
500 4419 513 4462 .·
528 4395 685 4482 intellige
704 4395 838 4482 ligneos
851 4394 931 4463 illos
950 4399 1060 4462 vectes
1082 4393 1234 4460 humeris
1250 4392 1406 4483 plurium
1425 4393 1533 4482 capti-

203 4521 324 4567 vorum
343 4502 530 4592 impositos,
550 4501 676 4592 quibus
693 4500 745 4568 illi
763 4501 858 4568 affixi
876 4501 1161 4590 deprimebantur
1180 4535 1224 4550 -
1244 4527 1259 4560 ι(
1279 4513 1316 4566 ut
1333 4498 1532 4566 incederetis

204 4605 289 4673 recti
309 4633 339 4673 a.
359 4611 410 4675 lta
424 4629 500 4675 cum
519 4609 598 4698 Syr.
617 4613 650 4674 et
664 4610 721 4674 Ps.
738 4607 813 4674 Ion.
834 4607 970 4674 videtur
989 4605 1253 4693 intelligendum
1270 4609 1347 4688 ἅπαξ
1362 4610 1528 4693 λεγόμενον

206 4727 364 4807 numm
385 4717 477 4782 LXX
493 4715 616 4782 omisso
635 4721 736 4805 tropo
757 4717 832 4799 μετὰ
846 4721 1028 4801 rotbertus.
