3534 5384
271 323 329 382 sto
821 337 911 380 niune
931 336 1041 382 rnatu.

272 474 412 542 familiis
433 493 529 538 suam
551 469 708 537 servabat
727 470 981 558 possessionem.
1000 494 1032 537 v.
1056 477 1095 538 21
1121 499 1135 532 a
1158 471 1272 558 [Quia]
1292 493 1369 538 eam
1385 472 1528 540 iahilaei
1543 498 1602 540 ee-

273 580 364 647 nerit
381 579 496 665 idios),
509 576 744 666 sarreripeaaa·
758 576 823 642 erit
838 605 853 636 n
868 599 953 665 aper
968 605 984 639 «
1002 578 1147 644 Domino
1160 590 1194 644 et
1202 579 1372 667 possessio
1387 592 1610 661 cormeerata‚·

275 687 324 754 ad
343 687 397 752 ins
414 685 566 776 pertinet
587 682 801 751 sacerdotum
820 711 848 749 ».
870 684 949 750 Dele
965 683 1061 775 qnia.
1079 690 1142 750 Pro
1162 698 1195 751 et
1209 685 1377 774 possessio
1392 666 1611 768 'carneri-ata,

276 798 376 861 Hebe.
398 814 410 858 .·
429 793 516 857 siout
533 814 617 879 aper
636 802 827 856 exsecratas
847 790 952 870 (niu),
973 791 1032 879 qui
1052 812 1096 858 sc.
1114 791 1309 860 nullatenus
1328 792 1452 859 redimi
1467 799 1612 883 poterat

276 902 322 990 (v.
341 901 410 987 28).
430 904 488 966 Sat
514 902 670 964 accurate
689 917 825 963 sensum
845 921 876 964 v.
903 904 945 963 m
968 918 1019 987 sq.
1037 898 1083 963 itu
1103 899 1262 987 exprimit
1283 902 1375 966 Men.
1395 912 1411 966 ‚³
1428 927 1443 963 a
1469 900 1504 967 si
1526 902 1613 990 quis

278 1028 401 1094 agrum
429 1027 527 1072 suum
550 1005 680 1071 voverit
699 1025 762 1070 nee
785 1002 988 1086 redemerit,
1010 1027 1030 1071 a
1048 1004 1296 1086 sacerdotibus,
1318 1028 1396 1072 cum
1417 1029 1529 1074 annus
1550 1009 1610 1075 iu-

273 1114 378 1181 hilaei
392 1113 584 1191 advenerit,
606 1133 675 1177 nou
701 1110 840 1199 recipiet
859 1132 982 1197 agrum
1001 1130 1115 1188 suum3
1134 1117 1167 1178 ei
1190 1112 1217 1178 si
1236 1111 1429 1180 sacerdotes
1442 1118 1521 1181 aute
1541 1138 1608 1181 an-

273 1241 357 1288 num
378 1220 518 1288 iubilaei
535 1216 753 1285 vendiderint
767 1238 891 1302 agrum
910 1217 1024 1298 illum,
1041 1217 1168 1284 redibit
1182 1240 1274 1285 anuo
1293 1218 1435 1287 iubilaei
1451 1220 1496 1287 ad
1510 1221 1608 1310 ipsos
1688 1286 1692 1291 .
1730 1204 1731 1237 ³

273 1327 480 1407 sacerdotes,
502 1347 573 1391 non
587 1329 700 1391 autem
713 1323 758 1389 ad
772 1324 923 1412 priorem
939 1322 1118 1391 dominum
1135 1353 1164 1390 ».

320 1434 442 1519 Agitur
460 1433 526 1498 iam
554 1430 595 1497 de
615 1451 699 1516 agro
722 1450 792 1496 non
812 1428 1042 1496 haereditario
1058 1431 1118 1498 sed
1133 1430 1299 1521 emptitio.
1318 1455 1350 1500 v.
1372 1438 1414 1498 m
1429 1460 1445 1494 «
1463 1432 1504 1499 Si
1518 1456 1603 1522 aper

280 1553 414 1629 emptas
426 1541 499 1625 [est]
518 1566 534 1599 »
550 1574 591 1588 —
611 1536 687 1603 dele
704 1548 812 1602 est-
833 1563 850 1598 a
873 1548 906 1602 et
920 1558 988 1603 non
1005 1535 1046 1603 de
1054 1537 1269 1627 possessione
1288 1539 1485 1626 [rriaioram]
1502 1563 1601 1605 sane-

274 1647 425 1729 tificatns
449 1644 557 1731 fecerit
581 1642 727 1708 Domino
746 1671 781 1724 n,
800 1665 832 1710 v.
855 1650 897 1708 23
926 1671 942 1704 α
968 1644 1168 1734 srprprttobit
1190 1643 1346 1712 sacerdos
1369 1645 1468 1712 insta
1492 1668 1595 1712 anno-
1695 1683 1700 1689 -

271 1775 351 1820 rum
369 1773 549 1818 nnmerum
571 1747 738 1838 usquead
758 1749 946 1816 iubilaeam
956 1749 1130 1840 pretimn,
1149 1763 1180 1817 et
1198 1750 1294 1818 dabit
1311 1751 1369 1818 ille
1387 1753 1450 1842 qai
1466 1766 1593 1818 cooerot

271 1882 355 1927 enm
374 1857 519 1924 Domino
544 1884 560 1917 υ
583 1893 628 1906 -
651 1856 721 1945 ipso
743 1855 798 1922 die
822 1855 919 1923 addit
934 1860 1035 1923 Hebe.
1055 1877 1068 1920 .·
1088 1878 1171 1943 ergo
1196 1858 1291 1925 illico
1317 1863 1426 1926 totum
1453 1858 1598 1949 pretium

272 1965 376 2033 solvit
399 1962 636 2052 redemptione
665 1985 735 2029 uon
758 1962 955 2030 facultativa
978 1962 1037 2029 sed
1063 1971 1190 2030 coacta.
1214 1969 1315 2032 Secus
1336 1965 1446 2049 enim,
1468 1964 1513 2030 ab
1525 1987 1600 2054 pos-

272 2073 415 2139 sessoris
429 2074 634 2160 perpetuum
657 2070 709 2135 ius
732 2067 993 2159 redemptionis,
1020 2070 1121 2136 inmre
1138 2075 1226 2137 esset
1245 2077 1377 2138 votum.
1397 2072 1503 2138 Infert
1518 2094 1598 2137 vero

276 2178 411 2262 natm,
428 2179 465 2244 iu
484 2176 618 2243 casibus
633 2199 663 2241 v.
684 2182 786 2243 16-19
801 2175 936 2243 licuisse
947 2177 1151 2265 possessori,
1172 2199 1242 2244 non
1264 2183 1370 2244 totam
1386 2178 1459 2267 ipso
1472 2176 1526 2244 die
1540 2199 1599 2267 pe

273 2285 398 2352 cuniae
424 2283 493 2350 vim
512 2283 659 2363 solvere,
682 2282 741 2349 sed
762 2282 929 2373 paulatim
949 2288 982 2351 et
1007 2284 1205 2351 successive.
1231 2307 1263 2350 v.
1292 2291 1334 2351 m
1357 2313 1372 2344 a
1396 2284 1600 2351 irriabiioeo

276 2405 394 2458 uatem
422 2403 606 2456 revertetur
629 2389 678 2456 ad
697 2389 849 2478 priorem
874 2389 1070 2472 dominum,
1093 2391 1154 2476 qui
1176 2389 1376 2458 vendiderat
1393 2413 1471 2457 eum
1491 2404 1523 2456 et
1541 2390 1603 2457 ira·

274 2501 396 2564 iuerat
411 2497 448 2562 in
463 2508 551 2562 sorte
559 2494 783 2585 possessionis
797 2518 880 2562 suae
898 2525 928 2561 ».

317 2627 350 2670 v.
371 2611 413 2670 25
434 2630 451 2663 «
477 2602 594 2669 Omnis
616 2601 809 2669 aestimatio
829 2601 912 2668 siolo
928 2603 1122 2670 sanctuarii
1142 2602 1403 2693 ponderabitur.
1421 2602 1537 2672 Sicias
1556 2603 1605 2669 ri-

273 2710 368 2799 pinti
384 2709 496 2777 obolos
510 2709 610 2777 babet
625 2738 641 2771 »
658 2709 743 2789 (urs,
759 2709 802 2776 cf.
820 2713 875 2776 Ex.
893 2709 1020 2798 30‚13).

409 2949 441 3009 2.
467 2940 650 3032 Appendir
669 2941 717 3007 ud
739 2941 848 3030 lepem
872 2941 915 3007 de
937 2941 1170 3032 redemptione
1187 2947 1263 3010 Lev.
1292 2949 1464 3024 erno-33.

319 3152 365 3215 Ea
379 3147 433 3214 lex
450 3146 605 3234 generali
625 3145 747 3232 regula
766 3168 798 3214 v.
819 3153 860 3213 25
883 3145 1168 3213 concludebatur.
1194 3145 1444 3237 Appenduntur
1461 3145 1596 3237 aliqua,

277 3259 455 3344 quaevota
471 3252 609 3342 quidem
624 3259 813 3333 nouerant,
831 3253 891 3319 sed
905 3253 941 3318 in
956 3252 1082 3342 quibus
1096 3259 1230 3342 poterat
1245 3275 1428 3341 exsurgere
1447 3253 1603 3343 quaestio

275 3360 318 3427 de
337 3361 584 3449 redemptione.
599 3358 660 3425 Ubi
676 3380 708 3423 v.
732 3364 786 3425 26.
802 3364 844 3425 28
860 3380 942 3425 voce
962 3375 1021 3448 ps,
1043 3359 1280 3426 tantmnmodo
1300 3358 1495 3443 ordiuntur,
1513 3382 1602 3450 quae

274 3468 505 3556 exceptionem
518 3464 659 3532 indicat.
680 3465 824 3532 Adverto
844 3465 948 3532 etiam
970 3469 1080 3533 textus
1094 3466 1187 3555 apud
1202 3468 1297 3534 Sam.
1318 3466 1515 3547 divisiones,
1535 3466 1600 3532 mi-

274 3595 395 3640 norem
411 3578 486 3663 post
499 3596 530 3639 v.
551 3579 603 3639 25.
625 3578 679 3652 27,
697 3573 861 3639 maiorem
876 3576 953 3661 post
971 3596 1004 3640 v.
1026 3580 1080 3640 29.
1100 3579 1153 3639 33.

658 3821 684 3857 a.
706 3808 747 3857 De
767 3808 961 3870 primogenitis
981 3808 1048 3858 Lev.
1071 3806 1153 3866 ‘27be
1172 3822 1214 3872 sq.

317 3996 401 4079 Arp.
420 4031 463 4040 -
480 3991 712 4077 Primogenita
727 4012 891 4080 pecorum
909 3991 1149 4058 sacrificalium
1163 3991 1209 4058 ita
1229 3991 1273 4058 ad
1289 3998 1395 4060 Deum
1410 3991 1601 4081 pertinent,

273 4104 311 4165 ut
326 4097 450 4165 redimi
461 4103 649 4187 nequeant,
666 4096 730 4164 nisi
747 4097 791 4163 ob
807 4096 977 4163 defectum
992 4096 1144 4187 aliquem
1160 4097 1335 4165 sacrifieiis
1347 4098 1416 4165 sint
1430 4100 1556 4186 inepta.

320 4228 353 4272 v.
382 4211 425 4271 26
448 4231 465 4265 a
492 4204 745 4291 Primopenita,
768 4225 857 4293 qnae
877 4201 925 4269 ad
948 4204 1133 4270 Dominum
1157 4205 1333 4293 pertinent
1360 4233 1376 4266 s
1391 4257 1398 4290 ,
1415 4244 1458 4256 -
1473 4205 1575 4274 Hebe.
1595 4226 1608 4272 .·

279 4333 370 4403 qaae
389 4310 533 4376 Donsino
553 4309 787 4400 primopenito
812 4322 1000 4376 nascemmr
1020 4310 1056 4376 in
1075 4310 1271 4401 pecoribus,
1294 4333 1378 4399 ergo
1397 4311 1439 4377 de
1459 4311 1514 4379 his
1527 4311 1610 4379 solis

280 4417 457 4506 agitur-
484 4445 498 4475 κ
521 4439 619 4483 neoto
638 4416 854 4507 sanctificare
867 4417 998 4507 poterit
1025 4416 1069 4507 [et
1091 4422 1221 4504 cauere}
1252 4439 1259 4484 :
1281 4417 1351 4484 sive
1370 4421 1427 4485 bos
1445 4418 1516 4485 sice
1536 4419 1608 4486 oris

274 4524 400 4612 faerit,
422 4523 561 4589 Domini
575 4535 654 4589 sarit
674 4554 704 4591 »,
726 4528 812 4590 Voce
824 4539 874 4586 rte·
889 4529 961 4590 tam
982 4545 1106 4614 caprae
1125 4546 1229 4614 quam
1258 4547 1337 4591 oves
1361 4525 1603 4593 includuntur.

278 4654 311 4698 v.
338 4637 381 4697 27
408 4659 423 4693 α
455 4629 586 4711 Quodsi
605 4629 821 4696 irnnnmdum
849 4644 898 4696 est
922 4629 1057 4697 animal
1081 4659 1096 4691 u
1116 4630 1405 4721 primogenitum,
1426 4631 1605 4700 «redimet

279 4738 341 4828 qni
370 4737 507 4822 obtolit,
542 4737 639 4803 inem
666 4737 940 4804 aestimationem
967 4751 1078 4825 teram,
1106 4752 1138 4805 et
1167 4736 1270 4804 aeldet
1293 4738 1452 4827 quintam
1469 4753 1603 4828 partem
