3534 5384
736 430 783 475 ex.
808 416 900 485 3433
922 432 986 483 sou.

196 570 346 631 uQuando
363 570 474 631 Moyses
493 568 689 631 egrediebatur
708 568 743 618 de
764 568 948 620 tabernaculo
966 573 1032 618 ante
1051 568 1215 630 Dominum,
1231 582 1288 619 non
1307 571 1428 633 ponebat
1446 572 1526 623 uela.
1591 568 1593 573 ’
1629 628 1631 631 .
1671 530 1753 650 s»,

191 674 257 712 men
271 662 301 709 in
319 658 392 709 iacie
409 675 432 709 r.
449 684 484 694 -
499 656 594 707 Verba
607 657 727 707 invicem
746 656 917 721 excipientis
935 662 1018 717 uuir,
1035 662 1119 719 ’τι-Π,
1135 662 1199 715 ruri
1221 657 1303 707 obvio
1318 670 1403 709 sensu
1418 659 1446 709 jd
1465 660 1526 711 effi.
1632 682 1655 739 '.
1679 638 1762 726 ζ

191 751 272 809 eunt,
287 748 393 811 Moysis
406 746 522 806 taciem,
538 749 566 796 et
585 745 652 795 dum
671 745 854 808 egrederetur
875 748 904 795 et
925 746 990 795 tlurn
1009 745 1145 810 populum
1161 745 1361 808 alloqueretur,
1378 746 1465 799 luisse
1483 762 1531 799 ra-

191 838 323 889 diantem.
341 850 368 885 v.
384 836 416 885 35
436 841 496 891 rna
510 835 546 885 ob
560 835 734 897 singularem
753 847 902 885 numerum
920 839 948 885 et
962 834 1122 897 analogiam
1135 848 1161 883 v.
1177 834 1209 884 ul
1222 834 1333 885 videtur
1347 833 1527 889 referendum

189 927 225 977 ad
249 928 344 983 Deum,
360 936 452 989 ergo:
473 930 498 973 et
520 923 667 987 reponebat
690 924 791 984 Moyses
816 922 916 983 rutum,
933 924 1081 985 usquedum
1107 924 1294 985 irrpredaretur
1318 923 1394 985 (llll
1415 920 1528 989 εἰσέλθῃ,

192 1015 268 1079 quod
286 1013 405 1064 verbum
424 1013 460 1063 de
479 1014 611 1075 ingressu
628 1013 780 1061 sanctuarii
801 1010 963 1077 adhibetur)
982 1012 1016 1061 ad
1037 1011 1197 1073 loquendum
1212 1026 1270 1061 eum
1289 1026 1328 1061 eo.
1345 1012 1426 1064 Unde
1441 1016 1527 1077 patet,
1571 1042 1572 1045 ¹

195 1102 272 1166 Vulp.
285 1103 415 1153 ultimum
435 1102 556 1152 incisum
577 1113 676 1164 parurn
700 1106 830 1151 accurate
852 1102 982 1151 vertisse.
1005 1100 1084 1159 Quae
1107 1101 1249 1164 suggerit,
1266 1102 1295 1149 in
1319 1104 1394 1151 omni
1417 1106 1528 1165 praeter

191 1194 311 1256 primum
332 1192 430 1255 populi
450 1191 574 1253 alloquio
588 1189 721 1239 hahuisse
742 1190 858 1252 Moysen
877 1189 978 1239 taciem
993 1189 1123 1239 relatam.
1140 1188 1245 1239 'l'extus
1260 1189 1399 1241 hebraeus
1417 1202 1476 1241 rem
1497 1192 1527 1242 ln
1627 1184 1632 1249 j
1680 1147 1759 1256 Ἤ·

189 1280 285 1331 medlo
304 1280 437 1343 relinquit
454 1280 501 1328 :si
521 1278 664 1339 adstruas,
681 1277 798 1341 Moysen
820 1277 1012 1341 egredientem
1031 1277 1163 1328 habuisse
1187 1277 1288 1328 taciem
1308 1279 1524 1342 discoopertam,
1617 1284 1618 1287 ’
1660 1282 1661 1285 ’
1690 1266 1762 1375 '3233

190 1382 319 1420 servasse
341 1368 546 1431 discoopertam
564 1366 630 1417 dum
650 1366 786 1431 poprdurn
805 1368 920 1417 nomine
939 1368 991 1417 Del
1011 1367 1210 1431 alloqueretur,
1228 1367 1292 1417 dein
1311 1370 1457 1431 operuisse
1476 1382 1525 1417 us·
1593 1366 1595 1373 ⁴

192 1457 313 1521 qnedum
332 1469 444 1507 rursum
463 1456 500 1506 ad
519 1456 610 1506 Deum
629 1456 831 1518 ingrederetur,
852 1454 994 1505 satislaeis
1013 1456 1101 1505 textui
1120 1455 1251 1506 hebraeo.
1275 1455 1434 1507 Secundum
1455 1457 1525 1507 haec

191 1544 315 1609 Moyses,
330 1544 444 1609 quando
461 1558 513 1609 pro
532 1544 592 1595 Deo
611 1544 753 1607 legatione
768 1543 947 1607 fungebatur,
963 1543 1063 1594 taciem
1078 1544 1313 1607 discooperiebat;
1330 1545 1359 1593 in
1373 1546 1432 1593 vita
1446 1557 1523 1595 com-

190 1637 268 1685 muni
288 1636 316 1685 et
334 1634 451 1696 prolana
470 1634 623 1698 operiebat.
640 1632 724 1683 Ratio
744 1632 915 1696 operiendae
934 1632 1016 1683 lactei
1035 1644 1093 1682 non
1113 1637 1169 1683 tam
1188 1634 1262 1691 urat,
1286 1633 1362 1697 quod
1385 1632 1523 1697 fulgorem

190 1724 311 1774 Hebraei
325 1722 465 1773 sustinere
477 1734 536 1772 non
549 1725 665 1785 possent
685 1718 882 1787 (theodoret),
899 1720 949 1771 sed
967 1723 1023 1771 rut
1037 1721 1170 1785 colloquii
1188 1721 1327 1773 liberioris
1346 1722 1459 1773 daretur
1473 1736 1523 1773 eo·
1584 1713 1587 1719 ‘
1678 1690 1755 1799 '332th

188 1813 261 1875 pia»
280 1808 377 1878 (lap),
397 1826 408 1858 r
425 1813 456 1861 ut
474 1811 645 1875 quibuslibet
662 1810 801 1861 liberioris
815 1812 954 1860 sermonis
968 1809 1087 1860 facultas
1102 1808 1215 1859 daretur
1232 1826 1243 1856 r
1261 1808 1365 1874 (Mau),
1382 1814 1410 1861 et
1425 1812 1522 1875 lnrpri-
1582 1810 1583 1817 ³

189 1903 243 1950 mis
263 1899 337 1965 quod
363 1912 420 1952 non
444 1903 519 1949 essct
539 1899 711 1949 conveniens
732 1912 825 1962 nequo
849 1899 965 1958 decens,
989 1899 1132 1949 Israelitas
1156 1900 1317 1949 constanter
1339 1898 1404 1949 illos
1427 1899 1522 1949 radios
1578 1902 1579 1905 ’

188 1990 291 2039 intueri
311 1986 465 2053 (Tort.).-
479 1988 578 2052 Neque
596 1989 663 2036 huie
682 1988 853 2051 expositioni
877 1986 959 2037 obest
980 1990 1008 2036 S.
1027 1987 1127 2035 Paulus
1153 1986 1169 2037 ‘2
1192 1986 1255 2038 Cor.
1271 1987 1332 2046 3,13
1354 2000 1414 2038 rem
1435 1988 1524 2039 obiter

189 2080 354 2140 attingens:
372 2076 510 2138 «Moyses
530 2076 653 2140 ponebat
674 2077 804 2126 velaruen
824 2088 909 2139 super
927 2076 1028 2126 iaclem
1048 2088 1142 2137 suam,
1156 2081 1187 2125 ut
1204 2088 1260 2127 non
1276 2076 1454 2127 intenderent
1473 2076 1524 2127 sslll

191 2165 280 2216 Israel
296 2168 325 2215 1⁰
340 2163 426 2215 finem
440 2165 515 2225 ⁰¹⁰³»
532 2164 609 2229 ‘lu0d
627 2169 815 2215 evacuatur».
828 2165 981 2229 Apostolus
1001 2176 1058 2215 non
1078 2164 1176 2226 edicit,
1192 2164 1306 2228 quando
1323 2170 1371 2216 aut
1390 2165 1524 2229 quamdiu
1586 2180 1587 2183 ¹
1677 2128 1766 2247 {3³3¹

190 2253 301 2317 Moyses
315 2253 415 2304 taciem
425 2254 575 2313 velaverit3
588 2253 710 2318 idipsum
719 2253 780 2304 vult
793 2252 900 2315 dicere,
912 2252 987 2317 quod
1002 2252 1053 2305 lix.
1066 2253 1147 2313 34,35
1163 2252 1261 2315 habet,
1273 2258 1301 2303 et
1311 2254 1381 2304 nihil
1392 2254 1522 2318 amplius.

415 2484 450 2535 G.
465 2482 622 2536 nudati
637 2484 678 2537 de
691 2482 890 2535 sanctuario
906 2481 1052 2546 aliisque
1067 2482 1292 2548 procurandis

598 2571 772 2625 exsecutio
787 2572 849 2623 Ex.
865 2571 910 2622 85
923 2600 959 2609 -
974 2574 1054 2625 Lev.
1073 2572 1126 2623 10.

233 2755 332 2822 Redit
356 2756 465 2821 oratio
488 2754 532 2822 ad
546 2753 733 2821 sanctuarii
748 2777 820 2836 ree,
842 2754 1002 2844 aquibus
1020 2760 1159 2821 narrata
1174 2759 1231 2821 Fu.
1247 2761 1289 2821 32
1311 2754 1409 2821 vituli
1426 2756 1522 2823 aurei

188 2861 429 2951 superstitione
443 2861 639 2929 deflexerat.
661 2861 863 2951 Etprimum
874 2860 1016 2949 quidem
1031 2865 1087 2927 Ex.
1106 2868 1207 2928 35-39
1223 2861 1404 2928 conficitur
1423 2883 1521 2927 sanc-

189 2968 339 3033 tuarium
353 2989 432 3034 cum
451 2990 513 3034 sua
533 2966 767 3057 suppellectili
792 2989 863 3033 non
882 2966 1004 3033 eodem
1027 2965 1130 3058 plane
1156 2972 1259 3057 atque
1286 2970 1341 3035 Ex.
1364 2973 1468 3035 25-27
1489 2973 1522 3034 et

190 3080 231 3140 30
261 3073 399 3155 ordine,
424 3072 466 3140 de
493 3095 562 3163 qua
583 3095 620 3139 re
645 3096 680 3162 p.
705 3080 769 3139 257
790 3095 842 3162 sq.
871 3072 1083 3140 dicebamus.
1110 3073 1193 3140 Dein
1213 3078 1269 3139 Ex.
1294 3079 1336 3140 [ιθ
1364 3078 1522 3141 sanctua-

188 3178 280 3245 rium
295 3179 487 3267 erigituret
502 3179 653 3270 supellex
669 3180 704 3245 in
725 3200 786 3246 suo
805 3178 880 3246 loeo
900 3180 1096 3247 collocatur.
1119 3182 1196 3245 LeV.
1216 3184 1236 3246 8
1256 3201 1307 3268 sq.
1323 3179 1519 3268 peragitur,

189 3308 279 3376 quae
298 3291 355 3355 Ex.
379 3291 420 3353 28
442 3308 493 3375 sq.
516 3285 647 3353 indicta
670 3286 801 3368 iuerat,
818 3286 963 3353 aaronis
982 3292 1015 3351 et
1033 3285 1183 3353 filiorum
1196 3286 1425 3367 consecratio,
1440 3310 1521 3353 nar-

189 3397 354 3483 raturque
368 3399 447 3460 Lev.
465 3400 506 3459 10
525 3391 663 3479 insigne
680 3393 907 3475 miraculum,
923 3415 991 3482 quo
1010 3391 1161 3479 dignitas
1179 3391 1322 3459 darona
1340 3392 1521 3459 confirma-

189 3502 304 3568 batur.
319 3504 445 3567 Verum
459 3500 551 3566 inter
564 3500 670 3565 erecti
684 3500 868 3566 sanctuarii
884 3506 918 3565 et
933 3498 1194 3567 consecrationis
1208 3499 1426 3567 sacerdotum
1441 3522 1521 3566 nar-

189 3606 356 3673 rationem
372 3606 534 3673 inseritur
551 3629 607 3672 res
623 3611 804 3696 utramque
820 3605 976 3695 proxime
997 3606 1185 3691 attingens,
1202 3610 1278 3673 Lev.
1298 3612 1355 3671 1-'l
1367 3606 1462 3693 leges
1478 3605 1520 3672 de

189 3712 373 3779 sacrificiis.

539 3925 572 3985 1.
598 3916 802 3985 Sanctuarr'i
817 3916 954 4007 effectio
974 3921 1030 3985 Ex.
1057 3922 1171 3985 35-39.

564 4112 590 4147 a.
614 4098 730 4149 Sabball
748 4096 953 4148 commendatio
972 4096 1023 4147 Ex.
1044 4097 1147 4160 aar-3.

232 4282 319 4367 Arp.
333 4318 378 4327 -
391 4280 566 4347 Breviario
578 4281 758 4370 repetitur,
774 4280 864 4371 quod
874 4280 1076 4347 mandatum
1090 4268 1388 4363 inereretur-17¹.
1404 4281 1457 4351 Uti
1471 4280 1521 4347 ibi

188 4389 339 4451 extrema
360 4387 515 4453 oratione
539 4386 770 4455 inculcaverat
793 4392 882 4453 Deus
899 4386 1036 4454 sabbati
1055 4387 1329 4456 observationem
1343 4394 1521 4477 tamquam

188 4488 336 4557 foederis
358 4512 444 4579 opus
461 4491 685 4580 primarium,
700 4490 750 4558 ita
763 4492 800 4558 h.
817 4493 840 4557 l.
858 4491 979 4559 eadem
999 4491 1098 4559 initio
1114 4492 1318 4575 inculcatur,
1335 4498 1520 4582 antequam
1573 4532 1577 4541 ‚
1643 4554 1693 4581 3

187 4594 339 4687 reliqua,
363 4618 452 4687 quae
473 4596 534 4664 illa
552 4597 706 4665 oratione
725 4597 844 4687 parari
868 4596 1091 4678 iubebantur,
1112 4598 1231 4667 effecta
1246 4604 1440 4667 narrentur.
1455 4597 1519 4664 Ad·
1624 4598 1669 4701 ‚3²

187 4709 306 4782 verte,
326 4702 409 4769 inde
429 4726 450 4771 a
471 4725 546 4792 cap.
570 4710 612 4772 25
634 4703 818 4771 sabbatum
837 4703 991 4771 intimius
1005 4725 1110 4794 quam
1123 4704 1416 4773 circumcisionem
1436 4725 1518 4770 con·

188 4808 281 4877 necti
296 4832 373 4877 cum
389 4810 539 4879 foedere.
1596 4802 1598 4809 ¹
1634 4804 1637 4813 ’
