3534 5384
229 362 268 421 38
382 415 384 423 ι
676 375 784 420 uersis
805 375 883 419 torn
904 375 1107 421 rumorem.

231 511 320 563 (laath
342 512 416 562 »vel
438 511 534 561 «siliis
549 511 667 562 Gersam
684 526 695 559 r
714 512 759 562 vel
778 527 789 559 e
811 510 880 561 filiis
903 511 1004 562 Morari
1019 528 1043 562 r.
1058 512 1133 576 Ergo
1155 512 1306 565 difficultas
1326 528 1383 566 non
1402 518 1445 566 est
1464 518 1493 566 in
1512 530 1557 578 eo,

229 601 304 665 quod
322 601 373 652 Ex.
388 599 451 661 6,18
466 603 494 651 ct
511 600 521 650 i
538 601 602 650 Par.
612 599 657 661 6,2
671 602 699 650 et
713 599 793 660 tali
808 601 920 651 Amram
936 596 1068 652 dicatur«
1086 600 1160 652 tilius
1175 601 1265 654 Caath
1281 620 1305 653 r.
1324 604 1357 654 Et
1373 606 1398 655 si
1414 606 1444 654 in
1457 618 1564 669 genea-

236 690 312 767 logia
326 691 476 740 servatoris
494 690 562 740 Luc.
575 689 648 750 333.
662 688 695 739 tv
710 690 891 740 recensentur
912 689 976 740 Heli
996 695 1024 740 et
1040 689 1123 752 Neri,
1139 692 1187 754 qui
1202 694 1334 744 exstitere
1348 695 1443 757 patres
1457 695 1566 758 legales

234 779 315 828 titulo
328 779 476 839 leidratus,
490 789 547 827 non
562 780 605 828 est
619 790 668 828 our
682 779 711 826 ln
725 777 893 841 genealogia
907 777 1011 840 Moysis
1023 791 1080 830 non
1099 783 1267 843 agnoscatur
1279 780 1367 833 caath
1385 782 1472 852 tuisse
1486 786 1566 847 pater

230 869 344 917 Amram
364 867 444 917 titulo
468 865 568 930 legalis
589 861 757 929 adoptionis.
778 866 946 930 adoptionis
964 869 1058 918 autem
1078 881 1148 919 voce
1167 870 1272 919 utimur
1293 871 1386 934 quom
1406 884 1455 922 eos
1476 872 1562 932 solos,

229 957 277 1018 qui
300 955 511 1006 circumcisione
529 957 659 1018 suscepta
679 953 714 1004 ad
733 966 813 1005 sacra
836 955 1029 1006 Hebraeorum
1048 956 1243 1008 accedebant:
1264 959 1338 1010 inter
1360 961 1439 1023 ipsos
1461 963 1566 1025 quippe

230 1043 386 1104 Hebraeos,
403 1045 538 1108 quantum
551 1045 696 1104 novimus,
713 1042 857 1106 adoptioni
874 1045 954 1094 locus
969 1057 1026 1096 non
1041 1050 1111 1096 erat.

264 1131 296 1180 ln
310 1133 447 1195 religione
464 1131 670 1194 Hebraeorum,
687 1143 759 1196 quae
778 1133 893 1183 omnino
912 1122 1084 1184 innitebatur
1098 1136 1277 1199 genealogia,
1294 1138 1377 1189 simul
1401 1144 1496 1190 tamen
1512 1139 1563 1190 ad·

229 1220 356 1272 mittebat
374 1221 530 1284 proselytae
549 1221 687 1281 iustitiae,
703 1221 822 1272 debehat
835 1222 933 1272 haberi
947 1223 1035 1284 ratic,
1051 1235 1108 1287 qua
1121 1225 1265 1288 proselyta
1281 1226 1355 1275 intra
1369 1227 1565 1290 genealogiam

229 1307 479 1372 reciperetur.Eivrs
497 1310 634 1373 plurimus
648 1309 745 1361 debuit
758 1323 821 1361 esse
836 1324 905 1360 usus
920 1324 991 1361 aevo
1006 1313 1143 1373 mosaico,
1161 1313 1227 1362 dum
1242 1327 1313 1364 aevo
1327 1314 1451 1365 iudicum
1471 1329 1517 1366 res
1537 1318 1565 1365 in

230 1397 442 1448 desuetudinem
462 1396 520 1448 tere
533 1397 636 1448 abiisse
647 1398 767 1459 videtur,
785 1397 946 1464 christique
963 1403 1088 1464 tempore
1108 1401 1254 1452 Pharisaei
1271 1402 1306 1452 ab
1328 1403 1464 1454 Hebraeis
1479 1404 1566 1454 helle·
1635 1435 1640 1443 ·

230 1488 310 1536 nistis
331 1486 366 1537 de
384 1487 492 1537 ratione
511 1486 613 1550 agendi
635 1499 698 1537 curn
719 1487 868 1551 proselytis
881 1489 1095 1540 dissentiebant.
1110 1489 1165 1548 Qui
1185 1493 1280 1542 autem
1297 1504 1354 1542 non
1375 1493 1415 1542 ita
1433 1492 1482 1542 diu
1500 1498 1566 1542 ante

230 1575 345 1639 Moysen
360 1576 487 1626 vixerant
502 1575 585 1626 Iacob
599 1576 759 1639 patriarcha
772 1578 890 1642 eiusque
905 1575 969 1639 hili,
984 1577 1058 1629 Gen.
1075 1577 1156 1639 anie
1171 1578 1341 1639 fatebantur,
1358 1585 1491 1644 suscepta
1510 1584 1567 1631 cir-

230 1665 399 1715 cumcislone
418 1665 543 1728 potuisse
566 1663 718 1716 Salamitas
738 1666 887 1716 universos
906 1680 970 1716 oum
991 1669 1078 1731 stirpe
1098 1667 1188 1718 eleota
1206 1665 1267 1719 lieri
1284 1684 1295 1716 ι
1310 1681 1385 1719 unus
1398 1671 1523 1734 populus
1540 1687 1564 1720 r.

230 1753 272 1803 Ne
287 1753 397 1804 mireris
415 1755 547 1817 antiquos
557 1752 622 1803 illos
633 1751 776 1804 Hebraeos
795 1770 805 1802 r
822 1767 920 1804 semen
936 1754 1066 1806 Abrahae
1083 1770 1095 1803 r
1110 1756 1284 1807 intellexisse
1295 1771 1382 1808 sensu
1396 1760 1490 1808 minus
1504 1773 1567 1809 car·

231 1842 296 1902 nali,
312 1843 508 1905 generosiore,
522 1843 580 1893 imo
594 1843 714 1904 veriore,
730 1856 814 1906 quam
826 1843 997 1906 posteriores
1008 1843 1153 1894 rabbinos.

265 1929 411 1991 Ceterum,
427 1943 491 1980 cum
506 1945 517 1978 r
531 1931 576 1981 vir
593 1929 629 1981 dc
649 1931 733 1982 domo
749 1931 819 1983 Levi
835 1947 846 1980 ι
864 1933 954 1996 possit
968 1931 1080 1982 tandem
1098 1933 1184 1983 etiam
1203 1931 1293 1984 illlum
1314 1935 1415 1986 aLevi
1431 1938 1565 2001 progeni·

231 2023 291 2067 tum
305 2017 468 2082 designare,
485 2023 513 2071 et
528 2023 622 2070 textus
638 2017 689 2070 Ex.
707 2018 749 2080 2‚i
768 2019 890 2072 tortasse
903 2021 1027 2085 aliquam
1040 2023 1250 2084 corruptionem
1265 2026 1397 2087 expertus
1409 2026 1456 2084 sit,
1472 2037 1566 2090 neque

230 2121 324 2157 cama
342 2107 438 2157 limine
456 2109 626 2158 sententiam
650 2108 844 2172 repudiamus,
859 2122 933 2184 quae
955 2111 1069 2159 Amram
1089 2121 1107 2159 a
1126 2109 1217 2160 caath
1240 2116 1410 2175 prognatum
1432 2125 1495 2164 esse
1514 2115 1564 2164 de·

230 2195 329 2247 tendit.

274 2392 306 2435 v.
325 2375 345 2433 2
363 2395 379 2430 u
399 2372 494 2450 Quae
509 2369 665 2459 concepit
678 2381 710 2436 et
719 2369 854 2459 peperit
864 2370 981 2460 filiunt
1000 2398 1031 2437 u.
1046 2371 1174 2438 Eadem
1186 2373 1293 2440 verba
1304 2372 1469 2461 leguntur
1481 2381 1563 2443 Gen.

230 2481 299 2556 t,1.
319 2481 377 2555 173
397 2478 476 2556 383
489 2496 559 2564 sq.;
576 2479 628 2542 Os.
648 2481 716 2560 1‚3,
734 2475 795 2542 ubi
808 2480 926 2544 tamen
936 2478 994 2564 agi
1009 2477 1052 2543 de
1061 2467 1311 2567 primopeue'tis
1323 2502 1393 2546 non
1403 2479 1483 2547 solis
1497 2481 1566 2548 illis

230 2579 344 2647 verbis
359 2580 517 2663 efficitur,
539 2581 599 2648 sed
613 2587 783 2649 contextu.
799 2587 981 2650 Contentus
998 2584 1035 2650 h.
1054 2583 1079 2649 l.
1097 2583 1202 2651 efficit
1221 2590 1356 2674 Moysen
1377 2608 1447 2653 non
1462 2588 1565 2667 fuisse

231 2688 348 2753 matris
360 2687 513 2776 primum
523 2693 679 2777 pertum;
693 2688 813 2756 aderat
824 2696 955 2756 certem
970 2698 989 2758 t
1003 2712 1103 2757 soror
1112 2696 1195 2758 natu
1206 2693 1331 2798 maior,
1342 2714 1447 2782 quam
1461 2693 1563 2760 aliam

230 2793 330 2860 tuisse
344 2797 447 2883 etque
457 2793 593 2861 hieriam
608 2795 704 2862 nulla
714 2801 764 2862 est
779 2795 865 2862 ratio
882 2795 1109 2880 defendendi;
1125 2802 1198 2865 erat
1215 2803 1328 2866 Aaron
1342 2805 1427 2866 natu
1441 2799 1563 2883 maior,

230 2921 342 2990 neque
357 2906 406 2967 est
425 2899 511 2967 ratio
525 2900 699 2969 sufficiens
722 2901 918 2969 affirmandi
933 2925 1012 2969 eum
1027 2909 1086 2970 aut
1107 2903 1247 2971 llariam
1269 2905 1338 2971 alia
1358 2927 1429 2974 esse
1443 2912 1565 2973 natum

231 3012 350 3073 matre.
373 3032 389 3067 α
411 3007 456 3072 Et
477 3005 596 3074 uidens
611 3029 689 3074 eum
706 3007 900 3096 elepuutem
917 3035 950 3090 s,
967 3014 1063 3077 tauto
1083 3010 1199 3076 minus
1224 3010 1379 3080 animum
1401 3012 1564 3080 inducere

230 3110 341 3201 potuit
353 3116 473 3196 mater,
491 3119 530 3180 ut
542 3136 620 3180 eum
635 3114 849 3205 permitteret
860 3114 1030 3197 interimi,
1048 3115 1109 3182 sed
1127 3145 1143 3176 «
1160 3117 1337 3183 abscondit
1350 3119 1458 3186 tribus
1473 3143 1565 3187 meu·

230 3215 322 3284 sibus
340 3245 369 3302 n,
392 3218 499 3285 divini
522 3221 642 3287 auxilii
657 3219 724 3287 fide
740 3221 933 3310 reprimens
948 3223 1108 3289 timorem
1130 3223 1270 3309 tyranni
1291 3224 1406 3314 (liebr.
1434 3231 1562 3316 1133).

234 3352 248 3382 «
271 3322 336 3390 Sed
355 3325 433 3413 quis
452 3325 581 3393 nesciat
600 3326 733 3394 facilius
749 3329 948 3417 quempiam
963 3327 1129 3395 abscondi
1151 3330 1274 3416 exiguo
1289 3335 1446 3420 tempore
1461 3355 1565 3422 quam

230 3431 335 3516 longo
349 3433 383 3496 u!
404 3430 541 3520 (spu).
559 3455 592 3499 v.
610 3440 629 3500 3
648 3461 663 3494 ι(
683 3435 836 3523 Cumque
855 3434 925 3500 iarn
945 3433 1057 3501 celere
1069 3456 1139 3500 non
1148 3447 1275 3525 posset,
1293 3437 1440 3526 sumpsit
1452 3439 1566 3525 fiscel-

232 3535 304 3601 lam
317 3536 484 3627 scirpeum
507 3565 537 3619 n,
555 3539 742 3606 canistrum
755 3563 774 3606 e
789 3563 938 3631 papyro,
959 3568 975 3601 u
991 3553 1025 3606 et
1046 3540 1163 3607 linivit
1183 3563 1259 3608 eane
1280 3540 1446 3610 bitumine
1465 3573 1482 3606 t>
1506 3545 1563 3635 (ci.

233 3649 315 3711 Gen.
334 3649 429 3724 11,3;
449 3645 562 3734 raro)
586 3672 602 3706 u
621 3667 661 3712 oc
674 3646 773 3736 pice,
792 3645 979 3737 posuitque
995 3646 1339 3737 immensurabilem,
1358 3664 1392 3716 et
1410 3652 1566 3741 esposuit

233 3771 311 3814 eum
332 3748 369 3816 in
391 3763 523 3817 carecto
551 3779 581 3833 »,
597 3752 634 3818 in
652 3751 777 3834 iuncis,
796 3780 812 3814 u
838 3753 936 3844 ripae
950 3752 1112 3842 fluminis
1135 3780 1169 3834 »,
1187 3777 1220 3822 v.
1239 3761 1257 3821 t
1279 3782 1296 3815 «
1318 3768 1430 3823 stante
1442 3759 1569 3846 procul

231 3877 345 3923 sorore
365 3855 437 3924 eius
456 3870 488 3924 et
505 3857 743 3926 considerante
763 3872 919 3926 euentum
938 3859 989 3926 rei
1009 3887 1040 3927 u.

269 4071 348 4125 snt,
365 4079 423 4128 ceo.
447 4072 517 4149 unp
538 4066 652 4129 (deman
674 4069 703 4117 ln
729 4081 735 4115 :
759 4065 916 4118 zeitschrift
939 4067 989 4117 der
1013 4067 1439 4131 ventsse-Morgeniandiscnen
1461 4071 1567 4123 Gesell-

233 4151 332 4212 sebast,
350 4152 417 4204 1892
431 4167 460 4217 p.
479 4153 550 4220 120),
568 4155 640 4219 topt.
656 4168 761 4219 gome:
780 4156 904 4220 cyperus
917 4169 1041 4221 papyrus
1054 4155 1088 4208 L.
1105 4156 1149 4208 Gi.
1166 4157 1361 4207 Knubeubauer
1376 4159 1405 4209 in
1419 4159 1470 4210 Iob
1491 4161 1564 4221 8,ii.

234 4240 319 4301 Vide,
336 4254 409 4304 quae
423 4242 508 4294 habet
519 4243 623 4294 h'rmau
641 4243 800 4309 (Aegypton
813 4259 840 4309 p.
856 4243 907 4296 635
927 4243 999 4313 sqq.)
1014 4245 1050 4296 de
1065 4247 1179 4309 scaphis
1193 4259 1208 4297 e
1221 4247 1361 4310 colligatis
1373 4250 1473 4312 papyri
1487 4249 1567 4299 cala-

234 4332 286 4379 mis
301 4330 443 4392 contectis,
460 4333 575 4396 qulbus,
594 4333 668 4398 quod
683 4335 722 4384 ita
736 4335 814 4385 leves
828 4335 937 4394 essent,
951 4335 1082 4399 aegyptii
1096 4336 1274 4398 potissimum
1288 4337 1319 4385 in
1337 4337 1419 4400 aquis
1435 4339 1567 4388 tenuibus

234 4418 392 4470 utebantur.
409 4421 499 4471 Etiam
520 4424 642 4473 canistra
661 4436 676 4473 e
695 4436 800 4487 papyro
821 4421 1050 4483 conficiebantur,
1067 4425 1105 4473 ib.
1121 4438 1149 4488 p.
1167 4423 1228 4474 594.
1244 4423 1365 4476 Goniicit
1385 4426 1468 4476 libers
1486 4440 1515 4491 p.
1529 4427 1563 4476 82

236 4509 304 4557 lraec
318 4507 392 4558 lacta
410 4523 486 4571 esse,
504 4523 560 4561 non
575 4521 662 4576 prope
680 4510 844 4576 Memphim,
861 4513 910 4563 ubi
923 4513 1079 4575 rapidiores
1094 4513 1188 4563 undae
1208 4525 1273 4562 mox
1297 4515 1449 4565 canistrum
1468 4529 1567 4567 econ-

235 4603 331 4660 spectu
350 4599 455 4650 sororis
470 4601 668 4662 removissent,
683 4600 732 4652 sed
751 4614 838 4666 prope
857 4601 948 4652 Tanin
961 4601 1007 4652 vel
1026 4601 1196 4659 Ramessen‚
1213 4613 1269 4664 utro
1290 4614 1374 4666 saepe
1395 4606 1568 4657 concedebat

236 4687 385 4737 Ramesses
400 4689 425 4738 ll
445 4687 625 4753 linebantque
644 4703 734 4754 aqrrae
751 4689 899 4754 lentiores,
913 4695 944 4740 ut
964 4690 1047 4741 facile
1061 4691 1214 4740 canistrum
1232 4691 1306 4740 intra
1326 4693 1425 4743 iuncos
1446 4694 1563 4745 haerere

236 4777 368 4838 potuerit.
