3534 5384
257 348 320 409 256
665 364 806 409 novenas
828 363 985 408 sacnoaux
1005 364 1187 409 rnsrirurro.

253 516 318 553 nam
333 502 443 553 tabulae
458 502 581 565 alioyse
596 500 726 552 manibus
738 500 936 552 deferebantur
954 498 1013 568 (lix.
1031 502 1126 562 32‚15;
1153 501 1236 553 Deut.
1256 501 1327 564 1031
1344 504 1385 561 61,
1402 502 1470 553 11661
1484 505 1578 555 essent

256 594 399 655 «scriptae
413 604 448 641 ex
463 596 580 655 utraque
594 592 673 653 parte
691 606 701 637 1
721 586 780 655 (Ex.
799 589 906 655 sats),
924 604 981 642 non
995 592 1125 654 poterant
1136 592 1247 652 omnia,
1265 604 1339 655 quae
1356 604 1417 654 cap.
1435 590 1520 642 ‘ta-ts
1540 592 1582 642 le·

254 682 366 743 guntur,
383 680 516 744 inscripta
530 680 643 729 habere.
660 678 786 730 Ridicule
800 680 843 729 Pa.
860 680 920 729 ion.
934 680 990 729 illia
1005 679 1109 730 tabulis
1124 680 1258 744 inscripta
1268 679 1355 730 luisse
1374 679 1518 730 affirmat»
1535 694 1582 731 re·

253 770 330 833 liqua
354 769 440 819 verba
462 768 534 831 legis
549 771 577 818 et
597 772 731 819 sexcenta
752 768 884 819 tredecim
911 771 1061 833 praecepta
1082 784 1106 817 1.
1128 770 1201 831 Apte
1219 770 1288 818 icat.
1305 768 1389 832 tapam
1408 782 1438 818 ac
1452 769 1583 819 madata

252 858 414 923 pronuntiat
427 870 489 909 esse
504 854 529 907 ἓν
543 852 583 905 διὰ
598 855 679 907 δυοῖν.
696 858 772 907 11666
794 859 939 921 expressio
953 858 1055 921 copula
1067 858 1193 921 iungitur
1208 859 1271 907 voci
1286 858 1474 921 praecedenti,
1490 870 1582 923 neque

255 948 326 997 alius
341 959 403 997 csse
417 948 508 1009 potest
520 958 636 1007 sensus,
666 958 750 1009 quam
771 945 854 1009 tapam
880 960 910 995 oc
933 946 1065 995 mandata
1081 946 1216 1010 inscripta
1234 959 1297 997 esse
1316 947 1429 996 tabidis.
1450 944 1582 997 Ceterum

254 1036 383 1099 copulam
397 1036 528 1099 ignorant
540 1039 614 1085 Sam.
629 1036 692 1084 iii
698 1072 705 1095 ,
719 1034 873 1085 secundum
888 1047 960 1099 quos
973 1037 1118 1098 expressio
1133 1035 1181 1085 illa
1195 1036 1248 1085 erit
1265 1034 1427 1099 accipienda
1441 1036 1583 1099 tamqnam

253 1124 417 1188 epexegesis
437 1124 543 1188 aliqua,
564 1123 708 1188 explicans
722 1123 842 1173 tabulas.
868 1122 958 1187 Urget
985 1123 1093 1184 bitin,
1114 1123 1280 1187 decalogum
1298 1136 1356 1174 non
1374 1136 1458 1187 posse
1477 1123 1583 1174 adstrui

254 1226 317 1265 csse
331 1214 408 1263 illam
423 1213 514 1277 legem
529 1216 557 1263 et
571 1211 718 1273 mandata,
733 1225 805 1277 quae
820 1211 967 1262 israelitae
981 1214 1075 1262 essent
1089 1213 1215 1273 docendi,
1231 1224 1294 1263 cum
1310 1225 1344 1262 ea
1358 1212 1413 1275 ipsi
1427 1212 1582 1263 breviante

254 1302 336 1353 eDei
355 1314 403 1352 ore
420 1301 602 1351 auertissent.
623 1302 659 1351 at
676 1300 829 1364 repetenda
843 1302 948 1351 cretea
966 1300 1092 1351 doctrina
1106 1303 1134 1351 et
1150 1300 1186 1351 ad
1208 1303 1338 1365 posteros
1353 1300 1579 1358 transmittenda,

253 1390 289 1441 ad
303 1403 386 1454 qtrem
400 1390 485 1441 linem
497 1390 662 1441 utilissimus
676 1402 743 1439 sane
758 1389 868 1440 iuturus
886 1391 947 1440 erat
966 1391 1059 1440 textus
1072 1390 1250 1440 authenticus
1269 1390 1322 1441 Dei
1337 1402 1423 1440 manu
1436 1392 1577 1440 exaratus.

255 1480 404 1531 Praeterea
417 1481 511 1529 omnia
524 1478 596 1539 tere,
614 1490 685 1543 quae
700 1491 761 1542 cap.
779 1476 863 1529 20-‘25
877 1478 1025 1538 habentur,
1042 1480 1125 1529 unius
1144 1478 1295 1530 alteriusve
1315 1478 1441 1529 mandati
1458 1477 1582 1529 edecem

254 1568 319 1618 sunt
342 1569 462 1632 penitior
478 1567 630 1618 declaratio
651 1568 679 1617 et
696 1568 861 1631 applicatio,
877 1572 908 1617 ut
929 1567 1042 1617 tabulae
1059 1565 1094 1617 ad
1113 1568 1185 1617 haec
1201 1579 1313 1632 quoque
1332 1566 1499 1618 inculcanda
1517 1567 1582 1617 usui

254 1654 363 1707 loturae
378 1660 481 1709 essent.

300 1800 330 1843 v.
350 1782 389 1842 13
408 1804 423 1839 n
440 1778 669 1844 Surreaernnt
684 1780 816 1864 Moyses
830 1788 862 1841 et
876 1777 973 1842 Iasae
987 1775 1142 1842 minister
1155 1776 1230 1842 eins
1246 1803 1277 1844 ».
1294 1778 1386 1843 LXX
1402 1786 1417 1844 ὁ
1432 1805 1581 1865 παρεστη-

254 1883 314 1964 κὼς
330 1885 498 1973 6161166.
513 1886 645 1972 Syenen.
666 1882 788 1951 Theoti.
806 1894 819 1951 1
834 1890 1010 1971 λειτουργὸς
1028 1888 1129 1951 abaco.
1149 1887 1215 1949 Vox
1229 1888 1320 1950 certe
1334 1904 1469 1949 seruam
1483 1882 1578 1962 dicii,

253 1988 458 2080 quandoque
470 1989 506 2056 in
515 1990 617 2057 sacris
628 1989 803 2056 faciendis.
818 1989 883 2056 Sed
897 1994 995 2056 Num.
1014 1994 1113 2070 11,Ξὸ
1128 1989 1254 2056 dieitur
1271 1994 1363 2056 losue
1377 2004 1455 2054 nul:
1470 2004 1578 2058 naun.

252 2111 381 2180 11111111,
396 2100 433 2164 111
447 2096 554 2182 igitur
566 2100 662 2163 losue
672 2096 804 2165 fuerite
819 2118 964 2162 numero
981 2111 1093 2162 ursin:
1105 2096 1235 2183 lloysis.
1253 2100 1344 2174 Quae
1358 2118 1423 2163 vox
1437 2096 1581 2179 electos,

254 2202 511 2285 iuuenessonat,
524 2201 594 2267 imo
609 2200 787 2269 bellatores
805 2206 856 2287 (is.
870 2208 970 2283 9,16;
985 2209 1080 2287 31,8;
1098 2207 1162 2271 ler.
1177 2202 1304 2292 1831).
1322 2201 1468 2269 Adverte
1478 2203 1580 2268 etiam

256 2315 333 2390 17,9
358 2315 454 2375 losue
473 2306 614 2396 prodire
633 2306 678 2375 ad
698 2307 868 2397 proelium
893 2314 1072 2398 umquam
1099 2308 1264 2376 exercitus
1292 2308 1427 2376 ducem.
1448 2308 1581 2374 Nullius

253 2420 331 2481 ante
342 2419 437 2481 Dent.
456 2419 496 2481 31
509 2413 726 2481 revelationis
740 2413 851 2481 socius
865 2414 1049 2481 assumitur
1061 2419 1172 2498 lasne,
1189 2420 1224 2482 et
1233 2415 1384 2501 gratuito
1399 2422 1477 2482 cum
1492 2417 1577 2481 Tost.

250 2520 366 2609 plures
379 2520 548 2601 inierunt,
566 2541 701 2609 semper
716 2542 793 2587 cum
807 2525 915 2608 lloyse
930 2519 1119 2587 ascendisse
1137 2526 1251 2606 losue,
1265 2522 1344 2588 licet
1360 2521 1396 2587 id
1409 2521 1445 2589 h.
1462 2520 1487 2587 l.
1504 2526 1580 2588 tan-

249 2626 430 2692 tummodo
451 2626 675 2715 exprimatur.
698 2626 894 2707 Rationem,
911 2649 974 2693 cnr
988 2627 1054 2694 hac
1068 2649 1136 2693 una
1151 2627 1223 2694 vice
1241 2649 1319 2694 cum
1335 2632 1444 2715 Moyse
1460 2649 1579 2694 ascen·
1653 2637 1659 2646 ’

250 2732 337 2800 disse
357 2732 540 2817 scribatur,
563 2732 619 2800 vix
640 2734 817 2820 assignare
839 2732 984 2822 poterit,
1011 2734 1070 2823 qui
1089 2756 1161 2801 non
1182 2734 1408 2824 perspexerit,
1426 2756 1515 2823 quae
1537 2732 1579 2800 dc

250 2838 384 2929 antiqui
401 2839 531 2906 ordinis
547 2838 766 2906 sacerdotum
785 2839 821 2905 in
836 2845 971 2928 lloysen
987 2840 1127 2906 invidiis
1148 2839 1359 2908 dicebamus.
1379 2845 1579 2907 Decreverat

251 2945 358 3032 igitur
372 2951 459 3013 lleus
474 2946 748 3036 superstitionem
770 2946 869 3013 vituli
883 2946 980 3014 aurei
995 2946 1211 3036 permittere,
1232 2969 1301 3036 quo
1318 2945 1370 3013 illi
1389 2945 1578 3014 sacerdotes

251 3075 314 3143 pro
329 3053 457 3119 meritis
471 3053 732 3144 perimerentur.
748 3056 800 3134 nt,
819 3052 846 3119 si
861 3053 950 3120 fidus
965 3053 1129 3140 magister
1141 3052 1307 3120 exercitus
1320 3054 1356 3119 in
1370 3054 1488 3120 castris
1503 3074 1579 3144 per·

251 3160 426 3240 manebat,
443 3181 622 3248 nunqnam
637 3164 739 3249 caput
763 3164 918 3226 eractura
933 3166 1007 3227 erat
1029 3158 1164 3226 seditio.
1187 3165 1233 3226 Eo
1249 3160 1389 3226 absente
1415 3159 1577 3226 carebant

251 3264 335 3332 duce
354 3263 547 3343 bellatores
569 3264 738 3355 imprimis
755 3265 987 3354 Ephraimitae
1008 3274 1055 3349 et,
1078 3266 1163 3355 quid
1182 3271 1326 3353 agerent
1346 3265 1467 3348 nescii,
1491 3264 1577 3332 nibil

253 3369 392 3437 omnino
412 3378 509 3438 erant
524 3371 646 3438 acturi.
666 3371 705 3436 ld
721 3376 757 3436 ut
771 3372 868 3438 fieret
882 3371 1052 3439 abductus
1066 3372 1166 3439 estin
1182 3377 1333 3438 montem
1348 3376 1455 3440 losue.
1480 3399 1496 3432 n
1513 3373 1578 3438 As-

252 3476 465 3566 candensque
479 3472 611 3567 Moyses
623 3477 659 3543 in
674 3490 822 3544 moratam
839 3477 902 3544 Dei
919 3507 948 3560 »,
966 3501 998 3544 v.
1024 3485 1064 3545 it
1087 3505 1103 3539 n
1123 3478 1313 3545 senioribus
1331 3478 1382 3544 ait
1401 3500 1414 3543 .·
1431 3481 1580 3569 Exspec-

249 3583 398 3668 tatelu'c,
415 3582 520 3650 donec
536 3597 744 3651 revertantur
758 3582 805 3651 ad
817 3607 874 3649 aas
888 3613 919 3652 n.
938 3585 999 3664 Qui
1013 3608 1046 3650 v.
1066 3590 1107 3651 12
1122 3585 1164 3652 de
1179 3586 1301 3652 eodem
1315 3589 1418 3674 atque
1434 3608 1467 3652 v.
1483 3590 1502 3650 9
1519 3583 1579 3671 agi

248 3712 388 3757 ascensu
406 3694 601 3775 autumant,
618 3691 856 3758 difficultatem
870 3690 1002 3758 habent
1015 3690 1053 3756 in
1067 3714 1149 3758 voce
1166 3691 1232 3759 iic.
1251 3691 1314 3759 Ubi
1331 3690 1441 3759 Caini.
1460 3694 1575 3781 putat,

249 3818 355 3865 manu
363 3797 651 3865 demonstrantem
661 3797 816 3865 subiecta
825 3803 936 3865 castra
945 3796 1131 3865 dixissetis
1140 3798 1196 3887 (l);
1207 3804 1267 3865 aut
1280 3819 1400 3887 reapse
1409 3795 1580 3865 eavooula

250 3903 397 3971 eundem
413 3903 621 3991 significasse
637 3904 768 3986 locum,
785 3926 853 3993 quo
870 3903 943 3994 ipse
959 3926 991 3970 v.
1010 3910 1029 3971 9
1050 3927 1129 3972 611111
1143 3904 1336 3972 senioribus
1350 3902 1576 3986 ascendisset,

252 4009 343 4098 quod
359 4032 392 4077 se
413 4031 484 4077 non
502 4010 551 4076 ita
570 4009 630 4076 diu
649 4012 685 4077 in
707 4010 833 4077 vertice
853 4010 980 4077 montis
1000 4017 1288 4078 commoraturum
1307 4011 1495 4101 putaverit;
1519 4009 1579 4077 sed

252 4139 291 4183 eo
306 4116 429 4203 longas
444 4138 556 4185 moras
571 4117 744 4198 trahente,
761 4116 911 4184 seniores
926 4116 962 4184 in
979 4122 1090 4185 castra
1106 4116 1330 4184 descendisse.
1349 4121 1414 4184 Nos
1428 4138 1509 4183 voce
1524 4114 1580 4181 laic

252 4222 479 4309 intelligimus
493 4222 568 4313 ipsa
582 4227 708 4305 castra,
727 4223 763 4289 in
783 4244 870 4312 quae
886 4228 1010 4312 lloyses
1024 4247 1055 4290 v.
1076 4230 1115 4291 11
1132 4223 1176 4290 ad
1196 4224 1336 4314 epulum
1350 4244 1486 4290 sacrum
1502 4221 1578 4289 des-

252 4328 428 4411 cenderat,
454 4334 488 4395 61
500 4328 592 4397 unde
616 4352 647 4397 v.
670 4335 710 4396 12
730 4352 749 4395 a
768 4334 836 4395 lieo
853 4330 1045 4398 arcessitur.
1069 4358 1085 4392 6
1110 4330 1251 4397 Habetis
1274 4333 1392 4398 Aaron
1413 4342 1445 4396 et
1465 4332 1541 4395 Har
1562 4357 1577 4387 υ

254 4434 380 4523 (luto)
397 4462 413 4497 u
425 4434 596 4502 uobiscum
611 4435 663 4502 :si
676 4434 762 4525 qnid
772 4448 892 4503 nattam
902 4435 1530 4527 faceritquaestionisreferetisadeos
1545 4464 1575 4501 s.

253 4541 407 4608 Feliciter
427 4541 527 4631 iniq.
543 4564 681 4609 sensum
703 4541 816 4610 reddit
832 4545 933 4610 Hedr.
948 4566 962 4609 .·
977 4544 1185 4634 periculaque
1205 4543 1366 4611 dontinus
1381 4542 1574 4626 uerborum,

251 4648 567 4739 appropinquaturi
586 4672 652 4717 eos.
673 4654 777 4716 Porro
797 4652 897 4716 uerba
913 4651 1017 4717 etiam
1032 4651 1228 4737 significant
1247 4671 1382 4730 causas,
1400 4649 1512 4717 rixas:
1530 4649 1575 4716 ci.

253 4762 424 4832 tate-19.
443 4762 501 4835 26;
515 4762 606 4841 228.
625 4760 750 4824 Causae
764 4745 926 4841 minores,
944 4758 1127 4838 1111611166,
1145 4758 1188 4825 ad
1204 4758 1354 4826 seniores
1366 4760 1465 4839 isat
1480 4756 1578 4823 insti-
1604 4783 1608 4787 “
