3534 5384
78 979 91 1016 t

269 359 330 418 lle
824 373 912 415 menn
934 371 1045 416 nacon.

269 508 423 599 AEpypti,
439 509 476 573 iu
490 531 562 597 quo
576 507 766 592 dubitastis,
783 530 853 572 non
864 507 1025 595 facietis;
1040 520 1072 574 et
1087 507 1186 573 iuxta
1201 529 1329 573 rnorem
1341 506 1492 596 reqiom's
1509 507 1600 576 Gla-

267 639 377 697 ucen,
395 615 443 681 ad
453 638 558 705 quam
568 637 631 703 eqo
642 613 981 681 introducturus-amu
996 635 1067 697 cos,
1083 613 1289 702 aucuperis,
1306 636 1367 681 nec
1381 615 1418 681 in
1434 613 1600 703 leqiu'mis

267 745 384 790 eorum
407 721 628 789 anibulaoie‘s
651 751 680 788 ».
706 725 796 798 Quae
817 719 1025 807 generaliori
1044 721 1184 786 nomine
1199 743 1326 810 praees
1340 736 1454 794 nuru,
1474 721 1597 788 eadem

266 853 344 897 mox
358 830 462 896 modo
477 845 544 922 upn
558 827 714 918 lepitimu
728 849 791 894 usu
805 833 954 916 recepta,
971 826 1071 894 modo
1087 841 1229 894 crunon
1244 826 1376 894 iudicia
1386 829 1593 895 auctoritate

265 936 381 1026 aliqua
399 936 583 1002 constituta
600 939 778 1001 vocantur.
801 957 833 999 v.
856 939 875 998 t
895 961 910 994 α
931 933 1078 1000 Facietis
1102 963 1116 994 s
1141 957 1222 1002 vero
1247 963 1262 996 u
1290 934 1422 1001 iudicia
1446 957 1538 1020 mec,
1558 947 1593 1001 et

258 1056 445 1134 praecepta
468 1063 545 1108 mec
562 1041 752 1122 sunabitis,
777 1051 809 1105 et
829 1039 1051 1106 curboilutitis
1073 1039 1188 1107 ineis.
1213 1043 1286 1130 Epo
1306 1040 1476 1108 Dominus
1496 1045 1591 1109 Deus

267 1160 374 1216 cester
390 1178 419 1214 ».
437 1156 503 1216 v.5
520 1175 536 1209 «
557 1146 733 1216 Custodite
748 1146 838 1234 lupos
853 1167 946 1213 meas
961 1159 1065 1236 atque
1078 1145 1221 1228 iudicia,
1240 1171 1329 1238 quae
1341 1148 1477 1236 faciens
1494 1148 1595 1215 domo

266 1257 355 1322 uiuet
370 1256 406 1322 iu
429 1253 477 1322 eie
495 1281 510 1316 »
534 1254 591 1343 (of.
614 1259 668 1321 uz.
691 1255 819 1342 bodl).
840 1253 952 1320 Verba
973 1255 1079 1320 etiam
1105 1253 1213 1320 citant
1234 1259 1331 1322 Rom.
1361 1262 1438 1335 10,5
1468 1259 1501 1322 et
1520 1256 1595 1324 Gal.

267 1370 347 1446 :Mt
373 1362 418 1429 ad
438 1359 763 1440 demonstrandum,
788 1360 903 1446 legem
922 1359 1128 1449 praestitisse
1147 1361 1352 1428 bonevitae
1375 1362 1596 1451 temporalis,

267 1471 350 1537 dum
370 1467 481 1556 gratia
496 1473 646 1558 praestet
667 1467 758 1532 bona
780 1467 869 1533 vitae
892 1473 1063 1534 aeternae.
1091 1469 1265 1558 Expressio
1289 1469 1478 1558 opponitur
1496 1469 1596 1537 alteri

270 1581 370 1658 lint
389 1575 554 1658 interibit,
577 1580 611 1640 et
628 1572 810 1640 similibus.
836 1600 852 1635 «
875 1574 950 1662 Epo
971 1573 1143 1640 Dominus
1165 1601 1195 1640 ».

677 1827 704 1877 b.
722 1826 846 1889 copulae
861 1829 964 1878 vetitae
979 1827 1046 1878 Lev.
1067 1827 1189 1888 lae-23.

314 2018 379 2080 Lex
393 2013 495 2079 datur
509 2009 609 2092 vitis,
625 2032 695 2076 non
712 2010 804 2078 enim
824 2009 947 2076 mulier
962 2011 1075 2076 virum
1089 2010 1235 2098 subigit,
1253 2012 1314 2078 sed
1328 2013 1510 2080 mulierem
1527 2013 1593 2078 vir.

270 2117 435 2186 Prohibet
448 2141 488 2184 ea
502 2117 702 2184 immediate
717 2115 892 2205 copulam,
911 2137 994 2202 ergo
1010 2138 1080 2184 non
1093 2118 1202 2184 solam
1217 2124 1478 2208 permanentem
1492 2119 1599 2187 unio-

271 2236 351 2294 nem
366 2230 587 2306 attentatam,
604 2223 665 2290 sed
680 2223 733 2290 vel
747 2221 889 2289 unicum
901 2225 1138 2306 incestuosum,
1155 2224 1405 2306 adulterinum,
1418 2226 1488 2292 imo
1502 2249 1535 2292 v.
1556 2233 1597 2292 19

274 2354 352 2399 eum
375 2332 516 2421 propria
538 2350 642 2396 uxore
662 2327 941 2418 intempestivum
966 2329 1105 2397 coitum.
1129 2331 1304 2424 Similiter,
1332 2333 1426 2422 quod
1447 2355 1522 2422 cap.
1554 2339 1597 2400 20

273 2439 429 2528 punitur,
448 2457 518 2502 non
533 2441 584 2502 est
598 2434 812 2501 solummodo
829 2435 997 2502 eiusmodi
1011 2437 1272 2505 matrimonium
1291 2443 1513 2520 attentatum,
1535 2439 1598 2506 sed

274 2544 409 2634 copula.
429 2547 553 2609 Tamen
573 2540 659 2628 legis
673 2545 751 2608 Lev.
773 2546 814 2607 18
833 2540 911 2606 finis
925 2542 1110 2630 primarius
1129 2544 1249 2634 utique
1273 2551 1322 2611 est
1337 2544 1498 2612 inhibere
1517 2569 1602 2613 con-

272 2649 542 2738 sanguineorum
557 2655 591 2716 et
610 2647 769 2714 affinium
786 2648 948 2734 coniugia
970 2670 977 2716 :
996 2671 1084 2739 quae
1103 2650 1334 2718 efficacissime
1349 2651 1600 2719 inhibebantur

271 2760 346 2848 ipsa
365 2757 554 2848 proscripta
573 2755 705 2844 copula.

314 2871 393 2946 Lex,
412 2862 522 2955 qualis
540 2869 620 2928 ante
638 2866 773 2949 Moysen
794 2867 968 2948 viguerat,
993 2884 1062 2930 non
1081 2862 1217 2930 videtur
1235 2865 1450 2954 prohibuisse
1464 2865 1595 2932 olieni-

268 2995 437 3062 qeuurum
451 2969 622 3054 coniugia.
641 2973 666 3034 E
681 2972 763 3036 Gen.
783 2974 880 3050 2t‚3;
899 2975 1017 3051 26‚3t;
1036 2976 1114 3050 28,1
1131 2991 1181 3060 sq.
1202 2992 1272 3037 non
1287 2971 1436 3038 efficitur
1449 2970 1599 3061 patriar·

269 3082 413 3147 charum
439 3097 523 3144 aevo
547 3073 715 3142 eiusmodi
737 3075 902 3160 coniugia
921 3075 1024 3142 fuisse
1049 3076 1166 3144 stricte
1192 3077 1383 3166 prohibita,
1407 3078 1467 3144 sed
1485 3081 1596 3146 solum

269 3186 389 3254 habita
402 3206 472 3251 esse
487 3182 601 3248 minus
611 3181 765 3247 honesta.
784 3185 908 3247 Verum
923 3181 1093 3272 adscripto
1109 3206 1141 3250 v.
1160 3190 1200 3249 21
1214 3189 1339 3272 Moyses
1354 3185 1596 3274 praecedentia

270 3293 388 3360 omnia
409 3290 454 3379 (v.
476 3288 570 3376 6-20)
590 3287 635 3353 ad
653 3287 815 3354 mulieres
834 3287 1004 3355 Hebraeas
1022 3288 1199 3372 limitavit,
1224 3291 1351 3357 coitum
1375 3314 1455 3360 cum
1475 3291 1599 3358 alieni·

270 3420 361 3486 gena
379 3395 534 3486 absolute
547 3392 719 3459 inhibens.
736 3397 842 3470 Quem
860 3416 998 3462 versum
1013 3397 1114 3483 Moysi
1134 3396 1363 3480 attribuimus,
1380 3420 1459 3464 eum
1477 3399 1522 3466 ob
1538 3421 1599 3465 ex-

271 3503 482 3596 pressionem
503 3498 710 3566 familiarem
737 3528 752 3560 «
780 3522 851 3566 non
877 3500 1010 3589 pollues
1042 3523 1165 3568 nomen
1190 3503 1248 3568 bei
1270 3504 1372 3586 tui»,
1396 3506 1592 3572 etalteram

272 3610 522 3700 expressionem
537 3607 572 3671 in
587 3605 758 3694 prioribus
773 3628 992 3695 nequaquam
1009 3607 1200 3676 adhibitam
1217 3637 1232 3671 ι(
1250 3609 1437 3678 desemine
1455 3617 1514 3679 tuo
1526 3633 1595 3679 non

273 3718 372 3786 dabis
399 3710 698 3782 transmittendum
727 3740 756 3794 u,
782 3720 857 3778 tum
877 3712 955 3780 ideo
975 3713 1067 3803 quod
1085 3714 1251 3783 eiusmodi
1270 3719 1386 3784 stricta
1405 3717 1599 3807 prohibitio

271 3829 350 3893 ante
366 3829 498 3910 Moysen
513 3823 604 3886 certe
616 3840 686 3884 non
701 3819 812 3901 fuerit,
827 3819 909 3886 inde
924 3841 945 3886 a
958 3825 1065 3908 Moyse
1084 3825 1174 3889 certe
1189 3823 1354 3909 viguerit,
1372 3846 1455 3911 ergo
1469 3847 1598 3914 suppo-

271 3931 385 4000 nenda
403 3928 446 3996 sit
467 3951 488 3994 a
501 3931 610 4013 Moyse
626 3947 696 3992 esse
716 3925 862 3992 invecta.
880 3930 1037 3993 Ceterum
1050 3927 1205 4011 adverte,
1221 3929 1453 4017 alienigenam
1474 3931 1598 3998 ritibus

270 4039 501 4106 Hebraeorum
522 4032 740 4099 accedentem
756 4055 797 4096 eo
811 4033 889 4121 ipso
906 4034 1031 4100 factam
1051 4057 1121 4101 esse
1139 4035 1328 4104 Hebraeam
1348 4038 1448 4127 eique
1463 4039 1595 4105 aditum

268 4146 417 4237 patuisse
432 4139 474 4208 ad
490 4140 681 4205 hebraeum
696 4143 821 4207 torum.
839 4143 875 4203 V.
894 4146 934 4205 21
946 4141 1098 4208 confodit
1112 4142 1334 4210 matrimonia
1345 4143 1461 4211 mixta.
1480 4144 1595 4212 Etiam

268 4277 301 4319 v.
331 4257 430 4317 18-20
451 4245 658 4354 recentiores
682 4267 751 4310 esse
773 4244 936 4312 videntur
961 4269 1065 4335 quam
1084 4270 1116 4314 v.
1142 4254 1237 4332 8-17,
1260 4252 1320 4339 qui
1344 4251 1595 4341 impedimenta

269 4356 507 4451 permanentia
522 4356 700 4418 recensent
712 4356 745 4417 et
758 4372 837 4418 voce
851 4367 926 4420 usal
940 4353 1070 4440 singuli
1080 4355 1272 4436 ordiuntur,
1291 4356 1373 4424 dum
1389 4381 1422 4424 v.
1440 4363 1539 4425 18-Ἇο
1556 4358 1598 4425 de

270 4461 528 4556 impedimentis
556 4462 664 4544 agunt
692 4459 931 4546 temporaneis.
962 4463 1062 4544 Nota,
1089 4462 1210 4529 lecobo
1240 4464 1290 4529 fas
1317 4464 1436 4531 adhuc
1465 4465 1511 4555 (a.
1542 4464 1595 4553 18)

270 4576 371 4641 fuisse
393 4567 528 4637 duabus
552 4563 654 4629 simul
676 4563 851 4630 sororibus
871 4565 921 4631 uti
941 4567 1112 4635 uxoribus
1132 4575 1259 4636 Tamen
1280 4593 1312 4637 v.
1339 4577 1439 4638 seeo
1460 4571 1597 4660 abipso

270 4687 377 4768 Moyse
394 4699 464 4743 esse
484 4672 629 4753 adiecta,
645 4669 819 4738 affirmare
838 4693 909 4738 non
923 4673 1049 4758 ausim;
1067 4679 1210 4764 potuere
1227 4677 1311 4744 haee
1327 4699 1398 4745 esse
1418 4677 1477 4744 illo
1492 4678 1599 4767 paulo

272 4784 479 4875 antiquiora.
