<?xml version="1.0" encoding="UTF-8"?>
<!DOCTYPE html PUBLIC "-//W3C//DTD XHTML 1.0 Transitional//EN"
    "http://www.w3.org/TR/xhtml1/DTD/xhtml1-transitional.dtd">
<html xmlns="http://www.w3.org/1999/xhtml" xml:lang="en" lang="en">
 <head>
  <title>
</title>
<meta http-equiv="Content-Type" content="text/html;charset=utf-8" />
  <meta name='ocr-system' content='tesseract 3.04.00' />
  <meta name='ocr-capabilities' content='ocr_page ocr_carea ocr_par ocr_line ocrx_word'/>
</head>
<body>
  <div class='ocr_page' id='page_1' title='image "./commentariusine00hummgoog/commentariusine00hummgoog_0507.png"; bbox 0 0 3534 5384; ppageno 0'>
   <div class='ocr_carea' id='block_1_1' title="bbox 729 337 1523 410">
    <p class='ocr_par' dir='ltr' id='par_1_1' title="bbox 729 337 1523 410">
     <span class='ocr_line' id='line_1_1' title="bbox 729 337 1523 410; baseline 0.001 -14"><span class='ocrx_word' id='word_1_1' title='bbox 729 353 793 397; x_wconf 82' lang='lat' dir='ltr'><strong>mv.</strong></span> <span class='ocrx_word' id='word_1_2' title='bbox 818 337 908 410; x_wconf 71' lang='lat' dir='ltr'><strong>lala</strong></span> <span class='ocrx_word' id='word_1_3' title='bbox 928 354 993 408; x_wconf 87' lang='lat' dir='ltr'><strong>soo.</strong></span> <span class='ocrx_word' id='word_1_4' title='bbox 1346 363 1353 375; x_wconf 92' lang='lat'><strong>·</strong></span> <span class='ocrx_word' id='word_1_5' title='bbox 1468 339 1523 398; x_wconf 71' lang='grc'><strong>491</strong></span> 
     </span>
    </p>
   </div>
   <div class='ocr_carea' id='block_1_2' title="bbox 194 484 1529 1404">
    <p class='ocr_par' dir='ltr' id='par_1_2' title="bbox 194 484 1529 1404">
     <span class='ocr_line' id='line_1_2' title="bbox 194 484 1527 578; baseline -0.002 -24"><span class='ocrx_word' id='word_1_6' title='bbox 194 507 264 554; x_wconf 86' lang='lat' dir='ltr'><strong>vas.</strong></span> <span class='ocrx_word' id='word_1_7' title='bbox 285 514 301 547; x_wconf 92' lang='lat'>«</span> <span class='ocrx_word' id='word_1_8' title='bbox 318 488 407 553; x_wconf 80' lang='lat' dir='ltr'><strong>Iuste</strong></span> <span class='ocrx_word' id='word_1_9' title='bbox 422 484 541 552; x_wconf 83' lang='lat' dir='ltr'><strong>iudica</strong></span> <span class='ocrx_word' id='word_1_10' title='bbox 549 485 711 575; x_wconf 74' lang='lat' dir='ltr'><strong>proximo</strong></span> <span class='ocrx_word' id='word_1_11' title='bbox 726 499 784 552; x_wconf 77' lang='lat' dir='ltr'><strong>tran</strong></span> <span class='ocrx_word' id='word_1_12' title='bbox 803 515 833 568; x_wconf 87' lang='lat'><strong>»‚</strong></span> <span class='ocrx_word' id='word_1_13' title='bbox 843 486 1010 578; x_wconf 80' lang='lat' dir='ltr'><strong>populari</strong></span> <span class='ocrx_word' id='word_1_14' title='bbox 1027 499 1097 553; x_wconf 80' lang='lat' dir='ltr'><strong>tuo.</strong></span> <span class='ocrx_word' id='word_1_15' title='bbox 1114 489 1152 551; x_wconf 84' lang='lat' dir='ltr'><strong>Et</strong></span> <span class='ocrx_word' id='word_1_16' title='bbox 1166 487 1251 554; x_wconf 91' lang='lat' dir='ltr'><strong>haee</strong></span> <span class='ocrx_word' id='word_1_17' title='bbox 1264 486 1403 578; x_wconf 87' lang='lat' dir='ltr'><strong>quidem</strong></span> <span class='ocrx_word' id='word_1_18' title='bbox 1419 487 1527 554; x_wconf 88' lang='lat' dir='ltr'><strong>iudici</strong></span> 
     </span>
     <span class='ocr_line' id='line_1_3' title="bbox 195 591 1527 681; baseline 0 -23"><span class='ocrx_word' id='word_1_19' title='bbox 195 591 369 674; x_wconf 89' lang='lat' dir='ltr'><strong>dicuntur,</strong></span> <span class='ocrx_word' id='word_1_20' title='bbox 391 591 568 681; x_wconf 89' lang='lat' dir='ltr'><strong>sequentia</strong></span> <span class='ocrx_word' id='word_1_21' title='bbox 584 593 688 659; x_wconf 88' lang='lat' dir='ltr'><strong>etiam</strong></span> <span class='ocrx_word' id='word_1_22' title='bbox 708 594 894 661; x_wconf 73' lang='lat' dir='ltr'><strong>accusatori</strong></span> <span class='ocrx_word' id='word_1_23' title='bbox 913 599 946 660; x_wconf 87' lang='lat' dir='ltr'><strong>et</strong></span> <span class='ocrx_word' id='word_1_24' title='bbox 960 593 1115 660; x_wconf 87' lang='lat' dir='ltr'><strong>testibus.</strong></span> <span class='ocrx_word' id='word_1_25' title='bbox 1135 615 1166 658; x_wconf 92' lang='lat' dir='ltr'><strong>v.</strong></span> <span class='ocrx_word' id='word_1_26' title='bbox 1188 599 1227 659; x_wconf 88' lang='grc'><strong>16</strong></span> <span class='ocrx_word' id='word_1_27' title='bbox 1245 621 1260 652; x_wconf 89' lang='lat'>«</span> <span class='ocrx_word' id='word_1_28' title='bbox 1279 595 1357 659; x_wconf 85' lang='lat' dir='ltr'><strong>Nou</strong></span> <span class='ocrx_word' id='word_1_29' title='bbox 1373 593 1443 660; x_wconf 85' lang='lat' dir='ltr'><strong>eris</strong></span> <span class='ocrx_word' id='word_1_30' title='bbox 1459 593 1527 659; x_wconf 84' lang='lat' dir='ltr'><strong>cri-</strong></span> 
     </span>
     <span class='ocr_line' id='line_1_4' title="bbox 194 698 1528 788; baseline 0.001 -24"><span class='ocrx_word' id='word_1_31' title='bbox 194 700 342 765; x_wconf 81' lang='lat' dir='ltr'><em>minator</em></span> <span class='ocrx_word' id='word_1_32' title='bbox 367 699 440 787; x_wconf 81' lang='lat' dir='ltr'><strong>[aec</strong></span> <span class='ocrx_word' id='word_1_33' title='bbox 463 701 627 784; x_wconf 67' lang='lat' dir='ltr'><strong>susurret,</strong></span> <span class='ocrx_word' id='word_1_34' title='bbox 648 698 686 764; x_wconf 81' lang='lat' dir='ltr'><strong>in</strong></span> <span class='ocrx_word' id='word_1_35' title='bbox 707 699 837 788; x_wconf 80' lang='lat' dir='ltr'><strong>populo</strong></span> <span class='ocrx_word' id='word_1_36' title='bbox 861 729 877 762; x_wconf 91' lang='lat'>»</span> <span class='ocrx_word' id='word_1_37' title='bbox 904 713 973 767; x_wconf 70' lang='lat' dir='ltr'><strong>tiro.</strong></span> <span class='ocrx_word' id='word_1_38' title='bbox 997 699 1098 766; x_wconf 81' lang='lat' dir='ltr'><strong>Hebr.</strong></span> <span class='ocrx_word' id='word_1_39' title='bbox 1126 720 1227 764; x_wconf 82' lang='lat' dir='ltr'><strong>:non</strong></span> <span class='ocrx_word' id='word_1_40' title='bbox 1248 699 1310 768; x_wconf 81' lang='lat' dir='ltr'><strong>ibis</strong></span> <span class='ocrx_word' id='word_1_41' title='bbox 1335 700 1528 768; x_wconf 80' lang='lat' dir='ltr'><strong>calumma-</strong></span> 
     </span>
     <span class='ocr_line' id='line_1_5' title="bbox 195 804 1529 893; baseline 0.003 -23"><span class='ocrx_word' id='word_1_42' title='bbox 195 818 249 872; x_wconf 83' lang='lat' dir='ltr'><strong>tor</strong></span> <span class='ocrx_word' id='word_1_43' title='bbox 260 817 321 873; x_wconf 82' lang='lat' dir='ltr'><strong>etc.</strong></span> <span class='ocrx_word' id='word_1_44' title='bbox 340 826 353 870; x_wconf 90' lang='lat'><strong>.·</strong></span> <span class='ocrx_word' id='word_1_45' title='bbox 367 834 382 866; x_wconf 93' lang='lat'>«</span> <span class='ocrx_word' id='word_1_46' title='bbox 392 804 487 872; x_wconf 89' lang='lat' dir='ltr'><strong>aliud</strong></span> <span class='ocrx_word' id='word_1_47' title='bbox 499 805 589 872; x_wconf 91' lang='lat' dir='ltr'><strong>enim</strong></span> <span class='ocrx_word' id='word_1_48' title='bbox 603 810 652 872; x_wconf 92' lang='lat' dir='ltr'><strong>est</strong></span> <span class='ocrx_word' id='word_1_49' title='bbox 666 807 882 874; x_wconf 86' lang='lat' dir='ltr'><strong>occurrentia</strong></span> <span class='ocrx_word' id='word_1_50' title='bbox 889 806 1037 874; x_wconf 85' lang='lat' dir='ltr'><strong>aliorum</strong></span> <span class='ocrx_word' id='word_1_51' title='bbox 1047 811 1143 893; x_wconf 83' lang='lat' dir='ltr'><strong>gesta</strong></span> <span class='ocrx_word' id='word_1_52' title='bbox 1155 805 1288 888; x_wconf 81' lang='lat' dir='ltr'><strong>videre,</strong></span> <span class='ocrx_word' id='word_1_53' title='bbox 1305 807 1401 874; x_wconf 90' lang='lat' dir='ltr'><strong>aliud</strong></span> <span class='ocrx_word' id='word_1_54' title='bbox 1416 813 1466 874; x_wconf 90' lang='lat' dir='ltr'><strong>est</strong></span> <span class='ocrx_word' id='word_1_55' title='bbox 1477 807 1529 874; x_wconf 89' lang='lat' dir='ltr'><strong>ire</strong></span> 
     </span>
     <span class='ocr_line' id='line_1_6' title="bbox 194 911 1528 1002; baseline 0 -22"><span class='ocrx_word' id='word_1_56' title='bbox 194 912 241 980; x_wconf 87' lang='lat' dir='ltr'><strong>ad</strong></span> <span class='ocrx_word' id='word_1_57' title='bbox 264 911 529 1002; x_wconf 82' lang='lat' dir='ltr'><strong>explorandum,</strong></span> <span class='ocrx_word' id='word_1_58' title='bbox 549 934 637 1001; x_wconf 90' lang='lat' dir='ltr'><strong>quae</strong></span> <span class='ocrx_word' id='word_1_59' title='bbox 661 912 705 979; x_wconf 88' lang='lat' dir='ltr'><strong>ab</strong></span> <span class='ocrx_word' id='word_1_60' title='bbox 722 913 798 980; x_wconf 87' lang='lat' dir='ltr'><strong>aliis</strong></span> <span class='ocrx_word' id='word_1_61' title='bbox 820 913 909 980; x_wconf 90' lang='lat' dir='ltr'><strong>fiunt</strong></span> <span class='ocrx_word' id='word_1_62' title='bbox 928 941 943 972; x_wconf 91' lang='lat'>»</span> <span class='ocrx_word' id='word_1_63' title='bbox 966 913 1081 1001; x_wconf 73' lang='lat' dir='ltr'><strong>(cat),</strong></span> <span class='ocrx_word' id='word_1_64' title='bbox 1106 934 1213 1001; x_wconf 85' lang='lat' dir='ltr'><strong>eaque</strong></span> <span class='ocrx_word' id='word_1_65' title='bbox 1236 913 1456 1002; x_wconf 89' lang='lat' dir='ltr'><strong>postmodum</strong></span> <span class='ocrx_word' id='word_1_66' title='bbox 1485 913 1528 981; x_wconf 90' lang='lat' dir='ltr'><strong>ad</strong></span> 
     </span>
     <span class='ocr_line' id='line_1_7' title="bbox 195 1018 1525 1108; baseline 0 -22"><span class='ocrx_word' id='word_1_67' title='bbox 195 1019 403 1087; x_wconf 86' lang='lat' dir='ltr'><strong>calumniam</strong></span> <span class='ocrx_word' id='word_1_68' title='bbox 418 1018 635 1108; x_wconf 76' lang='lat' dir='ltr'><strong>detorquere.</strong></span> <span class='ocrx_word' id='word_1_69' title='bbox 654 1044 670 1079; x_wconf 90' lang='lat'>«</span> <span class='ocrx_word' id='word_1_70' title='bbox 686 1020 766 1086; x_wconf 82' lang='lat' dir='ltr'><strong>Non</strong></span> <span class='ocrx_word' id='word_1_71' title='bbox 779 1019 883 1086; x_wconf 73' lang='lat' dir='ltr'><strong>stabis</strong></span> <span class='ocrx_word' id='word_1_72' title='bbox 900 1031 1019 1085; x_wconf 82' lang='lat' dir='ltr'><strong>contra</strong></span> <span class='ocrx_word' id='word_1_73' title='bbox 1033 1018 1240 1107; x_wconf 68' lang='lat' dir='ltr'><strong>sceptrinum</strong></span> <span class='ocrx_word' id='word_1_74' title='bbox 1252 1020 1405 1108; x_wconf 68' lang='lat' dir='ltr'><strong>proximi</strong></span> <span class='ocrx_word' id='word_1_75' title='bbox 1422 1019 1477 1086; x_wconf 85' lang='lat' dir='ltr'><strong>tui</strong></span> <span class='ocrx_word' id='word_1_76' title='bbox 1496 1049 1525 1086; x_wconf 83' lang='lat'><strong>».</strong></span> 
     </span>
     <span class='ocr_line' id='line_1_8' title="bbox 194 1125 1525 1212; baseline 0.001 -19"><span class='ocrx_word' id='word_1_77' title='bbox 194 1132 281 1193; x_wconf 86' lang='lat' dir='ltr'><strong>Dum</strong></span> <span class='ocrx_word' id='word_1_78' title='bbox 300 1130 530 1193; x_wconf 77' lang='lat' dir='ltr'><strong>accusatorem</strong></span> <span class='ocrx_word' id='word_1_79' title='bbox 545 1128 605 1191; x_wconf 89' lang='lat' dir='ltr'><strong>aut</strong></span> <span class='ocrx_word' id='word_1_80' title='bbox 617 1128 739 1191; x_wconf 88' lang='lat' dir='ltr'><strong>testem</strong></span> <span class='ocrx_word' id='word_1_81' title='bbox 756 1126 841 1212; x_wconf 86' lang='lat' dir='ltr'><strong>agis,</strong></span> <span class='ocrx_word' id='word_1_82' title='bbox 859 1125 925 1192; x_wconf 87' lang='lat' dir='ltr'><strong>hoc</strong></span> <span class='ocrx_word' id='word_1_83' title='bbox 940 1147 1046 1193; x_wconf 90' lang='lat' dir='ltr'><strong>unum</strong></span> <span class='ocrx_word' id='word_1_84' title='bbox 1061 1125 1235 1209; x_wconf 83' lang='lat' dir='ltr'><strong>intendas,</strong></span> <span class='ocrx_word' id='word_1_85' title='bbox 1253 1133 1291 1192; x_wconf 90' lang='lat' dir='ltr'><strong>ut</strong></span> <span class='ocrx_word' id='word_1_86' title='bbox 1305 1126 1365 1192; x_wconf 88' lang='lat' dir='ltr'><strong>fiat</strong></span> <span class='ocrx_word' id='word_1_87' title='bbox 1380 1126 1525 1206; x_wconf 77' lang='lat' dir='ltr'><strong>iustitia,</strong></span> 
     </span>
     <span class='ocr_line' id='line_1_9' title="bbox 195 1230 1527 1321; baseline 0 -23"><span class='ocrx_word' id='word_1_88' title='bbox 195 1254 265 1299; x_wconf 90' lang='lat' dir='ltr'><strong>non</strong></span> <span class='ocrx_word' id='word_1_89' title='bbox 281 1236 317 1298; x_wconf 92' lang='lat' dir='ltr'><strong>ut</strong></span> <span class='ocrx_word' id='word_1_90' title='bbox 331 1253 393 1320; x_wconf 90' lang='lat' dir='ltr'><strong>per</strong></span> <span class='ocrx_word' id='word_1_91' title='bbox 408 1231 458 1298; x_wconf 84' lang='lat' dir='ltr'><strong>tas</strong></span> <span class='ocrx_word' id='word_1_92' title='bbox 477 1237 510 1298; x_wconf 90' lang='lat' dir='ltr'><strong>et</strong></span> <span class='ocrx_word' id='word_1_93' title='bbox 525 1231 619 1298; x_wconf 85' lang='lat' dir='ltr'><strong>netas</strong></span> <span class='ocrx_word' id='word_1_94' title='bbox 638 1230 763 1320; x_wconf 90' lang='lat' dir='ltr'><strong>aliquis</strong></span> <span class='ocrx_word' id='word_1_95' title='bbox 783 1231 1014 1315; x_wconf 75' lang='lat' dir='ltr'><strong>interimatur,</strong></span> <span class='ocrx_word' id='word_1_96' title='bbox 1031 1232 1074 1298; x_wconf 86' lang='lat' dir='ltr'><strong>ef.</strong></span> <span class='ocrx_word' id='word_1_97' title='bbox 1091 1235 1147 1300; x_wconf 80' lang='lat' dir='ltr'><strong>lix.</strong></span> <span class='ocrx_word' id='word_1_98' title='bbox 1166 1236 1258 1316; x_wconf 66' lang='lat' dir='ltr'><strong>aar.</strong></span> <span class='ocrx_word' id='word_1_99' title='bbox 1279 1259 1295 1293; x_wconf 72' lang='grc' dir='ltr'><strong>(ι</strong></span> <span class='ocrx_word' id='word_1_100' title='bbox 1318 1233 1393 1321; x_wconf 74' lang='lat' dir='ltr'><strong>Epo</strong></span> <span class='ocrx_word' id='word_1_101' title='bbox 1407 1231 1527 1299; x_wconf 82' lang='lat' dir='ltr'><strong>Domi-</strong></span> 
     </span>
     <span class='ocr_line' id='line_1_10' title="bbox 195 1361 306 1404; baseline 0 0"><span class='ocrx_word' id='word_1_102' title='bbox 195 1361 261 1404; x_wconf 75' lang='lat' dir='ltr'><strong>nus</strong></span> <span class='ocrx_word' id='word_1_103' title='bbox 275 1366 306 1404; x_wconf 80' lang='lat' dir='ltr'><strong>u.</strong></span> 
     </span>
    </p>
   </div>
   <div class='ocr_carea' id='block_1_3' title="bbox 593 1551 1132 1612">
    <p class='ocr_par' dir='ltr' id='par_1_3' title="bbox 593 1551 1132 1612">
     <span class='ocr_line' id='line_1_11' title="bbox 593 1551 1132 1612; baseline 0 -13"><span class='ocrx_word' id='word_1_104' title='bbox 593 1568 617 1608; x_wconf 88' lang='grc' dir='ltr'><strong>η,</strong></span> <span class='ocrx_word' id='word_1_105' title='bbox 633 1552 671 1598; x_wconf 83' lang='lat' dir='ltr'><strong>De</strong></span> <span class='ocrx_word' id='word_1_106' title='bbox 683 1552 740 1599; x_wconf 91' lang='lat' dir='ltr'><strong>odio</strong></span> <span class='ocrx_word' id='word_1_107' title='bbox 752 1557 777 1598; x_wconf 83' lang='lat' dir='ltr'><strong>et</strong></span> <span class='ocrx_word' id='word_1_108' title='bbox 787 1553 818 1598; x_wconf 84' lang='lat' dir='ltr'><strong>dc</strong></span> <span class='ocrx_word' id='word_1_109' title='bbox 830 1552 925 1600; x_wconf 83' lang='lat' dir='ltr'><strong>ultione</strong></span> <span class='ocrx_word' id='word_1_110' title='bbox 937 1551 996 1602; x_wconf 78' lang='lat' dir='ltr'><strong>Lar.</strong></span> <span class='ocrx_word' id='word_1_111' title='bbox 1012 1553 1079 1611; x_wconf 80' lang='lat'>19‚17</span> <span class='ocrx_word' id='word_1_112' title='bbox 1095 1566 1132 1612; x_wconf 84' lang='lat' dir='ltr'><strong>sq.</strong></span> 
     </span>
    </p>
   </div>
   <div class='ocr_carea' id='block_1_4' title="bbox 193 1718 1622 2661">
    <p class='ocr_par' dir='ltr' id='par_1_4' title="bbox 193 1718 1622 2661">
     <span class='ocr_line' id='line_1_12' title="bbox 240 1718 1527 1809; baseline 0 -22"><span class='ocrx_word' id='word_1_113' title='bbox 240 1720 387 1787; x_wconf 88' lang='lat' dir='ltr'><strong>Iniuriae</strong></span> <span class='ocrx_word' id='word_1_114' title='bbox 406 1718 578 1809; x_wconf 90' lang='lat' dir='ltr'><strong>quomodo</strong></span> <span class='ocrx_word' id='word_1_115' title='bbox 602 1719 775 1787; x_wconf 83' lang='lat' dir='ltr'><strong>terendae.</strong></span> <span class='ocrx_word' id='word_1_116' title='bbox 801 1743 834 1786; x_wconf 88' lang='lat' dir='ltr'><strong>v.</strong></span> <span class='ocrx_word' id='word_1_117' title='bbox 859 1727 899 1787; x_wconf 80' lang='lat'><strong>17</strong></span> <span class='ocrx_word' id='word_1_118' title='bbox 923 1748 939 1781; x_wconf 77' lang='grc' dir='ltr'>α</span> <span class='ocrx_word' id='word_1_119' title='bbox 964 1722 1042 1788; x_wconf 87' lang='lat' dir='ltr'><strong>Non</strong></span> <span class='ocrx_word' id='word_1_120' title='bbox 1065 1719 1176 1786; x_wconf 83' lang='lat' dir='ltr'><strong>oderis</strong></span> <span class='ocrx_word' id='word_1_121' title='bbox 1192 1719 1341 1806; x_wconf 82' lang='lat' dir='ltr'><strong>fratrem</strong></span> <span class='ocrx_word' id='word_1_122' title='bbox 1368 1734 1467 1786; x_wconf 80' lang='lat' dir='ltr'><strong>tuum.</strong></span> <span class='ocrx_word' id='word_1_123' title='bbox 1490 1722 1527 1787; x_wconf 84' lang='lat' dir='ltr'><strong>iu</strong></span> 
     </span>
     <span class='ocr_line' id='line_1_13' title="bbox 197 1825 1526 1916; baseline -0.002 -23"><span class='ocrx_word' id='word_1_124' title='bbox 197 1825 295 1894; x_wconf 80' lang='lat' dir='ltr'><strong>corde</strong></span> <span class='ocrx_word' id='word_1_125' title='bbox 314 1839 372 1892; x_wconf 85' lang='lat' dir='ltr'><strong>tuo</strong></span> <span class='ocrx_word' id='word_1_126' title='bbox 390 1855 420 1907; x_wconf 88' lang='lat'><strong>»,</strong></span> <span class='ocrx_word' id='word_1_127' title='bbox 441 1827 465 1892; x_wconf 93' lang='lat' dir='ltr'><strong>i.</strong></span> <span class='ocrx_word' id='word_1_128' title='bbox 483 1848 513 1892; x_wconf 86' lang='lat' dir='ltr'><strong>e.</strong></span> <span class='ocrx_word' id='word_1_129' title='bbox 533 1825 652 1892; x_wconf 39' lang='lat' dir='ltr'><strong>«tedio</strong></span> <span class='ocrx_word' id='word_1_130' title='bbox 667 1827 798 1893; x_wconf 88' lang='lat' dir='ltr'><strong>occulto</strong></span> <span class='ocrx_word' id='word_1_131' title='bbox 814 1854 829 1886; x_wconf 69' lang='grc' dir='ltr'><strong>ι)</strong></span> <span class='ocrx_word' id='word_1_132' title='bbox 846 1826 970 1916; x_wconf 73' lang='lat' dir='ltr'><strong>(Cat),</strong></span> <span class='ocrx_word' id='word_1_133' title='bbox 991 1856 1006 1888; x_wconf 77' lang='grc' dir='ltr'><strong>κ</strong></span> <span class='ocrx_word' id='word_1_134' title='bbox 1022 1826 1255 1916; x_wconf 77' lang='lat' dir='ltr'><strong>[sedpublr&#39;ce]</strong></span> <span class='ocrx_word' id='word_1_135' title='bbox 1277 1849 1478 1916; x_wconf 72' lang='lat' dir='ltr'><strong>arpennum</strong></span> <span class='ocrx_word' id='word_1_136' title='bbox 1497 1857 1526 1908; x_wconf 88' lang='lat'><strong>»‚</strong></span> 
     </span>
     <span class='ocr_line' id='line_1_14' title="bbox 196 1931 1622 2022; baseline 0 -24"><span class='ocrx_word' id='word_1_137' title='bbox 196 1955 277 2000; x_wconf 89' lang='lat' dir='ltr'><strong>sane</strong></span> <span class='ocrx_word' id='word_1_138' title='bbox 294 1955 334 1998; x_wconf 89' lang='lat' dir='ltr'><strong>eo</strong></span> <span class='ocrx_word' id='word_1_139' title='bbox 348 1931 518 2022; x_wconf 90' lang='lat' dir='ltr'><strong>imprimis</strong></span> <span class='ocrx_word' id='word_1_140' title='bbox 534 1932 619 2016; x_wconf 88' lang='lat' dir='ltr'><strong>fine,</strong></span> <span class='ocrx_word' id='word_1_141' title='bbox 638 1933 849 2000; x_wconf 87' lang='lat' dir='ltr'><strong>utiniuriam</strong></span> <span class='ocrx_word' id='word_1_142' title='bbox 863 1939 1001 2022; x_wconf 89' lang='lat' dir='ltr'><strong>reparet</strong></span> <span class='ocrx_word' id='word_1_143' title='bbox 1016 1932 1169 2022; x_wconf 73' lang='lat' dir='ltr'><strong>(Calua),</strong></span> <span class='ocrx_word' id='word_1_144' title='bbox 1190 1938 1224 1999; x_wconf 90' lang='lat' dir='ltr'><strong>et</strong></span> <span class='ocrx_word' id='word_1_145' title='bbox 1243 1932 1323 1999; x_wconf 88' lang='lat' dir='ltr'><strong>hinc</strong></span> <span class='ocrx_word' id='word_1_146' title='bbox 1337 1933 1476 2022; x_wconf 82' lang='lat' dir='ltr'><strong>publice</strong></span> <span class='ocrx_word' id='word_1_147' title='bbox 1491 1940 1527 2000; x_wconf 90' lang='lat' dir='ltr'><strong>et</strong></span> <span class='ocrx_word' id='word_1_148' title='bbox 1618 1990 1622 1998; x_wconf 91' lang='lat'>.</span> 
     </span>
     <span class='ocr_line' id='line_1_15' title="bbox 199 2037 1530 2128; baseline 0.002 -23"><span class='ocrx_word' id='word_1_149' title='bbox 199 2060 312 2106; x_wconf 86' lang='lat' dir='ltr'><strong>coram</strong></span> <span class='ocrx_word' id='word_1_150' title='bbox 331 2037 444 2105; x_wconf 89' lang='lat' dir='ltr'><strong>iudice</strong></span> <span class='ocrx_word' id='word_1_151' title='bbox 467 2039 600 2128; x_wconf 72' lang='lat' dir='ltr'><strong>(Mem),</strong></span> <span class='ocrx_word' id='word_1_152' title='bbox 620 2066 636 2100; x_wconf 76' lang='grc' dir='ltr'>α</span> <span class='ocrx_word' id='word_1_153' title='bbox 655 2061 698 2105; x_wconf 79' lang='lat' dir='ltr'><strong>ne</strong></span> <span class='ocrx_word' id='word_1_154' title='bbox 718 2038 841 2106; x_wconf 77' lang='lat' dir='ltr'><strong>babeas</strong></span> <span class='ocrx_word' id='word_1_155' title='bbox 866 2067 898 2119; x_wconf 90' lang='lat'><strong>»‚</strong></span> <span class='ocrx_word' id='word_1_156' title='bbox 913 2045 971 2106; x_wconf 89' lang='lat' dir='ltr'><strong>aut</strong></span> <span class='ocrx_word' id='word_1_157' title='bbox 993 2039 1118 2107; x_wconf 87' lang='lat' dir='ltr'><strong>rectius</strong></span> <span class='ocrx_word' id='word_1_158' title='bbox 1133 2051 1165 2106; x_wconf 83' lang='lat' dir='ltr'><strong>et</strong></span> <span class='ocrx_word' id='word_1_159' title='bbox 1184 2062 1254 2106; x_wconf 86' lang='lat' dir='ltr'><strong>non</strong></span> <span class='ocrx_word' id='word_1_160' title='bbox 1273 2038 1409 2106; x_wconf 72' lang='lat' dir='ltr'><strong>habebis</strong></span> <span class='ocrx_word' id='word_1_161' title='bbox 1430 2067 1446 2100; x_wconf 90' lang='lat'>«</span> <span class='ocrx_word' id='word_1_162' title='bbox 1468 2064 1530 2106; x_wconf 83' lang='lat' dir='ltr'><strong>su·</strong></span> 
     </span>
     <span class='ocr_line' id='line_1_16' title="bbox 193 2144 1530 2235; baseline 0.001 -25"><span class='ocrx_word' id='word_1_163' title='bbox 193 2167 259 2235; x_wconf 82' lang='lat' dir='ltr'><strong>per</strong></span> <span class='ocrx_word' id='word_1_164' title='bbox 277 2144 336 2211; x_wconf 86' lang='lat' dir='ltr'><strong>illo</strong></span> <span class='ocrx_word' id='word_1_165' title='bbox 354 2156 532 2235; x_wconf 82' lang='lat' dir='ltr'><strong>peccatum</strong></span> <span class='ocrx_word' id='word_1_166' title='bbox 558 2173 574 2206; x_wconf 86' lang='lat'>»</span> <span class='ocrx_word' id='word_1_167' title='bbox 600 2164 607 2210; x_wconf 91' lang='lat'>:</span> <span class='ocrx_word' id='word_1_168' title='bbox 633 2144 832 2212; x_wconf 83' lang='lat' dir='ltr'><strong>declaratur</strong></span> <span class='ocrx_word' id='word_1_169' title='bbox 855 2146 1026 2234; x_wconf 90' lang='lat' dir='ltr'><strong>imprimis</strong></span> <span class='ocrx_word' id='word_1_170' title='bbox 1048 2146 1136 2212; x_wconf 89' lang='lat' dir='ltr'><strong>actio</strong></span> <span class='ocrx_word' id='word_1_171' title='bbox 1159 2166 1274 2214; x_wconf 91' lang='lat' dir='ltr'><strong>coram</strong></span> <span class='ocrx_word' id='word_1_172' title='bbox 1297 2144 1410 2212; x_wconf 89' lang='lat' dir='ltr'><strong>iudice</strong></span> <span class='ocrx_word' id='word_1_173' title='bbox 1433 2145 1530 2212; x_wconf 89' lang='lat' dir='ltr'><strong>omni</strong></span> 
     </span>
     <span class='ocr_line' id='line_1_17' title="bbox 199 2252 1527 2341; baseline 0 -23"><span class='ocrx_word' id='word_1_174' title='bbox 199 2256 337 2341; x_wconf 88' lang='lat' dir='ltr'><strong>peceato</strong></span> <span class='ocrx_word' id='word_1_175' title='bbox 350 2273 480 2318; x_wconf 89' lang='lat' dir='ltr'><strong>carere.</strong></span> <span class='ocrx_word' id='word_1_176' title='bbox 495 2257 617 2319; x_wconf 87' lang='lat' dir='ltr'><strong>Verum</strong></span> <span class='ocrx_word' id='word_1_177' title='bbox 628 2273 660 2318; x_wconf 87' lang='lat' dir='ltr'><strong>v.</strong></span> <span class='ocrx_word' id='word_1_178' title='bbox 675 2258 716 2319; x_wconf 88' lang='lat'><strong>18</strong></span> <span class='ocrx_word' id='word_1_179' title='bbox 731 2279 747 2313; x_wconf 91' lang='lat'>«</span> <span class='ocrx_word' id='word_1_180' title='bbox 761 2274 830 2318; x_wconf 82' lang='lat' dir='ltr'><strong>non</strong></span> <span class='ocrx_word' id='word_1_181' title='bbox 840 2274 987 2341; x_wconf 79' lang='lat' dir='ltr'><strong>quaeras</strong></span> <span class='ocrx_word' id='word_1_182' title='bbox 1002 2252 1167 2319; x_wconf 81' lang='lat' dir='ltr'><strong>ultionem</strong></span> <span class='ocrx_word' id='word_1_183' title='bbox 1181 2280 1197 2313; x_wconf 88' lang='lat'>»</span> <span class='ocrx_word' id='word_1_184' title='bbox 1212 2274 1317 2318; x_wconf 81' lang='lat' dir='ltr'><strong>manu</strong></span> <span class='ocrx_word' id='word_1_185' title='bbox 1329 2264 1390 2319; x_wconf 83' lang='lat' dir='ltr'><strong>tun</strong></span> <span class='ocrx_word' id='word_1_186' title='bbox 1402 2253 1527 2338; x_wconf 80' lang='lat' dir='ltr'><em>(LXX),</em></span> 
     </span>
     <span class='ocr_line' id='line_1_18' title="bbox 201 2357 1529 2438; baseline 0.004 -19"><span class='ocrx_word' id='word_1_187' title='bbox 201 2384 218 2418; x_wconf 81' lang='lat' dir='ltr'><strong>a</strong></span> <span class='ocrx_word' id='word_1_188' title='bbox 237 2379 298 2423; x_wconf 81' lang='lat' dir='ltr'><strong>uer</strong></span> <span class='ocrx_word' id='word_1_189' title='bbox 312 2381 440 2424; x_wconf 86' lang='lat' dir='ltr'><strong>memor</strong></span> <span class='ocrx_word' id='word_1_190' title='bbox 454 2357 520 2424; x_wconf 81' lang='lat' dir='ltr'><strong>eris</strong></span> <span class='ocrx_word' id='word_1_191' title='bbox 532 2357 681 2424; x_wconf 83' lang='lat' dir='ltr'><strong>iniuriae</strong></span> <span class='ocrx_word' id='word_1_192' title='bbox 697 2358 824 2426; x_wconf 76' lang='lat' dir='ltr'><strong>uirium</strong></span> <span class='ocrx_word' id='word_1_193' title='bbox 839 2370 977 2425; x_wconf 86' lang='lat' dir='ltr'><strong>morum</strong></span> <span class='ocrx_word' id='word_1_194' title='bbox 994 2387 1024 2438; x_wconf 71' lang='lat' dir='ltr'><strong>n,</strong></span> <span class='ocrx_word' id='word_1_195' title='bbox 1039 2380 1108 2427; x_wconf 88' lang='lat' dir='ltr'><strong>non</strong></span> <span class='ocrx_word' id='word_1_196' title='bbox 1120 2358 1251 2427; x_wconf 89' lang='lat' dir='ltr'><strong>nutries</strong></span> <span class='ocrx_word' id='word_1_197' title='bbox 1261 2359 1348 2425; x_wconf 88' lang='lat' dir='ltr'><strong>iram</strong></span> <span class='ocrx_word' id='word_1_198' title='bbox 1362 2364 1395 2425; x_wconf 86' lang='lat' dir='ltr'><strong>et</strong></span> <span class='ocrx_word' id='word_1_199' title='bbox 1411 2358 1529 2426; x_wconf 91' lang='lat' dir='ltr'><strong>odium</strong></span> 
     </span>
     <span class='ocr_line' id='line_1_19' title="bbox 198 2462 1531 2555; baseline 0.001 -26"><span class='ocrx_word' id='word_1_200' title='bbox 198 2464 350 2544; x_wconf 87' lang='lat' dir='ltr'><strong>interne,</strong></span> <span class='ocrx_word' id='word_1_201' title='bbox 371 2465 431 2531; x_wconf 91' lang='lat' dir='ltr'><strong>sed</strong></span> <span class='ocrx_word' id='word_1_202' title='bbox 448 2491 463 2525; x_wconf 75' lang='lat' dir='ltr'><strong>a</strong></span> <span class='ocrx_word' id='word_1_203' title='bbox 485 2462 610 2553; x_wconf 69' lang='lat' dir='ltr'><strong>diligam</strong></span> <span class='ocrx_word' id='word_1_204' title='bbox 626 2463 775 2531; x_wconf 85' lang='lat' dir='ltr'><strong>amicum</strong></span> <span class='ocrx_word' id='word_1_205' title='bbox 799 2493 829 2546; x_wconf 86' lang='lat'><strong>»,</strong></span> <span class='ocrx_word' id='word_1_206' title='bbox 852 2487 912 2532; x_wconf 90' lang='lat' dir='ltr'><strong>seu</strong></span> <span class='ocrx_word' id='word_1_207' title='bbox 931 2465 1044 2532; x_wconf 84' lang='lat' dir='ltr'><strong>rarius</strong></span> <span class='ocrx_word' id='word_1_208' title='bbox 1055 2465 1257 2555; x_wconf 72' lang='lat' dir='ltr'><strong>prociarum</strong></span> <span class='ocrx_word' id='word_1_209' title='bbox 1279 2491 1295 2526; x_wconf 73' lang='grc' dir='ltr'><strong>(ι</strong></span> <span class='ocrx_word' id='word_1_210' title='bbox 1312 2477 1422 2546; x_wconf 74' lang='lat' dir='ltr'><strong>maun,</strong></span> <span class='ocrx_word' id='word_1_211' title='bbox 1442 2465 1531 2531; x_wconf 81' lang='lat' dir='ltr'><strong>sicrrt</strong></span> 
     </span>
     <span class='ocr_line' id='line_1_20' title="bbox 199 2569 707 2661; baseline 0.004 -26"><span class='ocrx_word' id='word_1_212' title='bbox 199 2581 231 2635; x_wconf 82' lang='lat' dir='ltr'><strong>te</strong></span> <span class='ocrx_word' id='word_1_213' title='bbox 248 2569 373 2660; x_wconf 80' lang='lat' dir='ltr'><strong>ipsum.</strong></span> <span class='ocrx_word' id='word_1_214' title='bbox 394 2571 469 2661; x_wconf 74' lang='lat' dir='ltr'><strong>Epo</strong></span> <span class='ocrx_word' id='word_1_215' title='bbox 490 2570 655 2638; x_wconf 82' lang='lat' dir='ltr'><strong>Dominus</strong></span> <span class='ocrx_word' id='word_1_216' title='bbox 677 2599 707 2637; x_wconf 86' lang='lat'><strong>».</strong></span> 
     </span>
    </p>
   </div>
   <div class='ocr_carea' id='block_1_5' title="bbox 586 2795 1139 2860">
    <p class='ocr_par' dir='ltr' id='par_1_5' title="bbox 586 2795 1139 2860">
     <span class='ocr_line' id='line_1_21' title="bbox 586 2795 1139 2860; baseline -0.004 -14"><span class='ocrx_word' id='word_1_217' title='bbox 586 2796 717 2847; x_wconf 86' lang='lat' dir='ltr'><strong>Formula</strong></span> <span class='ocrx_word' id='word_1_218' title='bbox 728 2799 875 2860; x_wconf 84' lang='lat' dir='ltr'><strong>utramque</strong></span> <span class='ocrx_word' id='word_1_219' title='bbox 890 2798 991 2846; x_wconf 82' lang='lat' dir='ltr'><strong>seriem</strong></span> <span class='ocrx_word' id='word_1_220' title='bbox 1004 2795 1139 2848; x_wconf 84' lang='lat' dir='ltr'><strong>dividens.</strong></span> 
     </span>
    </p>
   </div>
   <div class='ocr_carea' id='block_1_6' title="bbox 243 2968 1173 3059">
    <p class='ocr_par' dir='ltr' id='par_1_6' title="bbox 243 2968 1173 3059">
     <span class='ocr_line' id='line_1_22' title="bbox 243 2968 1173 3059; baseline 0.001 -25"><span class='ocrx_word' id='word_1_221' title='bbox 243 2992 275 3034; x_wconf 86' lang='lat' dir='ltr'><strong>v.</strong></span> <span class='ocrx_word' id='word_1_222' title='bbox 300 2976 340 3036; x_wconf 82' lang='lat'><strong>19</strong></span> <span class='ocrx_word' id='word_1_223' title='bbox 361 2997 378 3030; x_wconf 72' lang='grc' dir='ltr'><strong>(ι</strong></span> <span class='ocrx_word' id='word_1_224' title='bbox 399 2973 504 3056; x_wconf 72' lang='lat' dir='ltr'><strong>Lepas</strong></span> <span class='ocrx_word' id='word_1_225' title='bbox 523 2991 615 3034; x_wconf 80' lang='lat' dir='ltr'><strong>mens</strong></span> <span class='ocrx_word' id='word_1_226' title='bbox 630 2968 797 3035; x_wconf 79' lang='lat' dir='ltr'><strong>custodite</strong></span> <span class='ocrx_word' id='word_1_227' title='bbox 821 2997 851 3035; x_wconf 85' lang='lat'><strong>».</strong></span> <span class='ocrx_word' id='word_1_228' title='bbox 873 2968 922 3036; x_wconf 79' lang='lat' dir='ltr'><strong>Cf.</strong></span> <span class='ocrx_word' id='word_1_229' title='bbox 946 2974 1024 3050; x_wconf 82' lang='lat' dir='ltr'><strong>18,t</strong></span> <span class='ocrx_word' id='word_1_230' title='bbox 1045 2991 1096 3059; x_wconf 88' lang='lat' dir='ltr'><strong>sq.</strong></span> <span class='ocrx_word' id='word_1_231' title='bbox 1118 2975 1173 3037; x_wconf 84' lang='lat'><strong>30.</strong></span> 
     </span>
    </p>
   </div>
   <div class='ocr_carea' id='block_1_7' title="bbox 538 3201 1187 3267">
    <p class='ocr_par' dir='ltr' id='par_1_7' title="bbox 538 3201 1187 3267">
     <span class='ocr_line' id='line_1_23' title="bbox 538 3201 1187 3267; baseline 0.005 -15"><span class='ocrx_word' id='word_1_232' title='bbox 538 3203 565 3252; x_wconf 90' lang='lat' dir='ltr'><strong>b.</strong></span> <span class='ocrx_word' id='word_1_233' title='bbox 581 3201 690 3267; x_wconf 80' lang='lat' dir='ltr'><strong>Legum</strong></span> <span class='ocrx_word' id='word_1_234' title='bbox 703 3203 790 3254; x_wconf 83' lang='lat' dir='ltr'><strong>series</strong></span> <span class='ocrx_word' id='word_1_235' title='bbox 804 3204 943 3267; x_wconf 82' lang='lat' dir='ltr'><strong>posterior</strong></span> <span class='ocrx_word' id='word_1_236' title='bbox 958 3203 1025 3254; x_wconf 78' lang='lat' dir='ltr'><strong>Lar.</strong></span> <span class='ocrx_word' id='word_1_237' title='bbox 1045 3203 1187 3264; x_wconf 73' lang='lat' dir='ltr'><strong>lato-37.</strong></span> 
     </span>
    </p>
   </div>
   <div class='ocr_carea' id='block_1_8' title="bbox 245 3338 1482 3404">
    <p class='ocr_par' dir='ltr' id='par_1_8' title="bbox 245 3338 1482 3404">
     <span class='ocr_line' id='line_1_24' title="bbox 245 3338 1482 3404; baseline -0.001 -13"><span class='ocrx_word' id='word_1_238' title='bbox 245 3359 270 3392; x_wconf 91' lang='grc' dir='ltr'><strong>α,</strong></span> <span class='ocrx_word' id='word_1_239' title='bbox 283 3343 321 3390; x_wconf 86' lang='lat' dir='ltr'><strong>Dc</strong></span> <span class='ocrx_word' id='word_1_240' title='bbox 330 3342 468 3403; x_wconf 78' lang='lat' dir='ltr'><strong>disparatis,</strong></span> <span class='ocrx_word' id='word_1_241' title='bbox 478 3343 509 3390; x_wconf 87' lang='lat' dir='ltr'><strong>do</strong></span> <span class='ocrx_word' id='word_1_242' title='bbox 520 3342 642 3390; x_wconf 75' lang='lat' dir='ltr'><strong>adulterio</strong></span> <span class='ocrx_word' id='word_1_243' title='bbox 655 3338 713 3390; x_wconf 80' lang='lat' dir='ltr'><strong>cum</strong></span> <span class='ocrx_word' id='word_1_244' title='bbox 726 3357 798 3391; x_wconf 81' lang='lat' dir='ltr'><strong>serra</strong></span> <span class='ocrx_word' id='word_1_245' title='bbox 811 3344 949 3404; x_wconf 80' lang='lat' dir='ltr'><strong>commisso,</strong></span> <span class='ocrx_word' id='word_1_246' title='bbox 961 3344 992 3392; x_wconf 87' lang='lat' dir='ltr'><strong>de</strong></span> <span class='ocrx_word' id='word_1_247' title='bbox 1002 3343 1132 3404; x_wconf 80' lang='lat' dir='ltr'><strong>praeputio</strong></span> <span class='ocrx_word' id='word_1_248' title='bbox 1143 3343 1271 3392; x_wconf 76' lang='lat' dir='ltr'><strong>fruetuum</strong></span> <span class='ocrx_word' id='word_1_249' title='bbox 1283 3343 1342 3394; x_wconf 70' lang='lat' dir='ltr'><strong>Iov.</strong></span> <span class='ocrx_word' id='word_1_250' title='bbox 1358 3343 1482 3403; x_wconf 59' lang='lat' dir='ltr'><strong>lala-25.</strong></span> 
     </span>
    </p>
   </div>
   <div class='ocr_carea' id='block_1_9' title="bbox 198 3520 1530 4668">
    <p class='ocr_par' dir='ltr' id='par_1_9' title="bbox 198 3520 1530 4668">
     <span class='ocr_line' id='line_1_25' title="bbox 247 3520 1529 3610; baseline 0.004 -29"><span class='ocrx_word' id='word_1_251' title='bbox 247 3548 263 3582; x_wconf 71' lang='grc' dir='ltr'><strong>(ι</strong></span> <span class='ocrx_word' id='word_1_252' title='bbox 284 3523 479 3587; x_wconf 78' lang='lat' dir='ltr'><strong>laurentum</strong></span> <span class='ocrx_word' id='word_1_253' title='bbox 499 3533 596 3586; x_wconf 82' lang='lat' dir='ltr'><strong>tumn</strong></span> <span class='ocrx_word' id='word_1_254' title='bbox 614 3520 809 3608; x_wconf 68' lang='lat' dir='ltr'><strong>consocies</strong></span> <span class='ocrx_word' id='word_1_255' title='bbox 828 3521 917 3587; x_wconf 85' lang='lat' dir='ltr'><strong>coire</strong></span> <span class='ocrx_word' id='word_1_256' title='bbox 937 3543 1013 3588; x_wconf 84' lang='lat' dir='ltr'><strong>cum</strong></span> <span class='ocrx_word' id='word_1_257' title='bbox 1030 3520 1173 3588; x_wconf 78' lang='lat' dir='ltr'><strong>alterius</strong></span> <span class='ocrx_word' id='word_1_258' title='bbox 1191 3521 1325 3610; x_wconf 76' lang='lat' dir='ltr'><strong>pencris</strong></span> <span class='ocrx_word' id='word_1_259' title='bbox 1344 3521 1529 3588; x_wconf 79' lang='lat' dir='ltr'><strong>animanti·</strong></span> 
     </span>
     <span class='ocr_line' id='line_1_26' title="bbox 203 3625 1530 3716; baseline 0.002 -24"><span class='ocrx_word' id='word_1_260' title='bbox 203 3630 262 3694; x_wconf 79' lang='lat' dir='ltr'><strong>tms</strong></span> <span class='ocrx_word' id='word_1_261' title='bbox 283 3655 313 3695; x_wconf 75' lang='lat' dir='ltr'><strong>o.</strong></span> <span class='ocrx_word' id='word_1_262' title='bbox 332 3631 427 3694; x_wconf 88' lang='lat' dir='ltr'><strong>Certe</strong></span> <span class='ocrx_word' id='word_1_263' title='bbox 443 3627 555 3694; x_wconf 90' lang='lat' dir='ltr'><strong>mulos</strong></span> <span class='ocrx_word' id='word_1_264' title='bbox 574 3627 647 3693; x_wconf 90' lang='lat' dir='ltr'><strong>sine</strong></span> <span class='ocrx_word' id='word_1_265' title='bbox 666 3633 805 3715; x_wconf 88' lang='lat' dir='ltr'><strong>peccato</strong></span> <span class='ocrx_word' id='word_1_266' title='bbox 826 3625 1004 3716; x_wconf 87' lang='lat' dir='ltr'><strong>procurari</strong></span> <span class='ocrx_word' id='word_1_267' title='bbox 1023 3627 1206 3694; x_wconf 82' lang='lat' dir='ltr'><strong>censebant</strong></span> <span class='ocrx_word' id='word_1_268' title='bbox 1223 3627 1367 3694; x_wconf 86' lang='lat' dir='ltr'><strong>Hebraei</strong></span> <span class='ocrx_word' id='word_1_269' title='bbox 1386 3627 1530 3695; x_wconf 90' lang='lat' dir='ltr'><strong>demon-</strong></span> 
     </span>
     <span class='ocr_line' id='line_1_27' title="bbox 201 3731 1527 3824; baseline 0.001 -26"><span class='ocrx_word' id='word_1_270' title='bbox 201 3731 507 3824; x_wconf 77' lang='lat' dir='ltr'><strong>stratqueltesyclr.</strong></span> <span class='ocrx_word' id='word_1_271' title='bbox 521 3739 540 3800; x_wconf 90' lang='lat'><strong>3</strong></span> <span class='ocrx_word' id='word_1_272' title='bbox 553 3736 636 3819; x_wconf 78' lang='lat' dir='ltr'><strong>ling.</strong></span> <span class='ocrx_word' id='word_1_273' title='bbox 651 3739 729 3813; x_wconf 66' lang='lat' dir='ltr'><strong>uta</strong></span> <span class='ocrx_word' id='word_1_274' title='bbox 739 3740 773 3800; x_wconf 88' lang='lat' dir='ltr'><strong>et</strong></span> <span class='ocrx_word' id='word_1_275' title='bbox 783 3732 945 3800; x_wconf 83' lang='lat' dir='ltr'><strong>Davidem</strong></span> <span class='ocrx_word' id='word_1_276' title='bbox 955 3739 988 3799; x_wconf 90' lang='lat' dir='ltr'><strong>et</strong></span> <span class='ocrx_word' id='word_1_277' title='bbox 999 3733 1216 3801; x_wconf 84' lang='lat' dir='ltr'><strong>Salomonem</strong></span> <span class='ocrx_word' id='word_1_278' title='bbox 1227 3735 1321 3801; x_wconf 88' lang='lat' dir='ltr'><strong>mulo</strong></span> <span class='ocrx_word' id='word_1_279' title='bbox 1333 3734 1527 3801; x_wconf 87' lang='lat' dir='ltr'><strong>insidentes.</strong></span> 
     </span>
     <span class='ocr_line' id='line_1_28' title="bbox 201 3838 1530 3929; baseline 0 -23"><span class='ocrx_word' id='word_1_280' title='bbox 201 3845 288 3906; x_wconf 85' lang='lat' dir='ltr'><strong>Loco</strong></span> <span class='ocrx_word' id='word_1_281' title='bbox 311 3838 476 3929; x_wconf 89' lang='lat' dir='ltr'><strong>parallelo</strong></span> <span class='ocrx_word' id='word_1_282' title='bbox 499 3843 594 3905; x_wconf 76' lang='lat' dir='ltr'><strong>neat.</strong></span> <span class='ocrx_word' id='word_1_283' title='bbox 611 3845 712 3919; x_wconf 63' lang='lat'><strong>2210</strong></span> <span class='ocrx_word' id='word_1_284' title='bbox 737 3839 867 3926; x_wconf 81' lang='lat' dir='ltr'><strong>legitur</strong></span> <span class='ocrx_word' id='word_1_285' title='bbox 893 3861 901 3906; x_wconf 75' lang='grc' dir='ltr'>ε</span> <span class='ocrx_word' id='word_1_286' title='bbox 927 3866 943 3900; x_wconf 78' lang='lat' dir='ltr'><strong>a</strong></span> <span class='ocrx_word' id='word_1_287' title='bbox 970 3845 1043 3906; x_wconf 89' lang='lat' dir='ltr'><strong>Non</strong></span> <span class='ocrx_word' id='word_1_288' title='bbox 1063 3839 1178 3908; x_wconf 87' lang='lat' dir='ltr'><strong>arabis</strong></span> <span class='ocrx_word' id='word_1_289' title='bbox 1197 3839 1234 3907; x_wconf 91' lang='lat' dir='ltr'><strong>iu</strong></span> <span class='ocrx_word' id='word_1_290' title='bbox 1257 3841 1346 3907; x_wconf 88' lang='lat' dir='ltr'><strong>bove</strong></span> <span class='ocrx_word' id='word_1_291' title='bbox 1369 3841 1530 3906; x_wconf 90' lang='lat' dir='ltr'><strong>simulet</strong></span> 
     </span>
     <span class='ocr_line' id='line_1_29' title="bbox 203 3944 1529 4034; baseline 0 -22"><span class='ocrx_word' id='word_1_292' title='bbox 203 3946 298 4012; x_wconf 84' lang='lat' dir='ltr'><strong>asino</strong></span> <span class='ocrx_word' id='word_1_293' title='bbox 323 3973 353 4014; x_wconf 85' lang='grc'><strong>».</strong></span> <span class='ocrx_word' id='word_1_294' title='bbox 378 3946 489 4012; x_wconf 85' lang='lat' dir='ltr'><strong>Facile</strong></span> <span class='ocrx_word' id='word_1_295' title='bbox 507 3961 527 4008; x_wconf 72' lang='lat' dir='ltr'><strong>a</strong></span> <span class='ocrx_word' id='word_1_296' title='bbox 546 3959 639 4010; x_wconf 70' lang='lat' dir='ltr'><strong>utun</strong></span> <span class='ocrx_word' id='word_1_297' title='bbox 655 3945 939 4034; x_wconf 86' lang='lat' dir='ltr'><strong>corrumpebatur</strong></span> <span class='ocrx_word' id='word_1_298' title='bbox 953 3944 989 4012; x_wconf 92' lang='lat' dir='ltr'><strong>in</strong></span> <span class='ocrx_word' id='word_1_299' title='bbox 1003 3960 1111 4013; x_wconf 61' lang='lat' dir='ltr'><strong>sanan.</strong></span> <span class='ocrx_word' id='word_1_300' title='bbox 1128 3951 1254 4014; x_wconf 85' lang='lat' dir='ltr'><strong>Censeo</strong></span> <span class='ocrx_word' id='word_1_301' title='bbox 1269 3947 1376 4034; x_wconf 79' lang='lat' dir='ltr'><strong>igitur</strong></span> <span class='ocrx_word' id='word_1_302' title='bbox 1393 3967 1529 4013; x_wconf 87' lang='lat' dir='ltr'><strong>sensum</strong></span> 
     </span>
     <span class='ocr_line' id='line_1_30' title="bbox 201 4049 1528 4142; baseline 0.002 -26"><span class='ocrx_word' id='word_1_303' title='bbox 201 4051 238 4117; x_wconf 90' lang='lat' dir='ltr'><strong>h.</strong></span> <span class='ocrx_word' id='word_1_304' title='bbox 265 4052 289 4117; x_wconf 90' lang='lat' dir='ltr'><strong>l.</strong></span> <span class='ocrx_word' id='word_1_305' title='bbox 310 4073 383 4118; x_wconf 86' lang='lat' dir='ltr'><strong>esse</strong></span> <span class='ocrx_word' id='word_1_306' title='bbox 407 4074 415 4121; x_wconf 92' lang='lat'>:</span> <span class='ocrx_word' id='word_1_307' title='bbox 442 4081 458 4115; x_wconf 78' lang='lat' dir='ltr'><strong>a</strong></span> <span class='ocrx_word' id='word_1_308' title='bbox 487 4054 559 4118; x_wconf 88' lang='lat' dir='ltr'><strong>Non</strong></span> <span class='ocrx_word' id='word_1_309' title='bbox 583 4050 696 4118; x_wconf 87' lang='lat' dir='ltr'><strong>arabis</strong></span> <span class='ocrx_word' id='word_1_310' title='bbox 718 4052 756 4117; x_wconf 81' lang='lat' dir='ltr'><strong>in</strong></span> <span class='ocrx_word' id='word_1_311' title='bbox 775 4049 964 4142; x_wconf 71' lang='lat' dir='ltr'><strong>disparatis</strong></span> <span class='ocrx_word' id='word_1_312' title='bbox 986 4079 1016 4136; x_wconf 73' lang='lat' dir='ltr'><strong>a,</strong></span> <span class='ocrx_word' id='word_1_313' title='bbox 1040 4052 1204 4120; x_wconf 88' lang='lat' dir='ltr'><strong>animalia</strong></span> <span class='ocrx_word' id='word_1_314' title='bbox 1222 4052 1375 4119; x_wconf 88' lang='lat' dir='ltr'><strong>diversae</strong></span> <span class='ocrx_word' id='word_1_315' title='bbox 1402 4052 1528 4142; x_wconf 87' lang='lat' dir='ltr'><strong>speciei</strong></span> 
     </span>
     <span class='ocr_line' id='line_1_31' title="bbox 201 4156 1530 4247; baseline -0.003 -23"><span class='ocrx_word' id='word_1_316' title='bbox 201 4156 313 4224; x_wconf 87' lang='lat' dir='ltr'><strong>eidem</strong></span> <span class='ocrx_word' id='word_1_317' title='bbox 323 4157 635 4225; x_wconf 90' lang='lat' dir='ltr'><strong>simulsubmittens</strong></span> <span class='ocrx_word' id='word_1_318' title='bbox 644 4157 740 4245; x_wconf 83' lang='lat' dir='ltr'><strong>iugo.</strong></span> <span class='ocrx_word' id='word_1_319' title='bbox 754 4186 769 4219; x_wconf 75' lang='grc' dir='ltr'>α</span> <span class='ocrx_word' id='word_1_320' title='bbox 783 4161 915 4247; x_wconf 74' lang='lat' dir='ltr'><strong>Aprum</strong></span> <span class='ocrx_word' id='word_1_321' title='bbox 926 4171 1024 4224; x_wconf 78' lang='lat' dir='ltr'><strong>trrzrm</strong></span> <span class='ocrx_word' id='word_1_322' title='bbox 1034 4182 1103 4225; x_wconf 85' lang='lat' dir='ltr'><strong>non</strong></span> <span class='ocrx_word' id='word_1_323' title='bbox 1114 4183 1202 4226; x_wconf 80' lang='lat' dir='ltr'><strong>seres</strong></span> <span class='ocrx_word' id='word_1_324' title='bbox 1213 4159 1344 4226; x_wconf 80' lang='lat' dir='ltr'><strong>diverso</strong></span> <span class='ocrx_word' id='word_1_325' title='bbox 1358 4159 1530 4241; x_wconf 71' lang='lat' dir='ltr'><strong>soricina»,</strong></span> 
     </span>
     <span class='ocr_line' id='line_1_32' title="bbox 205 4263 1528 4354; baseline 0.001 -24"><span class='ocrx_word' id='word_1_326' title='bbox 205 4266 305 4330; x_wconf 84' lang='lat' dir='ltr'><strong>Hebr.</strong></span> <span class='ocrx_word' id='word_1_327' title='bbox 327 4264 533 4354; x_wconf 81' lang='lat' dir='ltr'><strong>disparatis;</strong></span> <span class='ocrx_word' id='word_1_328' title='bbox 550 4287 592 4331; x_wconf 91' lang='lat' dir='ltr'><strong>ne</strong></span> <span class='ocrx_word' id='word_1_329' title='bbox 606 4285 697 4331; x_wconf 88' lang='lat' dir='ltr'><strong>seras</strong></span> <span class='ocrx_word' id='word_1_330' title='bbox 716 4263 928 4333; x_wconf 82' lang='lat' dir='ltr'><strong>frumentum</strong></span> <span class='ocrx_word' id='word_1_331' title='bbox 943 4266 1033 4332; x_wconf 89' lang='lat' dir='ltr'><strong>inter</strong></span> <span class='ocrx_word' id='word_1_332' title='bbox 1046 4265 1141 4346; x_wconf 86' lang='lat' dir='ltr'><strong>vites,</strong></span> <span class='ocrx_word' id='word_1_333' title='bbox 1158 4266 1201 4332; x_wconf 85' lang='lat' dir='ltr'><strong>ct.</strong></span> <span class='ocrx_word' id='word_1_334' title='bbox 1226 4271 1319 4334; x_wconf 83' lang='lat' dir='ltr'><strong>Deut.</strong></span> <span class='ocrx_word' id='word_1_335' title='bbox 1339 4271 1430 4348; x_wconf 70' lang='lat' dir='ltr'><strong>aaa.</strong></span> <span class='ocrx_word' id='word_1_336' title='bbox 1448 4265 1528 4332; x_wconf 79' lang='lat' dir='ltr'><strong>Dis-</strong></span> 
     </span>
     <span class='ocr_line' id='line_1_33' title="bbox 198 4370 1528 4460; baseline 0.002 -24"><span class='ocrx_word' id='word_1_337' title='bbox 198 4370 346 4459; x_wconf 82' lang='lat' dir='ltr'><strong>puratis‚</strong></span> <span class='ocrx_word' id='word_1_338' title='bbox 363 4371 387 4437; x_wconf 87' lang='lat' dir='ltr'><strong>i.</strong></span> <span class='ocrx_word' id='word_1_339' title='bbox 410 4393 440 4436; x_wconf 88' lang='lat' dir='ltr'><strong>e.</strong></span> <span class='ocrx_word' id='word_1_340' title='bbox 463 4399 478 4432; x_wconf 79' lang='lat' dir='ltr'><strong>a</strong></span> <span class='ocrx_word' id='word_1_341' title='bbox 500 4382 599 4453; x_wconf 77' lang='lat' dir='ltr'><strong>certe,</strong></span> <span class='ocrx_word' id='word_1_342' title='bbox 627 4393 715 4460; x_wconf 82' lang='lat' dir='ltr'><strong>quac</strong></span> <span class='ocrx_word' id='word_1_343' title='bbox 739 4393 781 4437; x_wconf 80' lang='lat' dir='ltr'><strong>en</strong></span> <span class='ocrx_word' id='word_1_344' title='bbox 799 4370 929 4438; x_wconf 81' lang='lat' dir='ltr'><strong>duobus</strong></span> <span class='ocrx_word' id='word_1_345' title='bbox 952 4383 1110 4439; x_wconf 72' lang='lat' dir='ltr'><strong>temtaret</strong></span> <span class='ocrx_word' id='word_1_346' title='bbox 1127 4401 1157 4453; x_wconf 81' lang='lat'><strong>»‚</strong></span> <span class='ocrx_word' id='word_1_347' title='bbox 1178 4372 1260 4439; x_wconf 89' lang='lat' dir='ltr'><strong>lana</strong></span> <span class='ocrx_word' id='word_1_348' title='bbox 1278 4372 1397 4439; x_wconf 87' lang='lat' dir='ltr'><strong>ctlino</strong></span> <span class='ocrx_word' id='word_1_349' title='bbox 1419 4373 1528 4460; x_wconf 86' lang='lat' dir='ltr'><strong>(Deut.</strong></span> 
     </span>
     <span class='ocr_line' id='line_1_34' title="bbox 204 4476 1523 4568; baseline 0 -26"><span class='ocrx_word' id='word_1_350' title='bbox 204 4477 332 4564; x_wconf 56' lang='lat'><strong>2211),</strong></span> <span class='ocrx_word' id='word_1_351' title='bbox 351 4504 367 4537; x_wconf 76' lang='lat' dir='ltr'><strong>a</strong></span> <span class='ocrx_word' id='word_1_352' title='bbox 388 4499 458 4544; x_wconf 82' lang='lat' dir='ltr'><strong>uon</strong></span> <span class='ocrx_word' id='word_1_353' title='bbox 472 4476 625 4544; x_wconf 81' lang='lat' dir='ltr'><strong>indueris</strong></span> <span class='ocrx_word' id='word_1_354' title='bbox 643 4505 672 4543; x_wconf 86' lang='lat'><strong>».</strong></span> <span class='ocrx_word' id='word_1_355' title='bbox 691 4493 808 4550; x_wconf 67' lang='lat' dir='ltr'><strong>inultus,</strong></span> <span class='ocrx_word' id='word_1_356' title='bbox 825 4501 889 4545; x_wconf 86' lang='lat' dir='ltr'><strong>vox</strong></span> <span class='ocrx_word' id='word_1_357' title='bbox 907 4477 1121 4566; x_wconf 89' lang='lat' dir='ltr'><strong>probabilius</strong></span> <span class='ocrx_word' id='word_1_358' title='bbox 1134 4481 1348 4568; x_wconf 79' lang='lat' dir='ltr'><strong>aegyptiaca,</strong></span> <span class='ocrx_word' id='word_1_359' title='bbox 1371 4481 1523 4545; x_wconf 88' lang='lat' dir='ltr'><strong>incertae</strong></span> 
     </span>
     <span class='ocr_line' id='line_1_35' title="bbox 203 4582 976 4668; baseline 0.003 -20"><span class='ocrx_word' id='word_1_360' title='bbox 203 4582 437 4650; x_wconf 85' lang='lat' dir='ltr'><strong>derivationis.</strong></span> <span class='ocrx_word' id='word_1_361' title='bbox 456 4586 547 4650; x_wconf 88' lang='lat' dir='ltr'><strong>LXX</strong></span> <span class='ocrx_word' id='word_1_362' title='bbox 560 4592 712 4668; x_wconf 70' lang='grc' dir='ltr'>κίεδηλον,</span> <span class='ocrx_word' id='word_1_363' title='bbox 730 4582 976 4652; x_wconf 88' lang='lat' dir='ltr'><strong>adulteratum.</strong></span> 
     </span>
    </p>
   </div>
   <div class='ocr_carea' id='block_1_10' title="bbox 239 4764 1529 4828">
    <p class='ocr_par' dir='ltr' id='par_1_10' title="bbox 239 4764 1529 4828">
     <span class='ocr_line' id='line_1_36' title="bbox 239 4764 1529 4828; baseline -0.001 -13"><span class='ocrx_word' id='word_1_364' title='bbox 239 4764 324 4828; x_wconf 82' lang='lat' dir='ltr'><strong>Legis</strong></span> <span class='ocrx_word' id='word_1_365' title='bbox 338 4765 491 4825; x_wconf 75' lang='lat' dir='ltr'><strong>rationem,</strong></span> <span class='ocrx_word' id='word_1_366' title='bbox 507 4776 590 4826; x_wconf 85' lang='lat' dir='ltr'><strong>quam</strong></span> <span class='ocrx_word' id='word_1_367' title='bbox 608 4764 748 4826; x_wconf 86' lang='lat' dir='ltr'><strong>scriptura</strong></span> <span class='ocrx_word' id='word_1_368' title='bbox 761 4777 900 4826; x_wconf 81' lang='lat' dir='ltr'><strong>nusquam</strong></span> <span class='ocrx_word' id='word_1_369' title='bbox 919 4764 1036 4826; x_wconf 77' lang='lat' dir='ltr'><strong>inulam,</strong></span> <span class='ocrx_word' id='word_1_370' title='bbox 1053 4765 1114 4814; x_wconf 86' lang='lat' dir='ltr'><strong>sola</strong></span> <span class='ocrx_word' id='word_1_371' title='bbox 1133 4767 1292 4816; x_wconf 85' lang='lat' dir='ltr'><strong>coniectura</strong></span> <span class='ocrx_word' id='word_1_372' title='bbox 1307 4767 1445 4828; x_wconf 82' lang='lat' dir='ltr'><strong>attingere</strong></span> <span class='ocrx_word' id='word_1_373' title='bbox 1460 4777 1529 4828; x_wconf 87' lang='lat' dir='ltr'><strong>pos-</strong></span> 
     </span>
    </p>
   </div>
   <div class='ocr_carea' id='block_1_11' title="bbox 0 0 1778 5380">
    <p class='ocr_par' dir='ltr' id='par_1_11' title="bbox 0 0 1778 5380">
     <span class='ocr_line' id='line_1_37' title="bbox 0 0 1778 5380; baseline 0 0"><span class='ocrx_word' id='word_1_374' title='bbox 0 0 1778 5380; x_wconf 95' lang='lat' dir='ltr'><strong> </strong></span> 
     </span>
    </p>
   </div>
  </div>
 </body>
</html>
