3534 5384
251 405 290 463 51
702 415 809 460 norsrs
831 415 908 460 nara
931 416 964 458 ru
986 415 1136 460 inurere.

249 552 342 618 ribus
354 549 504 617 serendis
514 551 625 614 essent
632 545 771 615 addicti.
786 551 949 615 16166661
961 549 1102 637 quidem
1114 550 1201 614 Tost.
1219 546 1371 614 seniores
1383 569 1455 613 666
1467 547 1583 628 ivisse,

251 658 312 724 ubi
325 656 362 722 in
378 661 509 722 herone
525 655 613 720 alius
624 655 726 741 Moysi
738 654 896 743 provisus
908 660 959 722 est
973 655 1095 720 socius.
1112 649 1209 720 Certe
1224 653 1399 720 sufficiens
1416 654 1504 720 ratio
1516 677 1587 748 non

247 768 390 853 apparet
400 762 614 828 diversorum
624 759 681 826 hic
691 765 725 826 61
735 768 841 850 6665
858 761 1145 828 adstruendorum
1162 758 1382 850 scriptorum.
1401 789 1417 820 «
1433 763 1478 826 lit
1493 761 1586 827 dices

248 867 297 936 ud
315 890 391 936 eum
408 891 420 934 .·
441 866 609 934 Dominus
624 870 713 932 Deus
734 869 966 933 Hebraeorum
980 866 1114 934 uocauit
1133 887 1205 933 nos.
1227 865 1355 932 Ibimus
1370 866 1462 933 oium
1481 867 1587 934 trium

251 975 386 1042 dierum
407 974 444 1040 in
456 973 693 1058 solitudinem,
717 985 755 1039 ut
774 973 990 1040 immolemus
1010 974 1153 1039 Domino
1170 976 1239 1039 Deo
1260 983 1373 1040 nostro
1395 1001 1425 1039 6.
1452 973 1587 1040 Helm:

251 1103 367 1149 eonius
386 1102 524 1171 quaeso.
543 1079 636 1147 Sinai
661 1107 677 1142 6
701 1085 795 1146 recta
811 1079 974 1146 euntibus
996 1108 1027 1161 »‚
1047 1079 1161 1168 inquit
1185 1078 1312 1163 calm,
1328 1081 1434 1147 trium
1452 1079 1588 1148 dierum

248 1187 370 1255 itinere
384 1186 548 1268 distabat,
565 1207 677 1276 neque
692 1185 800 1253 6111611
810 1190 942 1274 Moysen
953 1191 1071 1276 postea
1080 1207 1142 1275 per
1158 1186 1323 1272 ambages
1341 1187 1586 1276 procedentem

250 1301 283 1361 et
298 1317 398 1384 saepe
419 1300 530 1360 castra
548 1299 734 1382 ponentem
752 1293 987 1381 quadraginta
1008 1292 1082 1358 dies
1100 1291 1331 1381 insumpsisse.
1355 1291 1521 1360 Videntur
1539 1298 1588 1360 ta·

253 1424 333 1468 men
345 1401 429 1466 vel«
451 1407 546 1465 recta
559 1405 679 1466 cuntes
692 1426 707 1460 6
725 1398 804 1489 6166
822 1398 933 1465 tribus
952 1399 1077 1464 dicbus
1096 1399 1304 1487 insumpturi
1315 1399 1450 1466 luisses
1466 1403 1587 1466 Gessen

255 1507 298 1574 ad
321 1507 428 1574 Sinai.
449 1510 560 1583 Quare
579 1504 694 1594 petius
718 1527 795 1572 cum
818 1507 910 1594 Any.
935 1504 1043 1586 dicas,
1063 1505 1210 1570 voluisse
1234 1505 1374 1594 quidem
1397 1511 1503 1572 [teum
1526 1511 1588 1573 He-

254 1614 366 1680 braeis
384 1617 540 1700 Aegypto
556 1610 689 1677 eductis
709 1617 897 1700 perpetuas
907 1611 944 1676 in
954 1610 1201 1677 Chanaanitide
1218 1611 1314 1679 sedes
1329 1611 1481 1678 tribuere
1493 1618 1526 1678 61
1543 1613 1588 1680 ab

252 1720 320 1786 illis
338 1719 374 1785 iu
390 1723 505 1786 monte
518 1718 613 1785 Sinai
628 1717 801 1784 sacrificiis
815 1718 997 1800 honorari,
1015 1717 1152 1806 petiisse
1169 1726 1317 1785 tamena
1336 1719 1528 1803 Pharaone,
1550 1729 1588 1786 61

252 1848 315 1915 pro
339 1830 495 1914 tempore
519 1823 711 1891 dimitteret
739 1823 988 1891 sacrificatores
1010 1824 1117 1890 tridui
1142 1846 1162 1890 a
1193 1823 1319 1891 finibus
1344 1825 1484 1905 itinere,
1506 1825 1589 1914 quia

50 1943 53 1950 ’
141 1937 142 1940 ’
251 1930 465 2021 praesciebat
479 1932 534 1998 vel
552 1932 616 1997 hoc
629 1931 843 1998 Pharaonem
856 1931 929 1998 fore
950 1930 1400 2019 negaturum‚puniendum
1417 1934 1587 1998 irrevoca-

253 2037 316 2104 bili
333 2036 566 2105 Hebraeorum
592 2038 713 2103 exodo.
731 2035 945 2103 Sacrificium
960 2037 1053 2103 intra
1069 2037 1155 2102 fines
1169 2036 1318 2126 Aegypti
1336 2036 1436 2105 facile
1451 2060 1589 2105 conces-

255 2167 356 2212 surus
371 2148 445 2210 erat
464 2145 611 2211 Pharao.
632 2147 706 2210 Non
718 2149 874 2233 Aegypto
894 2143 1029 2231 penitus
1046 2143 1172 2210 dimitti
1182 2143 1303 2232 petivit
1317 2148 1442 2231 Moyses
1460 2167 1467 2212 :
1484 2173 1500 2207 «
1527 2151 1588 2212 Pe-

253 2250 330 2317 tivit
345 2249 533 2332 modicum,
551 2256 600 2332 61,
621 2251 702 2338 quia
717 2271 934 2316 concessurus
946 2272 1019 2316 non
1032 2256 1106 2316 erat
1120 2250 1252 2316 Pharao
1262 2255 1296 2315 61
1306 2255 1392 2317 [teus
1406 2253 1589 2340 puniturus

254 2362 328 2424 erat
347 2379 442 2434 eum,
463 2355 597 2445 punitio
620 2356 719 2422 valde
739 2356 828 2423 iusta
847 2355 1054 2422 videretur»
1073 2356 1268 2445 (1661),-
1286 2355 1385 2444 Vulq.
1405 2361 1497 2424 LXX
1514 2358 1586 2439 hic,

255 2462 305 2529 uti
321 2469 390 2546 5‚3‚
408 2463 532 2548 legisse
547 2461 710 2529 videntur
723 2477 800 2555 6166
821 2484 885 2552 pro
902 2478 995 2554 napi,
1014 2463 1109 2551 quod
1120 2467 1207 2530 66661
1220 2463 1422 2529 vertendum
1445 2487 1453 2532 :
1471 2486 1588 2530 occur·

255 2569 299 2634 rit
314 2567 410 2634 uobis
425 2568 590 2658 desuper,·
608 2590 691 2654 ergo
706 2569 778 2635 fere
797 2590 806 2634 ε
823 2568 866 2635 (16
888 2569 983 2635 66616
998 2567 1098 2635 nobis
1113 2569 1252 2635 obviarn
1271 2569 1375 2636 venit.
1393 2570 1456 2636 Sed
1473 2593 1589 2637 coram

256 2675 432 2742 Pharaone
456 2697 510 2742 res
538 2673 772 2742 enuntiandae
797 2680 897 2741 erant
928 2697 1032 2764 quam
1061 2675 1247 2742 clarissime
1274 2682 1307 2742 61
1328 2675 1586 2765 simplicissime.

259 2780 368 2848 Potuit
380 2782 483 2848 etiam
500 2782 652 2869 genuina
669 2782 770 2848 lectio
785 2803 856 2848 esse
871 2769 955 2845 obs
974 2796 1052 2846 nnn:
1072 2782 1129 2870 (ct.
1145 2805 1177 2847 v.
1197 2781 1264 2870 16).

297 2910 330 2954 v.
351 2895 390 2954 19
416 2916 432 2950 6
453 2887 523 2956 Sed
542 2911 602 2978 666
620 2887 710 2970 6616,
731 2887 825 2978 quod
845 2911 915 2954 666
932 2887 1083 2954 eliminet
1096 2911 1153 2954 vos
1165 2909 1226 2954 reu
1243 2889 1412 2978 (1666611,
1430 2903 1466 2954 ut
1483 2891 1586 2975 ratis,

254 2994 322 3060 nisi
333 3017 397 3084 per
411 3017 554 3061 616666(
573 2993 727 3062 ualidum
744 3022 774 3060 ».
800 2999 871 3060 Non
897 2994 1010 3061 solum
1027 2996 1070 3061 de
1094 3001 1299 3080 argumento
1318 2995 1513 3081 legationis,
1531 2998 1590 3064 sed

256 3101 297 3166 (16
313 3101 470 3168 universo
491 3103 563 3168 6166
584 3123 768 3190 progressu
791 3100 931 3167 instruit
946 3107 1032 3168 Deus
1049 3105 1187 3189 Moysen
1208 3101 1332 3190 (Coi),
1352 3125 1394 3168 ne
1416 3104 1590 3191 repulsam

256 3206 406 3295 primum
421 3229 539 3296 passus
554 3229 572 3272 6
589 3209 767 3274 Pharaone
784 3207 899 3274 animo
913 3207 1070 3274 concidat
1085 3207 1225 3297 (Syle·.).
1249 3209 1347 3298 Vulq.
1366 3208 1436 3274 6161
1454 3215 1487 3277 61
1501 3213 1592 3276 LXX

258 3315 307 3380 ἐὰν
326 3323 365 3396 μή
382 3319 586 3380 revocantur
605 3313 649 3380 ad
668 3313 851 3380 lectionem
866 3315 960 3380 Scrm.
980 3302 1072 3395 6116,
1092 3313 1115 3378 1.
1139 3335 1169 3379 e.
1188 3303 1249 3377 aba
1268 3336 1276 3382 ε
1294 3337 1407 3380 ((6666
1428 3316 1464 3381 16
1482 3339 1590 3382 (6666

258 3418 376 3485 valida
396 3440 462 3505 ego
482 3442 542 3485 vos
557 3420 753 3487 adiuvabo?
765 3420 976 3486 Sententiam
992 3427 1217 3510 apocopatam
1232 3421 1381 3509 explicat
1400 3445 1431 3487 v.
1447 3428 1488 3487 ⁸20
1508 3445 1589 3512 pro-

257 3525 347 3591 ximo
360 3548 514 3614 sequens.
538 3527 640 3594 llebr.
669 3525 790 3593 Chald.
811 3528 890 3614 Syr.
910 3515 961 3590 651
978 3527 1069 3593 hunc
1089 3548 1224 3592 sensnm
1245 3527 1400 3613 suggerit
1422 3549 1429 3595 :
1449 3551 1518 3595 non
1537 3529 1591 3596 di-

259 3633 370 3698 mittet
392 3654 467 3712 rce,
489 3655 531 3698 ne
555 3633 592 3698 16
611 3655 717 3699 murm
738 3633 877 3722 quidem
906 3632 1039 3712 relide,
1063 3633 1100 3699 in
1121 3633 1236 3722 plagis
1256 3655 1302 3700 sc.
1330 3635 1506 3723 prioribus
1527 3635 1590 3702 im-

258 3737 382 3820 missis;
399 3739 459 3804 sed
481 3739 619 3828 quando
642 3739 825 3807 extendero
850 3761 992 3806 manum
1009 3761 1122 3806 meam
1144 3740 1178 3804 in
1204 3741 1333 3806 cunctis
1357 3741 1487 3830 plagis,
1510 3749 1590 3808 tunc

260 3846 418 3912 dimittet.
447 3849 570 3913 Sensus
598 3851 647 3914 661
672 3853 859 3930 correctus,
892 3846 1049 3936 quamvis
1077 3844 1260 3913 artificium
1291 3847 1433 3937 aliquod
1461 3849 1586 3939 sapiat;

261 3951 431 4018 distinctio
446 3951 508 4018 illa
522 3953 612 4018 inter
629 3975 771 4020 manum
787 3951 938 4019 validam
954 3958 988 4018 61
1002 3951 1246 4019 validissimam
1262 3953 1378 4020 aliena
1392 3960 1444 4020 est
1459 3979 1479 4020 a
1491 3957 1590 4021 texti·

259 4059 322 4127 bus
337 4057 510 4147 parallelis
527 4065 604 4140 13‚3
620 4065 653 4125 61
675 4063 724 4124 Ρ6.
748 4065 810 4126 135
830 4060 940 4148 1136),
962 4065 1014 4142 11,
1035 4057 1161 4147 quibus
1182 4082 1245 4147 per
1268 4081 1411 4126 monum
1440 4059 1588 4127 relidam

260 4164 463 4253 simpliciter
481 4185 599 4231 omnes
617 4165 721 4231 simul
736 4165 859 4254 plagae
875 4168 1059 4255 aegyptiae
1084 4164 1319 4251 designantur.
1338 4166 1386 4232 cf.
1412 4169 1447 4234 C.
1468 4166 1591 4233 Nolrlr'i

260 4270 525 4337 Concordantias
538 4272 786 4359 particularum
806 4272 1226 4353 ebrum-chaldaicarum,
1244 4272 1385 4338 11616166
1410 4279 1507 4354 1679,
1531 4296 1590 4340 an-

259 4381 328 4442 net.
349 4382 445 4443 retu.
464 4380 553 4463 Ergo
569 4378 795 4466 praeferenda
810 4379 909 4445 lectio
930 4383 1020 4445 Sam.
1040 4378 1139 4463 Vulg.
1155 4380 1247 4442 LXX.

304 4487 387 4550 Tum
413 4483 553 4550 tandem
573 4489 657 4550 Deus
682 4484 754 4574 ipse
778 4484 909 4551 levabit
932 4506 1075 4551 manum
1097 4484 1134 4550 in
1159 4483 1327 4550 auxilium
1350 4487 1472 4576 populi
1498 4486 1550 4552 sui
1579 4509 1587 4555 :

259 4612 291 4658 v.
311 4595 352 4657 20
371 4619 386 4650 6
415 4589 609 4656 timendam
626 4591 717 4657 euim
743 4614 884 4658 (666666
909 4604 1092 4672 (6666(,61
1110 4589 1308 4678 percutiam
1335 4595 1589 4681 ,1666666616

259 4695 390 4763 cerrectis
412 4694 628 4762 mirabilibus
649 4697 748 4781 meis,
772 4720 860 4788 6666
876 4698 1041 4784 [notemus
1064 4718 1140 4762 sum
1165 4696 1203 4762 iu
1224 4696 1338 4764 medio
1356 4721 1484 4765 eorum.
1507 4703 1588 4767 Post

257 4803 339 4870 boec
359 4802 512 4870 dimittet
532 4825 589 4869 uos
614 4833 643 4871 ».
670 4808 847 4893 ltneque
872 4804 1109 4870 mendicorum
1129 4803 1237 4870 instar
1258 4805 1400 4871 exibunt
1426 4807 1494 4888 1111,
1521 4829 1586 4896 pro
