3534 5384
237 407 299 465 27⁶2
639 418 783 462 novonuu
805 417 958 462 saeuorum
980 415 1166 463 rusrrrurro.

274 560 375 622 Agitur
391 558 425 608 de
441 557 550 608 duabus
561 570 588 606 v.
607 556 639 606 tl
656 556 757 607 tabulis
771 555 964 618 angularibus.
983 563 1080 612 nnus
1092 582 1128 592 -
1143 561 1230 612 mnan
1247 574 1253 607 :
1270 556 1319 608 sed
1338 557 1378 606 bis
1393 559 1502 606 eandem
1518 571 1568 608 ro-

237 661 298 698 cem
318 647 451 709 legebant
471 647 546 696 Sam.
561 643 705 713 (niutan),
727 644 802 707 Vela.
820 641 1091 710 (coniunctae),b11
1111 639 1146 710 (ἐξ
1161 639 1304 712 lanu-ism),
1323 646 1419 697 ciata.
1438 643 1567 730 (paim).

237 737 336 800 Neque
350 736 394 785 bis
408 731 542 799 legebant
557 741 656 792 niort,
673 746 745 798 quae
760 747 815 784 vox
829 735 871 784 est
886 733 995 784 numeri
1010 734 1161 797 singularis
1174 748 1180 782 :
1193 746 1261 799 ergo
1277 741 1372 791 anun
1387 735 1433 785 vel
1448 741 1566 792 minari.

237 832 306 880 nitri
321 822 462 887 signifieat
478 825 631 887 «geminos
644 835 770 886 parere»
789 821 883 887 (Cant.
896 821 955 888 l,t;
970 820 1035 886 6,6);
1054 824 1103 886 lq.
1117 823 1217 886 Spmm.
1233 823 1330 873 Theoti.
1346 824 1374 873 b.
1389 824 1408 874 l.
1422 820 1569 890 διδυμεύον-

235 929 289 974 τες,
306 915 325 962 i.
339 926 364 963 e.
381 913 519 963 habentes
542 912 681 975 geminos.
697 911 804 961 Tabula
825 911 983 974 angularis,
999 923 1072 974 quae
1087 912 1222 975 angulum
1247 913 1534 977 circumplectebatur,
1551 926 1566 964 e

235 1001 360 1053 trabibus
374 1001 521 1051 constabat
536 999 646 1051 duabus
660 1013 711 1050 seu
726 1001 845 1062 geminis
859 1000 894 1050 ab
911 1001 968 1049 imo
982 999 1018 1050 ad
1031 1012 1189 1060 summum,
1205 1013 1258 1064 per
1271 1005 1359 1051 totam
1376 1001 1472 1052 decem
1487 1001 1566 1052 cubi·

234 1093 327 1142 torum
341 1103 368 1139 ν.
384 1089 415 1138 16
432 1085 648 1153 longitudinem.
664 1089 760 1152 Pergit
778 1089 858 1138 debr.
882 1095 972 1144 tingri
996 1093 1107 1147 murt
1126 1069 1181 1149 Su,
1205 1103 1288 1153 usque
1308 1090 1343 1139 ad
1365 1090 1497 1140 annulum
1519 1089 1565 1156 (cl.

234 1193 262 1228 r.
275 1179 319 1242 29)
334 1193 418 1228 aniam
431 1191 483 1228 seu
494 1179 624 1242 primum.
642 1177 719 1228 idem
733 1177 865 1240 legebant
877 1179 951 1227 Sam.
969 1177 1064 1226 Chald.
1077 1178 1140 1240 Syr.
1153 1191 1161 1226 :
1173 1177 1224 1228 sed
1237 1178 1365 1228 additum
1380 1181 1457 1230 emet
1470 1192 1566 1230 sensu.

237 1269 326 1319 Aliter
344 1267 476 1331 legebant
498 1266 574 1330 Vulp.
590 1279 732 1330 compago,
751 1267 779 1316 et
797 1267 860 1315 ill·
881 1261 915 1324 εἰς
934 1262 1072 1332 σύμὸλησιν
1093 1262 1151 1332 μίαν
1172 1265 1317 1317 :lortasse
1336 1273 1402 1324 nnn
1418 1274 1500 1324 mart
1516 1248 1566 1326 Su,

236 1358 267 1408 in
278 1357 492 1407 coniunctionem
507 1369 599 1405 unam.
613 1354 725 1414 Quanta
738 1353 822 1406 luerit
837 1367 871 1405 ea
882 1355 1027 1416 angularis
1042 1355 1146 1414 tabule,
1161 1367 1218 1406 non
1233 1355 1376 1407 docemur.
1397 1355 1457 1406 Fuit
1471 1358 1567 1421 utique

238 1446 337 1497 decem
352 1445 461 1495 cubitos
476 1444 576 1508 longa,
593 1445 621 1494 et
639 1446 724 1494 otiam
738 1457 825 1493 unum
840 1457 873 1493 ae
887 1445 1034 1494 semissem
1049 1444 1106 1493 lata
1120 1446 1149 1493 in
1163 1445 1250 1508 plaga
1263 1443 1445 1506 occidentali,
1460 1458 1523 1496 eum
1537 1447 1565 1495 in

237 1547 271 1584 ea
285 1535 370 1598 plaga
383 1533 548 1596 simpliciter
561 1537 745 1583 numerentur
758 1546 784 1580 v.
803 1532 835 1582 25
851 1533 965 1582 tabulae
979 1535 1042 1584 osto
1057 1536 1085 1584 et
1098 1533 1182 1583 bases
1196 1533 1330 1584 sedecim.
1348 1533 1465 1585 Videtur
1479 1533 1565 1584 luisse

238 1625 331 1672 minus
345 1623 403 1672 lata
416 1623 445 1672 in
460 1622 549 1673 altera
558 1621 661 1692 plaga,
677 1623 706 1671 in
721 1634 778 1684 qua
792 1622 887 1671 nullae
902 1623 928 1672 ei
943 1621 1136 1672 conceduntur
1147 1621 1240 1672 bases.

283 1827 315 1871 v.
331 1810 374 1873 25
386 1832 402 1865 α
420 1806 465 1871 Et
475 1817 574 1871 erunt
587 1803 695 1870 simul
708 1803 845 1871 tabulae
859 1817 945 1888 octo,
960 1807 1054 1870 bases
1068 1825 1186 1872 aarum
1207 1818 1391 1894 argenteae
1406 1805 1565 1888 sedecim,

238 1910 370 1980 duabus
385 1909 522 1978 basibus
530 1933 594 2000 per
605 1933 711 1978 unam
726 1909 880 1977 tabulam
894 1912 1086 2001 stmptttate's
1104 1938 1133 1978 n.
1152 1933 1184 1977 v.
1198 1915 1240 1978 26
1256 1911 1401 1978 «Facies
1415 1925 1565 1980 etuectes

237 2019 279 2086 de
293 2017 401 2108 liquis
412 2017 512 2084 setim
527 2017 680 2107 quinque
692 2017 740 2084 ad
750 2016 999 2106 [continendas]
1011 2015 1143 2086 tabulas
1159 2017 1197 2084 in
1212 2039 1279 2084 uno
1290 2017 1395 2088 lutere
1408 2021 1564 2086 taberna·

237 2125 310 2192 culi
334 2153 363 2209 n,
384 2163 428 2174 -
448 2125 550 2190 Hebr.
574 2123 764 2191 habitaculi
777 2163 822 2174 —
840 2148 873 2190 v.
895 2131 937 2189 27
954 2152 969 2186 a
995 2137 1029 2191 et
1047 2124 1199 2214 quinque
1218 2123 1306 2191 alies
1324 2125 1362 2192 in
1381 2125 1510 2208 altera,
1530 2139 1562 2192 et

237 2229 387 2298 ciusdem
405 2229 543 2296 tesimeni
556 2228 603 2296 ad
616 2228 859 2296 occidentalem
872 2229 1015 2320 plaqorn
1038 2259 1067 2311 n,
1086 2254 1118 2297 v.
1136 2237 1179 2298 28
1196 2258 1213 2292 a
1230 2230 1292 2320 qui
1305 2231 1485 2298 mittentur
1497 2255 1563 2322 per

237 2337 368 2404 inedias
390 2335 561 2403 tabularu
582 2357 715 2402 suntme
733 2358 838 2425 usque
859 2335 908 2402 ad
920 2359 1091 2404 stammam
1117 2365 1147 2406 ».
1168 2336 1233 2404 Sed
1251 2337 1376 2427 reliqui
1393 2344 1502 2406 textus
1523 2338 1559 2405 id

236 2464 457 2533 nequaquam
481 2442 523 2508 de
551 2441 710 2508 omnibns
732 2443 887 2509 reatibus
910 2442 1112 2532 praedicant
1136 2467 1143 2510 :
1170 2445 1215 2509 Et
1235 2444 1336 2509 uectis
1353 2443 1485 2510 medius
1495 2467 1564 2535 per

236 2548 368 2616 ntedias
391 2547 543 2629 tabulas,
562 2547 720 2614 transibit
738 2547 781 2615 ub
800 2571 869 2614 etna
889 2549 1103 2616 extremitate
1119 2549 1168 2616 ad
1186 2549 1348 2634 alterans,
1366 2573 1430 2640 per
1451 2557 1560 2618 iotam

236 2655 454 2724 latitudinem
471 2654 612 2745 parietis
624 2654 741 2742 lignei.
761 2659 866 2722 Erant
878 2661 1058 2744 praeterea
1071 2655 1162 2723 infra
1176 2663 1210 2724 et
1224 2678 1327 2746 supra
1348 2662 1475 2724 vectem
1492 2679 1564 2726 ms-

236 2762 331 2831 dium
351 2763 412 2829 alii
428 2761 519 2844 bini,
540 2761 685 2828 sednon
704 2761 877 2828 debebant
893 2769 1000 2828 totam
1018 2762 1235 2830 latitudinem
1248 2785 1410 2852 aequare.
1426 2769 1499 2831 liuo
1516 2765 1562 2832 ab

235 2891 316 2953 nne,
342 2876 376 2937 ei
394 2869 462 2937 duo
484 2869 544 2935 alii
565 2867 610 2935 ab
629 2868 735 2936 altera
757 2869 968 2936 extremitate
986 2867 1147 2959 profecti,
1172 2869 1215 2936 ad
1240 2870 1395 2937 medium
1417 2871 1561 2938 fortasse

234 2981 369 3044 tanturn
387 2975 554 3066 parietem
576 2974 836 3065 pertingebant3
859 2975 1017 3062 singulae
1037 2975 1176 3044 tabulae
1199 2977 1297 3042 trinis
1318 2977 1471 3044 vectibus
1491 2999 1564 3045 sus-

234 3082 466 3150 tentabantur.
490 3105 522 3148 v.
540 3088 583 3148 29
603 3109 619 3142 u
636 3083 731 3172 [psas
745 3105 881 3172 quoque
897 3082 1032 3149 tubulus
1052 3081 1251 3167 deaurabis,
1268 3095 1300 3150 et
1314 3082 1442 3172 scindes
1458 3083 1495 3150 in
1512 3085 1560 3152 eis

235 3187 382 3256 annulos
399 3211 532 3274 aureos,
546 3210 612 3276 per
628 3210 712 3277 quos
734 3200 843 3255 certes·
862 3189 1044 3276 [tabulatu]
1063 3191 1293 3256 contineant»
1320 3211 1327 3257 :
1350 3211 1433 3277 ergo
1453 3190 1563 3258 trinos

233 3295 378 3380 singulis
397 3294 525 3362 tabulis
541 3294 699 3362 annulos.
718 3322 734 3354 «
754 3297 843 3375 Quas
862 3296 991 3385 operies
1015 3295 1154 3364 laminis
1174 3296 1288 3363 aureis
1310 3324 1339 3362 n.
1361 3319 1393 3364 v.
1416 3303 1457 3362 30
1483 3325 1498 3358 a
1515 3299 1560 3364 Et

233 3401 341 3490 rripes
365 3399 622 3467 tabernaculum
649 3428 665 3461 »
688 3441 732 3451 -
753 3404 855 3470 Hebr.
881 3401 1118 3469 babitaculum
1138 3443 1182 3453 -
1209 3429 1224 3466 a
1247 3403 1346 3470 ittarta
1370 3403 1559 3493 eaenrplar,

235 3507 330 3598 quod
344 3506 407 3574 tibi
423 3507 459 3573 in
472 3521 586 3574 monte
600 3519 825 3575 monstratum
841 3520 890 3575 est
907 3537 936 3575 ».
955 3510 1002 3575 cl.
1022 3515 1136 3592 a5,t0.

635 3756 658 3802 γ.
674 3739 816 3787 Sanctuarii
831 3745 934 3788 ornatus
950 3740 995 3788 Ex.
1012 3743 1156 3803 tasi-im.

734 3885 764 3932 u.
787 3882 844 3928 rura
864 3883 913 3929 ss.
931 3885 1052 3945 near-er.

279 4063 361 4151 Aru.
386 4063 531 4126 —Sunt
550 4083 590 4126 ea
604 4059 720 4127 velunt
735 4059 853 4140 (nais),
870 4083 939 4149 quo
954 4064 1130 4150 separatur
1149 4066 1303 4128 sancium
1325 4067 1520 4130 sanctorum
1541 4087 1561 4130 a

235 4174 362 4245 saneto,
380 4172 413 4233 et
427 4167 542 4233 velum
552 4166 649 4254 (usn)
664 4165 828 4233 claudens
838 4167 1032 4252 ingressum
1050 4167 1168 4234 saneti.
1184 4167 1273 4234 lllud
1286 4191 1305 4235 e
1318 4173 1477 4257 quatuor,
1495 4169 1562 4236 hoc

235 4295 254 4339 e
273 4271 426 4361 quinque
445 4273 613 4338 columnis
632 4271 860 4361 dependebat.

279 4401 312 4444 v.
330 4383 368 4445 31
383 4406 399 4438 α
415 4379 533 4446 Facies
546 4377 701 4445 etreiuna
713 4377 755 4444 de
767 4377 951 4468 hyacintho
962 4391 1157 4470 etpurpuru
1168 4403 1332 4470 caecoque
1345 4379 1394 4447 bis
1408 4382 1512 4448 tincto
1528 4408 1558 4464 n,

235 4496 330 4550 -et
349 4485 580 4570 tarasconem,
602 4486 647 4552 ef.
664 4491 743 4567 ΞΜ
760 4525 804 4538 -
824 4515 840 4548 a
862 4498 895 4552 et
915 4489 1010 4575 bysso
1031 4499 1157 4555 retorta
1174 4516 1189 4550 n
1212 4487 1269 4576 (es.
1292 4489 1399 4576 tat),
1426 4517 1441 4550 (ι
1461 4509 1562 4578 opere

230 4591 408 4680 plrarnurio
427 4594 472 4678 [et
494 4592 641 4680 pttlcbra
665 4593 842 4680 uarietate]
868 4608 1063 4660 coriteatuni
1090 4623 1105 4656 n
1134 4594 1335 4677 Cherubim·
1351 4617 1433 4662 nom
1455 4595 1558 4662 etiam

234 4699 269 4764 h.
298 4698 321 4766 l.
346 4698 430 4766 haec
450 4722 513 4766 vor
533 4699 681 4766 additur.
700 4705 830 4767 Nomen
848 4714 930 4766 nnis
952 4699 1033 4766 huic
1056 4701 1128 4767 solo
1147 4701 1221 4768 velo
1241 4701 1435 4768 adhibetur.
1461 4725 1493 4769 v.
1515 4708 1558 4769 32

234 4833 250 4866 «
280 4805 379 4887 Qarod
400 4805 574 4896 appendes
597 4821 677 4874 ante
703 4835 719 4868 »
747 4795 806 4886 (bt)
832 4835 847 4869 «
875 4818 1025 4897 quatuor
1049 4806 1224 4874 colttntnus
1248 4807 1288 4876 de
1313 4807 1419 4895 lipnis
1442 4810 1556 4888 setim,
