3534 5384
688 384 755 429 rav.
781 370 874 440 tuat
895 385 959 437 soa.
1432 375 1491 433 165

159 517 416 610 pontificalibus
432 517 552 599 saeris,
575 517 702 606 quihus
719 519 755 584 in
780 518 955 585 sacrificiis
973 519 1193 608 perficiendis
1213 517 1356 612 semper
1369 523 1492 590 uteba-

158 633 216 693 tur
229 623 388 713 (Βοηίν.)

202 731 355 799 Breviter
372 730 564 810 subiicitur,
582 731 667 821 quid
685 731 861 818 agendum
880 731 1026 821 supersit
1045 733 1216 822 pontifici,
1235 735 1320 823 quid
1340 737 1412 802 viro
1429 735 1490 826 qui

159 860 301 928 caprum
313 837 473 920 emiserit,
489 835 573 926 quid
582 837 643 904 fiat
653 837 697 903 de
707 836 854 904 vietimis
866 860 931 928 pro
944 844 1085 927 peccato
1097 838 1294 908 immolatis.
1309 867 1326 902 a
1340 844 1386 908 Et
1394 855 1492 930 post-

160 968 265 1036 quam
283 966 435 1033 eqressus
456 970 473 1006 »
496 942 635 1010 deloco
658 965 756 1010 sacro
770 995 779 1026 ,
795 943 857 1010 ubi
873 943 1056 1012 lavabatur
1077 950 1110 1012 et
1129 945 1347 1027 vestiebatur,
1372 947 1417 1014 ad
1438 949 1487 1016 al·
1559 989 1571 1012 2
1634 1009 1635 1012 ,

162 1060 233 1120 tare
252 1080 268 1115 «
287 1049 448 1118 obtulerit
463 1049 699 1116 holocaustum
714 1072 817 1115 suum
831 1073 871 1116 ac
880 1048 995 1140 plebis
1013 1078 1041 1131 »,
1058 1050 1143 1118 duos
1156 1075 1200 1118 sc.
1218 1053 1340 1120 arietes
1354 1077 1387 1120 v.
1405 1061 1437 1122 3.
1455 1064 1488 1134 5,
1679 1075 1751 1128 't

163 1189 177 1218 a
197 1157 334 1250 roqabit
348 1170 419 1223 tam
430 1179 494 1247 pro
509 1177 545 1223 se
559 1178 666 1245 quam
676 1179 744 1246 pro
753 1157 888 1246 populo
907 1185 937 1239 υ,
953 1179 986 1224 v.
1004 1164 1048 1224 25
1064 1185 1080 1220 «
1096 1168 1129 1223 et
1140 1157 1290 1249 adipem,
1309 1159 1383 1250 [qui
1397 1161 1490 1228 obla-

160 1277 213 1332 tus
228 1263 288 1355 est}
297 1285 362 1354 pro
372 1264 541 1354 peccatis,
561 1261 713 1328 adolebit
727 1284 830 1353 super
842 1262 953 1330 altare
971 1291 987 1324 r>
1006 1268 1040 1330 et
1054 1285 1157 1354 super
1171 1265 1413 1334 holocaustum
1430 1266 1487 1356 (cs.

160 1377 258 1454 s‚1t;
271 1377 350 1453 6,12
360 1373 423 1457 [5];
438 1369 523 1458 3,5).
536 1391 569 1436 v.
583 1375 626 1435 26
644 1398 659 1429 «
669 1369 731 1435 Itle
745 1391 837 1451 cero,
849 1369 913 1458 qui
921 1367 1093 1436 dimiserit
1107 1392 1248 1462 caprum
1260 1373 1487 1458 emissarium,

161 1477 290 1544 locabit
297 1478 498 1544 uestimenta
510 1498 574 1541 sua
584 1487 616 1542 et
629 1497 750 1565 corpus
762 1497 856 1564 aquo
870 1502 902 1558 n,
917 1497 996 1542 cum
1009 1480 1166 1544 contactu
1182 1478 1255 1545 eius
1265 1479 1361 1570 capri
1374 1486 1491 1548 conta-

161 1585 344 1652 minaverit
356 1607 404 1666 se,
421 1611 436 1644 «
452 1596 485 1648 et
497 1583 545 1648 sic
561 1581 776 1671 iuqredt‘etur
790 1581 829 1648 irc
843 1592 956 1648 castra
972 1608 1002 1649 a.
1020 1605 1052 1648 v.
1068 1589 1111 1649 27
1129 1611 1144 1644 «
1165 1583 1317 1652 Vitulum
1330 1599 1445 1654 autem
1459 1601 1492 1654 et

160 1690 305 1775 hircum,
326 1690 387 1780 qui
394 1711 462 1778 pro
470 1700 615 1777 peccato
631 1688 776 1775 siceram
792 1687 975 1775 immolati,
994 1700 1026 1754 et
1044 1711 1194 1777 quorum
1209 1693 1355 1780 sanquis
1372 1692 1487 1759 illatus·

161 1810 210 1864 cst
228 1798 266 1865 iri
284 1795 535 1879 sanctuarium,
554 1807 592 1860 ut
611 1794 764 1885 expiatio
783 1794 1034 1884 [compleretur]
1051 1823 1083 1878 »,
1105 1800 1244 1886 excepto
1260 1797 1363 1887 adipe
1379 1821 1412 1865 v.
1430 1805 1485 1875 25,

163 1933 178 1965 a
193 1906 417 1994 asportabunt
429 1904 523 1991 foras
541 1913 665 1985 costra,
684 1913 718 1967 ct
731 1903 929 1966 comburent
941 1899 1017 1990 iqui
1030 1914 1100 1968 tam
1113 1901 1236 1992 pelles,
1249 1925 1354 1992 quam
1372 1925 1490 1971 comes

117 2040 120 2043 ·
162 2033 279 2077 eorum
292 2033 332 2077 ac
339 2011 463 2100 fimum
481 2028 514 2088 »3
529 2007 574 2075 ci.
590 2014 670 2090 6,30
684 2008 765 2096 (23).
780 2030 812 2073 v.
827 2012 871 2073 28
890 2035 905 2068 «
923 2010 967 2073 Et
982 2009 1187 2098 quicumque
1203 2010 1421 2077 combusserit
1433 2034 1484 2097 ca,

165 2116 293 2184 lacebit
310 2117 511 2182 uestimenta
525 2136 590 2182 sua
605 2125 638 2181 ct
654 2135 793 2180 caruem
805 2135 916 2202 aqua,
932 2115 1025 2180 etsie
1041 2113 1255 2204 iriqreclietur
1269 2117 1307 2183 iu
1322 2129 1437 2184 costra
1454 2145 1487 2186 ».,

161 2229 266 2302 Quem
296 2223 400 2290 ritum
424 2220 533 2289 Calm.
555 2225 669 2288 censet
686 2242 758 2286 non
779 2219 1060 2310 improbabiliter
1078 2220 1115 2288 in
1137 2221 1296 2290 omnibus
1315 2223 1491 2293 sacrifieiis

162 2352 225 2420 pro
243 2335 381 2418 peccato
400 2349 471 2394 esse
491 2326 722 2394 observatum.

322 2566 354 2626 2.
376 2563 425 2625 De
444 2580 563 2625 arcario
582 2557 791 2646 expiationis
808 2557 1023 2624 solemnitate
1045 2561 1121 2624 Lev.
1146 2565 1320 2642 tuma-at.

206 2770 289 2854 Arq.
306 2803 351 2816 —
372 2762 539 2830 indicitur
557 2761 767 2827 solemnitati
786 2760 859 2827 dies
879 2761 979 2840 fixus,
1000 2760 1184 2844 ieiunium,
1203 2763 1338 2852 requies
1361 2764 1488 2832 sabba-
1544 2787 1547 2792 ·

162 2875 240 2953 tica,
258 2875 447 2939 conventus
458 2889 565 2934 sacer.
582 2865 681 2934 Solus
697 2867 852 2956 pontifex
864 2867 1091 2956 expiationem
1106 2873 1265 2957 peraget,
1285 2875 1394 2937 vestes
1405 2871 1488 2938 sim-

161 2979 304 3069 plicium
324 2973 539 3042 sacerdotum
558 2971 709 3039 indutus.

212 3086 287 3149 Una
307 3087 358 3148 est
374 3079 489 3147 brevis
514 3078 597 3144 haee
617 3077 794 3168 pericope,
811 3099 899 3167 quae
920 3079 1069 3146 formula
1093 3108 1109 3139 a
1128 3081 1200 3147 Erit
1219 3081 1319 3148 vobis
1338 3083 1390 3148 lex
1410 3106 1489 3172 per-

163 3196 269 3282 petua
296 3215 312 3247 a
333 3193 367 3254 et
385 3185 507 3275 incipit
526 3207 560 3252 v.
582 3190 625 3252 29
648 3189 736 3251 etv.
760 3190 800 3250 31
821 3184 1050 3252 concluditur.
1072 3209 1103 3252 v.
1127 3191 1169 3253 at
1189 3187 1290 3254 simul
1309 3189 1412 3255 etiam
1438 3190 1490 3255 in·
1569 3257 1571 3260 .

164 3296 319 3365 calcatur
340 3293 428 3380 legis
449 3290 529 3357 finis
547 3311 555 3358 ε
574 3291 618 3357 cl.
650 3297 765 3373 11‚t·1;
791 3297 1174 3376 13,59;1t,57;15‚31.
1197 3315 1229 3359 v.
1247 3299 1289 3362 29
1305 3322 1322 3356 «
1344 3295 1489 3384 Eritque

163 3402 257 3470 uobis
282 3401 346 3468 ltoc
366 3397 562 3488 leqitimum
584 3395 825 3485 sempiternum
857 3425 888 3480 »,
916 3397 969 3464 lex
987 3420 1095 3488 usqua
1121 3397 1298 3481 duratura,
1322 3402 1489 3491 quamdiu

165 3509 403 3577 Hebraeorum*
425 3503 698 3594 perseveraverit
725 3503 878 3590 religio:
906 3531 921 3564 «
954 3506 1070 3572 Mense
1090 3504 1251 3596 septimo,
1279 3506 1414 3576 decima
1432 3507 1488 3576 die

165 3615 300 3700 meusis,
316 3609 630 3702 aflliqetisartimas
645 3622 772 3676 cestros
787 3638 817 3691 »,
831 3632 900 3699 qua
914 3611 1141 3700 expressione,
1161 3613 1232 3679 Cal.
1249 3613 1308 3694 ait,
1325 3636 1396 3681 non
1410 3614 1491 3682 satis

167 3728 300 3812 patere,
318 3726 434 3786 utrum
453 3718 525 3784 sola
538 3716 680 3783 afflictio
694 3715 840 3799 interna,
860 3739 906 3782 an
922 3716 1023 3784 etiam
1037 3717 1206 3784 ieiunium
1221 3719 1330 3787 aliave
1349 3727 1489 3788 externa

167 3827 315 3917 expiatio
325 3825 508 3892 indicetur.
526 3829 568 3891 at
578 3830 709 3890 eertum
722 3829 788 3906 est,
801 3844 871 3889 non
882 3843 976 3888 mere
990 3823 1165 3891 internum
1178 3825 1370 3894 afflictionis
1382 3849 1491 3916 genus

167 3933 331 4024 exprimi,
355 3937 390 3997 et
406 3931 622 3997 consentiunt
644 3929 849 4019 interpretes
869 3929 1015 4018 exprimi
1039 3930 1221 3998 ieiunium.
1249 3933 1344 4012 Quod
1367 3935 1491 4001 contir-

101 4022 105 4027 ⁴
166 4046 282 4107 matur
301 4040 407 4120 facto,
436 4035 685 4126 posterioribus
717 4034 931 4125 temporibus
954 4057 1073 4124 reapse
1097 4037 1264 4105 ieiunium
1290 4041 1492 4130 expiationis

166 4147 221 4213 die
247 4144 421 4212 observari
445 4141 657 4209 consuevisse
683 4142 738 4230 (cl.
763 4149 835 4209 Act.
863 4142 956 4228 27,9)
980 4163 987 4209 :
1013 4142 1128 4227 Philo,
1158 4144 1200 4210 de
1218 4145 1289 4211 vita
1307 4147 1426 4234 Moysis
1445 4155 1485 4217 11.

164 4252 296 4341 §etta
318 4251 414 4338 138);
434 4251 499 4316 Ios.
519 4254 595 4316 Ant.
618 4252 674 4316 111.
697 4256 753 4329 10;
776 4248 867 4316 Hier.
874 4301 883 4332 ,
902 4271 955 4338 ep.
976 4254 996 4315 8
1015 4249 1059 4315 ad
1080 4251 1317 4318 Demetriadeu
1337 4252 1380 4320 de
1399 4276 1487 4322 serv.

163 4359 254 4446 virg.
273 4380 307 4426 n.
326 4364 366 4424 10
382 4357 441 4444 (M.
457 4361 510 4422 22.
531 4357 644 4443 1116).
664 4382 680 4416 a
697 4353 913 4445 Nullamque
928 4377 1012 4445 optas
1026 4357 1181 4445 societis,
1201 4357 1272 4423 sice
1294 4357 1457 4449 indiqeua
1471 4391 1487 4424 a

167 4468 237 4556 (Ex.
261 4464 388 4550 1219),
408 4491 424 4523 «
443 4461 513 4527 sice
528 4460 673 4546 adsumo,
685 4461 758 4552 qui
769 4461 1013 4553 pereqriuotur
1026 4463 1114 4529 iuter
1128 4486 1184 4530 cos
1202 4493 1231 4530 a,
1247 4465 1425 4555 Sapienter
1444 4469 1488 4534 ab

165 4573 327 4665 operibus
339 4568 521 4637 servilibus
531 4567 782 4635 interdicuntur
798 4567 967 4649 advenae,
987 4569 1115 4637 ieiunio
1131 4576 1248 4637 tamen
1261 4570 1327 4637 iltis
1348 4573 1488 4640 minime

165 4679 324 4770 imposito
339 4674 503 4766 (Dillm.).
518 4676 604 4740 Festi
616 4676 787 4740 rationem
800 4696 936 4740 rursum
949 4675 1143 4742 inculcatv.
1160 4683 1202 4741 30
1218 4696 1226 4742 :
1240 4677 1324 4764 quia
1341 4705 1356 4738 a
1374 4678 1411 4744 iu
1424 4678 1488 4746 lrac

167 4786 223 4852 die
238 4783 390 4875 crpiotio
406 4782 471 4849 erit
487 4781 598 4864 uestri,
620 4792 723 4868 atque
738 4779 918 4845 mundatio
934 4783 975 4846 ab
996 4780 1153 4847 aturribus
1158 4782 1311 4870 peccatis
1325 4785 1439 4851 rustris
1457 4815 1486 4871 a,

560 4909 731 4946 iiuuuautuau.
749 4911 785 4931 —·
796 4906 822 4944 ru
838 4908 880 4945 rx.
898 4911 929 4946 ar
945 4909 1002 4945 aar.
1018 4922 1050 4931 -
1066 4897 1097 4944 3ο
