3534 5384
757 473 823 518 nav.
846 459 886 517 45
908 475 952 526 su.
1466 461 1526 521 545

191 607 330 698 respicit
342 612 492 697 tempus,
510 629 579 697 quo
600 607 628 673 is
648 607 792 674 interra
809 607 1050 696 4444441454)
1067 607 1262 676 4444444444
1280 613 1525 698 permanenter

192 713 373 782 stabilitus.
392 715 452 781 Cui
467 735 531 803 pro
546 711 640 780 cultu
655 713 720 780 Dei
738 713 787 780 ib.
813 713 963 782 fideliter
977 714 1153 782 observato
1171 721 1349 797 45,1-46,4
1364 715 1525 783 indicun-

192 827 249 888 tur
255 819 416 910 praemia
436 825 591 901 bus-13,
609 841 672 911 pro
687 819 809 888 eodem
824 821 980 906 neglecto
993 826 1157 904 buit-td
1172 843 1324 910 poenae,
1342 823 1390 889 ita
1409 827 1524 890 tamen

191 933 230 994 114
242 949 379 1017 semper
390 926 648 1017 poenitentibus
656 930 791 1018 praesto
800 927 919 994 futura
928 925 972 993 sit
985 927 1099 994 venia.
1112 931 1180 993 lloc
1195 927 1371 1017 eloquium
1386 929 1524 1019 proprie

190 1054 316 1121 agmen
333 1031 463 1100 clandit
480 1032 678 1099 divinornm
700 1032 738 1099 in
757 1036 834 1099 Lev.
857 1031 1091 1122 eloquiorum3
1109 1033 1200 1122 quod
1217 1039 1312 1122 patet
1329 1056 1407 1101 eum
1423 1056 1463 1102 ex
1485 1057 1527 1101 ea

193 1162 298 1230 qnam
316 1139 420 1206 modo
438 1138 693 1229 exponebamus
711 1139 874 1220 materie,
898 1142 970 1206 tum
993 1162 1011 1206 e
1034 1140 1113 1207 stilo
1136 1139 1358 1221 solemniore,
1379 1142 1526 1208 maxime

193 1269 326 1315 veroex
340 1245 488 1334 eoquod
507 1267 581 1335 cap.
599 1252 642 1313 41
653 1244 763 1313 instar
776 1244 1006 1336 supplementi
1021 1244 1233 1313 adnectetur.

227 1445 370 1496 Formutcc
391 1461 403 1493 4
423 1445 484 1508 Ego
503 1444 590 1496 Iahve
604 1446 680 1496 Deus
695 1452 789 1496 vester
807 1460 819 1493 4
837 1447 866 1495 44
887 1460 898 1492 e
921 1444 1011 1496 Facite
1029 1451 1179 1509 praecepta
1197 1457 1261 1496 mea
1280 1449 1333 1498 ete.
1350 1461 1361 1493 4
1379 1446 1460 1508 45,17
1482 1459 1524 1510 sq.

193 1536 325 1600 separant
336 1546 497 1585 sermonem
511 1534 547 1585 de
563 1533 680 1585 iubiiaei
694 1533 795 1585 eiiectu
807 1534 903 1598 quoad
920 1533 1015 1598 iruges
1026 1547 1052 1584 v.
1072 1533 1155 1584 14-17
1170 1534 1206 1585 ab
1220 1533 1422 1599 appendicibus
1435 1549 1461 1584 v.
1475 1535 1525 1586 43-

193 1623 456 1675 484111444144414444
472 1623 632 1686 iungendis.
649 1624 722 1673 Ante
741 1623 813 1672 alias
830 1635 857 1672 v.
876 1622 959 1674 39-55
976 1621 1144 1686 appendices
1162 1623 1295 1674 inseritur
1311 1636 1339 1674 v.
1354 1623 1387 1674 38
1406 1623 1527 1675 1444444114

196 1713 283 1777 «Ego
301 1712 387 1762 Iabve
402 1711 479 1762 Deus
496 1715 599 1773 vester,
618 1714 665 1776 qui
685 1712 770 1763 eduxi
788 1724 839 1762 vos
852 1715 907 1762 etc.
923 1727 947 1760 4.
960 1711 1021 1772 46,1
1038 1723 1094 1774 sq„
1109 1711 1210 1776 quibus
1223 1725 1285 1776 cap.
1303 1713 1335 1762 45
1351 1714 1527 1764 eonnectitur

192 1813 256 1852 cum
275 1800 339 1862 46,3
354 1813 430 1864 sqq,
445 1799 489 1850 bis
507 1800 593 1851 habet
607 1815 618 1847 4
631 1801 693 1864 Ego
712 1800 798 1851 141444
815 1801 891 1851 Deus
904 1803 1022 1852 vester»
1040 1802 1067 1852 et
1081 1801 1195 1851 semel«
1212 1799 1273 1865 Ego
1295 1800 1382 1852 Iahve
1397 1817 1422 1850 4.
1437 1800 1525 1852 Ρ444-

194 1890 314 1940 mierum
335 1890 469 1940 tractatus
493 1888 574 1950 46,13
595 1889 749 1940 absolvitur
774 1888 895 1939 iormula
917 1904 928 1936 1
950 1889 1011 1952 Ego
1036 1889 1122 1940 lahve
1146 1889 1224 1940 Deus
1243 1891 1346 1950 vester,
1370 1891 1418 1954 qui
1441 1890 1526 1940 eduxi

193 1990 244 2028 vos
258 1979 311 2029 etc.
329 1996 352 2038 4,
365 1983 394 2028 44
413 1989 568 2042 poenarum
587 1979 723 2028 tractatus
741 1991 768 2027 v.
788 1977 820 2028 44
839 1990 883 2041 sq.
895 1978 1018 2028 termula
1038 1995 1050 2024 4
1069 1977 1130 2041 Ego
1150 1978 1236 2029 Iahve
1256 1978 1332 2030 Deus
1351 1990 1462 2040 eorum,
1477 1981 1525 2044 qui

193 2067 278 2118 eduxi
299 2079 350 2118 eos
368 2070 423 2117 etc.
443 2083 454 2115 4
472 2068 501 2118 44
514 2081 526 2113 4
541 2065 601 2130 ligo
622 2066 709 2117 labve
721 2082 745 2117 4.
763 2065 898 2131 Sequitur
917 2078 942 2114 v.
960 2065 991 2116 45
1011 2067 1175 2130 subscriptio
1193 2066 1266 2130 legis
1282 2079 1340 2118 non
1357 2067 1442 2118 huius
1461 2071 1526 2118 tan·

192 2159 266 2218 mm,
281 2155 331 2207 sed
345 2155 462 2206 aliarum
477 2157 544 2206 item
557 2156 662 2218 legum.

422 2371 452 2432 i.
482 2365 601 2432 Cultus
624 2365 726 2432 lotoe
743 2362 975 2455 praestandus
1001 2369 1076 2432 Lev.
1103 2370 1295 2448 45,1-46,4.

237 2569 347 2636 Verba
364 2569 465 2636 initio
484 2575 564 2651 4441
587 2596 604 2630 «
631 2573 699 2656 ligo
718 2568 882 2636 Dominus
900 2574 987 2636 Deus
1002 2573 1113 2637 vester
1127 2595 1143 2630 4
1161 2571 1262 2636 Hebr.
1284 2570 1380 2636 Sam.
1402 2566 1524 2636 ctaid.

193 2675 272 2764 Syr.
298 2675 440 2743 444144144
463 2671 509 2743 ad
530 2676 666 2765 priore,
693 2674 792 2742 Hebr.
815 2675 919 2742 etiarn
940 2673 1114 2764 reliquum
1136 2696 1168 2740 v.
1192 2681 1209 2741 1
1231 2679 1264 2740 et
1283 2697 1315 2740 v.
1334 2682 1368 2740 4.
1398 2678 1527 2763 Reapse

195 2783 280 2849 haec
308 2781 430 2850 intime
451 2804 527 2872 cap.
555 2789 597 2848 45
616 2785 785 2870 speciant.
813 2783 1005 2869 Antequam
1025 2783 1208 2864 1141444443
1233 2801 1309 2870 sqq.
1326 2780 1526 2848 observato-

195 2910 272 2956 rum
298 2888 540 2954 mandatorum
560 2893 594 2953 et
608 2897 874 2976 praeceptorum
902 2885 1057 2976 praemia
1078 2889 1250 2967 recenset,
1274 2885 1380 2953 breve
1406 2908 1526 2954 eorum

195 2992 436 3060 mandatorum
455 2991 680 3060 summarium
702 2992 864 3082 proponit
878 2997 957 3076 46,1
972 3014 1022 3081 sq.
1040 2991 1174 3081 Repetit
1189 3013 1230 3058 ea
1244 2991 1287 3058 de
1300 2992 1395 3060 cultu
1407 2991 1526 3059 divino

196 3097 374 3180 mendcio,
397 3119 486 3187 qnae
509 3097 605 3166 nulle
628 3118 699 3165 non
722 3098 902 3165 occasione
919 3097 1116 3165 inculcabat
1142 3119 1150 3166 :
1177 3097 1308 3164 ceritum
1329 3097 1435 3165 unius
1462 3098 1527 3166 Dei

196 3204 406 3294 imapinibus
432 3216 619 3289 carentem,
645 3204 780 3272 sabbati
803 3217 836 3272 ct
862 3203 1055 3272 sanctuarii
1086 3203 1299 3293 relc'piorrem.
1327 3205 1525 3273 Uberiorem

195 3311 281 3378 haec
299 3309 578 3400 explanationem
598 3311 632 3378 h.
652 3310 677 3377 l.
702 3330 774 3379 non
792 3311 989 3398 exigebant.
1008 3309 1199 3378 Praemitiit
1213 3317 1328 3378 tamen
1344 3314 1433 3379 Deus
1445 3334 1521 3402 cap.

197 3423 239 3485 45
259 3410 387 3484 novam
407 3417 560 3508 aliquam
585 3417 721 3486 sabbati
742 3419 992 3501 extensionem,
1014 3439 1146 3484 annum
1169 3416 1403 3501 sabbaticum,
1426 3416 1525 3508 eique

195 3523 347 3592 adnectit
360 3523 539 3591 materiam
554 3522 697 3591 affinem
711 3522 913 3592 iubilaeum.

231 3733 293 3783 1144
316 3733 396 3796 leges
421 3731 496 3796 apud
514 3734 591 3783 solos
611 3733 754 3784 4444414444
773 3737 899 3794 eastern
917 3733 967 3784 sed
987 3737 1069 3794 nota,
1084 3731 1252 3784 observandi
1272 3745 1385 3798 quoque
1405 3733 1525 3793 sabbati,

196 3821 273 3884 quod
291 3834 308 3872 a
326 3821 423 3872 mundi
441 3819 557 3872 exordio
573 3824 786 3873 consecraverat
802 3821 893 3882 Deus,
909 3823 958 3872 vix
975 3822 1034 3872 ulla
1053 3823 1125 3873 inter
1144 3826 1244 3886 gentes
1262 3821 1379 3887 reperiri
1397 3823 1527 3886 vestigia.

196 3907 272 3974 Ergo
283 3923 375 3974 neque
390 3909 529 3961 aliirmare
542 3908 585 3960 ins
599 3914 652 3972 est,
664 3914 729 3961 ante
743 3910 858 3973 Moysen
870 3911 977 3961 nullam
992 3912 1064 3962 inter
1076 3911 1220 3962 Hebraeos
1233 3909 1322 3962 tuisse
1334 3910 1402 3961 anni
1416 3910 1529 3975 septimi

197 4002 225 4049 et
239 3999 465 4062 quinquagesimi
479 3999 667 4050 sanctitatem.
684 3999 749 4050 Non
763 3998 855 4049 iuerat
868 4011 903 4051 ea
916 4000 1012 4064 utique
1027 4000 1090 4062 lege
1100 3998 1195 4049 divina
1206 4000 1325 4059 sancita,
1338 4012 1402 4049 cum
1415 4011 1452 4049 ne
1466 3998 1528 4049 sab·

196 4085 254 4136 bati
277 4086 389 4150 quidem
414 4089 460 4138 lex
483 4089 607 4138 exstaret
625 4087 731 4138 divina.
750 4089 794 4138 rin
818 4100 880 4139 eam
897 4087 1107 4138 observaverint
1131 4088 1307 4151 patriarchae
1327 4092 1392 4138 ante
1414 4091 1442 4138 et
1465 4090 1529 4151 post

197 4175 348 4235 diluvium,
364 4177 538 4240 ignoremus.
555 4177 588 4227 ln
605 4177 735 4240 Aegypto
750 4189 807 4226 non
825 4174 908 4226 tacile
925 4175 1136 4236 observabatur,
1154 4180 1213 4226 ium
1227 4175 1302 4240 quod
1322 4175 1356 4226 ab
1379 4175 1526 4241 Aegyptio·

196 4276 258 4314 mm
274 4263 398 4314 moribus
414 4277 450 4316 ea
466 4265 513 4316 lex
531 4265 708 4327 abhorreret,
729 4277 793 4315 cum
814 4264 890 4329 quod
909 4264 1101 4316 Hebraeorum
1118 4265 1244 4330 plerique
1263 4264 1366 4315 ibidem
1386 4265 1526 4328 agricolae

197 4365 254 4402 non
268 4356 372 4404 essent.
389 4351 432 4404 Ob
447 4353 565 4405 eandem
578 4354 716 4404 rationem
731 4353 806 4404 haud
819 4356 931 4417 poterat
945 4354 1028 4418 piene
1038 4353 1145 4406 servari
1157 4355 1186 4402 in
1200 4352 1325 4415 deserto,
1344 4352 1394 4405 sed
1408 4354 1528 4404 traditur

196 4447 289 4506 posteo
308 4442 456 4503 servanda,
473 4444 542 4506 quin
562 4440 628 4493 inde
647 4442 816 4493 concludere
833 4442 878 4492 ias
893 4443 929 4493 sit
944 4443 1035 4506 legem
1052 4454 1114 4493 eam
1129 4455 1194 4493 esse
1211 4441 1343 4494 omnibns
1358 4443 1483 4493 numeris
1497 4449 1525 4494 et

197 4533 309 4593 praeter
322 4543 434 4580 omnem
453 4542 558 4581 morem
574 4544 687 4582 novam.
705 4530 837 4582 Fortasse
855 4531 978 4582 textibus
995 4531 1212 4582 cuneilormibus
1228 4531 1380 4595 aliquando
1399 4529 1526 4582 edocebi-

198 4630 269 4678 mur,
286 4631 322 4668 an
341 4619 560 4682 Babyloniorum
580 4632 690 4682 sessus,
708 4621 727 4670 i.
749 4633 774 4670 e.
797 4633 889 4671 annus
911 4619 984 4670 6044»
999 4619 1082 4670 4444114
1105 4620 1215 4671 ratione
1229 4621 1314 4684 atque
1333 4619 1525 4672 Hebraeorum

197 4706 348 4758 iubilaeum
360 4706 444 4757 luerit
458 4707 630 4759 observatus.

243 4864 367 4932 Criiica
382 4867 491 4931 textus
505 4885 580 4956 cap.
598 4872 641 4935 45
660 4865 845 4951 difficilior,
867 4865 963 4956 quod
979 4866 1006 4933 is
1021 4867 1056 4934 in
1079 4865 1251 4956 aliquibus
1265 4865 1309 4932 sit
1327 4868 1519 4955 corruptus.
