3534 5384
755 385 804 428 ex.
828 370 921 438 abab
943 359 992 436 sQ.v

395 599 426 648 d.
440 599 583 652 Novella
597 601 638 652 de
652 601 763 652 tribus
778 601 915 654 delictis
929 600 1139 664 capitalibus
1155 603 1204 652 Ex.
1222 602 1359 654 law-20.

207 779 233 814 ν.
253 765 283 815 18
304 773 413 824 amm
610 786 636 821 α.
653 776 798 818 maleficium
812 787 830 817 s*
851 779 876 818 l8

207 853 235 903 u.
254 855 285 905 19
350 863 416 912 ΖΜ
615 857 639 924 β.
655 865 792 908 bestialitas
807 877 829 907 v.
842 868 869 909 ¹9

208 957 235 992 v.
252 943 286 994 20
359 951 415 1001 ml
612 964 640 1015 γ.
658 952 795 996 idololatria
808 965 830 996 r.
840 957 868 996 it

694 1192 857 1248 Ndvellae
871 1179 1058 1250 breviores.

386 1341 392 1352 '
468 1356 490 1387 c.
505 1346 602 1387 Novella
616 1345 648 1387 lle
659 1345 754 1389 arentis
765 1357 787 1387 r.
800 1349 825 1388 sl

373 1423 392 1449 ”“
469 1431 485 1474 l.
501 1433 598 1477 Novella
610 1434 641 1477 dr
658 1433 739 1477 uiduis
751 1439 775 1476 et
789 1432 890 1488 pupillIs
900 1445 922 1475 r.
931 1436 993 1476 ml

368 1522 392 1540 ⁸*
468 1533 490 1574 g.
505 1523 603 1566 Novella
615 1522 645 1565 dr
658 1523 744 1574 curnis
755 1534 777 1563 x.
789 1524 851 1565 ital

367 1645 392 1658 ...
470 1613 493 1655 b.
508 1611 605 1654 Novella
617 1612 648 1655 do
661 1611 844 1664 magistratibus
855 1623 877 1654 r.
890 1612 917 1652 ΞΒ

367 1689 392 1704 ”“
469 1700 485 1746 Ι.
499 1698 598 1746 Novella
610 1701 640 1744 dc
658 1701 701 1752 lis,
713 1711 777 1754 (roae
789 1704 838 1746 beo
850 1701 980 1746 debentur.
993 1700 1045 1744 suls
1058 1699 1212 1754 terrlnnribus
1225 1703 1394 1755 persolvendis
1408 1715 1430 1748 r.
1442 1706 1469 1746 39
1478 1715 1516 1759 sq.

318 1995 322 2003 ‚
406 1925 437 1983 1.
454 1914 601 1982 Novella
615 1914 664 1980 ud
677 1913 865 1980 secandum
880 1911 1085 1980 mandatam
1102 1917 1158 1980 Ex.
1178 1921 1352 1997 eona-26.

256 2125 339 2210 Arq.
357 2159 403 2172 -
416 2123 501 2186 Deus
521 2118 630 2200 illico,
649 2117 704 2184 vel
726 2123 806 2184 ante
826 2121 1035 2185 exstructum
1056 2118 1316 2186 tabernaculum
1339 2119 1542 2202 mosaicum,

214 2249 269 2294 eas
283 2229 348 2294 lert
372 2228 480 2313 leges,
506 2224 633 2314 quibus
653 2224 697 2291 ab
718 2247 776 2306 eo,
798 2223 894 2313 quod
907 2229 982 2291 tum
1003 2229 1092 2309 erat,
1115 2225 1214 2291 altari
1239 2225 1448 2315 sculptilium
1465 2249 1545 2294 usus

213 2336 350 2424 penitus
366 2330 579 2400 excludatur.
601 2330 763 2398 Prohibet
781 2330 890 2417 igitur
908 2331 1105 2414 simulacra,
1125 2332 1306 2421 proscribit
1330 2339 1437 2399 sectos
1456 2333 1546 2423 lapi-

213 2440 288 2520 des,
307 2439 435 2529 quibus
446 2437 581 2504 facilius
594 2438 772 2526 sculptura
787 2434 1155 2526 aliquaadhiberetur3
1173 2438 1342 2528 praecipit
1355 2438 1545 2507 decentiam

217 2546 253 2613 in
272 2567 409 2613 accessu
424 2543 467 2610 ad
485 2545 607 2612 altare.
625 2544 717 2611 Licet
732 2542 961 2632 probabiliter
974 2543 1158 2610 simulacra
1176 2545 1211 2610 in
1232 2543 1336 2634 stirpe
1352 2544 1458 2612 electa
1478 2547 1546 2613 iam

215 2660 314 2720 antea
334 2657 432 2719 erant
450 2652 528 2737 lege
551 2650 705 2717 humane
721 2649 913 2739 prohibita,
939 2653 973 2716 et
994 2648 1150 2716 decentia
1171 2649 1206 2716 in
1222 2672 1358 2717 accessu
1375 2652 1420 2718 ad
1441 2652 1548 2718 altare

215 2760 441 2849 praescripta,
462 2764 579 2824 tamen
599 2757 652 2823 lex
669 2757 712 2823 iis
730 2755 861 2837 verbis,
884 2756 1010 2845 quibus
1027 2757 1064 2823 h.
1081 2756 1104 2824 l.
1125 2756 1342 2838 describitur,
1362 2779 1451 2825 nova
1470 2763 1544 2824 est:

148 2879 155 2898 '
216 2869 251 2932 in
266 2867 342 2952 lege
361 2887 455 2931 mere
477 2866 630 2930 humana
653 2884 724 2928 non
743 2866 883 2951 poterat
906 2865 992 2929 [lens
1009 2863 1271 2951 pronominibus
1286 2865 1417 2953 primae
1432 2885 1546 2953 perso·

216 2993 281 3039 nee
295 2972 440 3061 loquens
453 2970 636 3036 introduci.

263 3100 294 3143 v.
309 3082 352 3144 22
373 3106 388 3137 «
410 3076 509 3142 nisit
523 3077 725 3165 [plraeterea]
740 3076 909 3141 Dominus
923 3073 970 3140 acl
984 3078 1124 3164 illoysen
1142 3095 1154 3138 .·
1170 3077 1262 3141 Haec
1283 3073 1374 3141 dicer
1392 3075 1477 3165 filiis
1499 3079 1547 3142 ls-

218 3182 292 3250 rael
311 3206 323 3250 :
348 3185 409 3250 Vos
432 3183 582 3266 vidistis,
604 3181 698 3271 qaod
718 3181 760 3248 de
783 3181 874 3248 coelo
898 3180 1027 3247 locatas
1041 3181 1106 3247 sna
1121 3180 1214 3246 vobis
1237 3205 1270 3264 »;
1294 3181 1423 3249 idcirco
1443 3183 1545 3250 etiam

217 3313 281 3380 pro
297 3290 381 3357 meis
394 3291 509 3356 verbis
529 3288 720 3379 accipietis,
746 3309 834 3378 qnae
853 3311 959 3378 porro
974 3310 1036 3378 per
1055 3293 1189 3375 ltloysen
1207 3287 1332 3377 loquar
1353 3289 1397 3355 ad
1416 3309 1486 3356 vos.
1509 3293 1547 3355 Et

217 3398 371 3486 sequitur
386 3396 478 3463 illico
495 3395 647 3486 primum
669 3397 727 3462 [lei
748 3395 956 3484 alloquium,
974 3393 1069 3483 quod
1089 3394 1145 3460 vel
1167 3417 1205 3460 ex
1228 3395 1293 3460 hoo
1312 3417 1400 3461 nexu
1420 3395 1547 3461 inferre

218 3504 298 3570 licet
316 3503 413 3570 brevi
432 3508 507 3592 post
524 3502 765 3569 antecedentia
780 3523 850 3567 esse
868 3501 1143 3591 pronuntiatum.
1160 3523 1193 3566 v.
1216 3507 1258 3568 23
1281 3529 1297 3562 κ
1315 3503 1392 3569 Non
1410 3499 1549 3589 societis

218 3610 296 3680 deos
309 3622 502 3699 carpentem,
526 3632 587 3676 ner
605 3609 685 3675 deor
703 3631 828 3675 urireos
846 3607 987 3697 societis
1001 3607 1095 3672 uobis
1109 3635 1140 3674 »,
1156 3610 1282 3674 Moror.
1301 3630 1313 3672 .·
1329 3631 1398 3674 non
1413 3608 1550 3696 facietis·

219 3739 350 3784 mecum
372 3719 455 3806 (tna)
480 3715 559 3782 deos
578 3727 768 3803 arqealeos,
787 3726 819 3779 et
843 3713 923 3780 deos
943 3736 1064 3780 alarcos
1083 3736 1153 3780 uma
1172 3713 1313 3802 facietis
1342 3713 1443 3782 robis.
1461 3717 1552 3780 LXX

219 3824 521 3913 promanasse
543 3823 682 3908 legebat
709 3811 785 3903 οὐ,
807 3820 960 3910 itemque
986 3820 1106 3908 Vola,
1129 3842 1233 3909 quae,
1256 3821 1317 3887 ubi
1340 3821 1459 3888 eadem
1486 3843 1550 3886 vox

220 3929 323 3997 bisin
340 3930 461 4000 eadem
476 3930 644 3996 sententia
663 3928 822 4009 habetur,
841 3948 917 3994 eam
931 3926 1034 3993 semel
1052 3925 1151 3992 facile
1171 3927 1365 4016 supprimit.
1394 3929 1472 4014 Syr.
1492 3915 1550 3990 urb

221 4053 292 4104 rna.
309 4036 407 4102 Nulla
419 4035 507 4105 ratio
526 4035 681 4102 estillius
706 4050 764 4098 ’ns
778 4032 1015 4112 confodiendi,
1037 4032 1138 4100 facile
1157 4032 1234 4099 fluit
1249 4032 1431 4114 sententia,
1453 4033 1551 4100 dum-

222 4143 321 4209 modo
336 4164 415 4210 onm
427 4143 505 4230 Syr.
522 4141 708 4228 iungamus
726 4163 733 4208 :
748 4144 825 4208 Non
835 4139 975 4228 societis
993 4137 1108 4224 (vobis)
1125 4161 1255 4204 mecum
1268 4139 1347 4204 deos
1359 4153 1548 4228 arqenteos,

220 4271 280 4315 nee
293 4247 373 4315 deos
386 4271 510 4315 czrrcos
518 4248 662 4338 facietis
672 4247 764 4313 robis·
780 4267 927 4313 mecum.
945 4250 1026 4311 Tota
1043 4267 1089 4312 sc.
1101 4246 1156 4312 lex
1170 4268 1202 4312 v.
1221 4250 1322 4311 23:26
1339 4250 1387 4312 est
1403 4245 1444 4312 de
1459 4246 1553 4314 cultu

222 4355 296 4422 veri
314 4356 388 4438 Dei,
413 4361 461 4422 est
482 4355 677 4444 explanatio
694 4353 849 4421 mandati
866 4376 899 4419 ν.
931 4357 967 4436 t,
993 4351 1089 4420 onius
1110 4353 1269 4442 proprius
1288 4351 1382 4418 loeus
1402 4359 1450 4419 est
1474 4359 1552 4419 ante

221 4463 438 4551 sequentiam
455 4461 697 4529 mandatorum
717 4458 974 4550 explanationes
993 4481 1068 4548 cap.
1092 4464 1207 4525 21-23.
1230 4459 1340 4544 Igitur
1360 4458 1464 4524 altari
1482 4460 1555 4528 veri

222 4568 281 4636 Dei
297 4569 340 4657 (v.
359 4570 416 4658 ll)
431 4569 502 4635 iam
514 4590 582 4635 non
597 4573 697 4634 erant
711 4566 928 4634 adhibendae
944 4564 1110 4632 eiusmodi
1125 4569 1273 4643 statuae,
1291 4565 1361 4630 sive
1377 4565 1461 4631 alios
1476 4564 1555 4631 deos

221 4673 293 4742 sive
310 4679 413 4743 Deum
428 4697 546 4741 verum
564 4674 633 4740 sive
651 4674 792 4760 angelos
810 4677 1119 4762 repraesentarent.
1141 4677 1180 4737 at
1196 4670 1335 4737 adverte
1352 4693 1429 4736 cum
1451 4673 1552 4753 Tost,

223 4804 321 4872 posse
337 4780 527 4849 hebraeum
545 4781 649 4848 etiam
668 4779 756 4847 verti
772 4777 873 4845 cleram
888 4791 1105 4868 arquateam,
1129 4776 1231 4844 deum
1244 4798 1404 4860 caeream,
1421 4780 1458 4841 ut
1477 4797 1556 4864 pro-

1736 4671 1764 4784 l
