3534 5384
248 348 289 410 90
693 362 804 406 xorsrs
826 362 906 406 scra
927 362 959 405 ru
980 361 1128 406 xucxrro.

248 498 312 565 bus
339 496 516 564 codicibus
542 496 700 587 pluribus
719 518 796 563 cum
814 494 1040 583 versionibus)
1064 509 1172 568 ntum,
1194 493 1254 583 qui
1274 493 1416 583 pluralis
1434 493 1491 560 rix
1509 517 1579 562 non

248 626 383 694 semper
403 603 472 691 (ΕΖ.
494 609 573 685 09,3
589 625 684 691 sqq.;
706 609 757 669 Ps.
779 608 899 686 77,tt;
922 606 1196 684 1s.7‚18;19,o;
1219 602 1333 689 3735)
1354 598 1431 667 Nili
1442 600 1579 667 curiates

248 711 424 796 designat3
441 712 542 777 tertio
561 709 637 799 (ubi
655 710 816 799 copulam
835 709 966 776 habent
983 707 1111 797 omnes)
1134 721 1239 773 ornan
1256 707 1278 773 i.
1304 730 1332 773 e.
1350 706 1499 797 paludes
1520 730 1581 774 seu

247 830 386 907 stapna,
406 816 534 906 quibus
550 822 726 905 Aegyptus
742 816 887 883 interior
902 814 1119 895 abundabat,
1138 834 1295 903 quaeque
1309 818 1465 903 tempore
1481 815 1581 881 inun-

248 923 397 989 dationis
411 944 491 989 sane
509 923 731 989 unum'erant
748 945 825 990 eum
843 924 918 1012 ipso
937 923 1077 988 flumine
1097 925 1131 987 et
1152 918 1329 986 canalibus
1349 942 1490 1009 aequor.
1515 919 1580 987 Sed

248 1030 331 1118 quid
346 1029 552 1116 intelligitur
566 1033 688 1119 quarto
700 1051 762 1118 per
777 1044 905 1093 eornm
919 1043 1004 1119 rupta
1015 1018 1049 1094 bn
1065 1016 1130 1098 tn.
1144 1037 1176 1094 et
1188 1046 1290 1115 super
1307 1048 1422 1093 omnes
1440 1042 1581 1116 cort-pre-

247 1136 404 1222 petiones
425 1156 596 1224 aquarum
617 1135 795 1225 ipsorum?
814 1136 966 1202 Gratuita
989 1133 1126 1225 supplet
1145 1136 1234 1199 Test.
1259 1159 1275 1192 u
1298 1133 1581 1219 congregationes

248 1263 427 1331 aquarum.
438 1241 642 1330 pluvialium
660 1270 695 1326 n,
715 1248 748 1309 et
766 1241 912 1331 explicat
929 1242 1002 1310 Gai.
1027 1270 1043 1303 «
1059 1240 1154 1331 putei
1167 1245 1201 1305 et
1221 1238 1387 1305 cisternae
1403 1265 1436 1321 n,
1455 1239 1581 1329 quibus

248 1355 337 1415 certe
349 1369 421 1415 non
432 1348 540 1431 favet,
556 1349 665 1437 quiex
677 1355 757 1416 Gen.
778 1356 855 1432 1,10
871 1348 1015 1431 eruitur,
1034 1350 1127 1415 vocis
1144 1362 1229 1441 ntpn
1244 1368 1373 1415 sensus
1392 1346 1431 1413 lli
1445 1368 1491 1414 sc.
1502 1368 1580 1413 auc-

248 1462 337 1521 tores
351 1476 429 1521 cum
442 1455 520 1521 aliis
541 1454 700 1544 pluribus
721 1443 892 1544 putabant
906 1455 1051 1546 exprimi
1067 1478 1176 1544 genus
1195 1455 1338 1547 aliquod
1356 1473 1524 1544 aquarum
1543 1453 1578 1517 in

248 1561 423 1649 prioribus
445 1560 601 1627 nondum
620 1561 837 1628 recensitum.
855 1562 922 1629 Sed
940 1562 1072 1630 adiecta
1092 1584 1154 1629 vox
1180 1562 1292 1630 omnis
1314 1560 1446 1629 indicat
1465 1559 1580 1649 potius

248 1689 386 1734 rursum
402 1668 529 1734 resumi
547 1668 664 1735 omnia
677 1689 846 1757 aquarum
860 1690 1004 1755 genera,
1021 1673 1059 1735 ut
1073 1668 1166 1735 idem
1182 1670 1249 1737 sint
1264 1690 1378 1736 omnes
1395 1688 1581 1755 conprepa-

248 1773 356 1839 tiones
370 1796 540 1863 aquarum
551 1773 704 1863 ipsorum
718 1780 821 1863 atque
831 1797 943 1863 aptiae
955 1775 1221 1866 aeyptiorum,
1240 1775 1579 1863 complectanturque

244 1880 413 1967 stamina,
431 1880 586 1962 canales,
596 1880 757 1970 paludes.
775 1887 855 1956 Aut,
873 1881 902 1947 si
921 1881 1014 1949 dicas
1032 1882 1254 1973 expressionis
1273 1883 1367 1948 hunc
1382 1902 1454 1947 esse
1474 1900 1578 1965 gene-

248 1984 407 2052 raliorem
424 2008 578 2069 sensum,
595 1992 634 2053 ut
655 2009 775 2054 omnes
794 1988 983 2055 universim
998 1988 1284 2077 congregationes
1303 1971 1471 2077 aquarum
1489 1985 1579 2052 desi·

246 2096 405 2177 guantur,
424 2093 494 2160 sive
513 2116 573 2161 eae
596 2094 632 2159 in
646 2093 819 2183 prioribus
830 2116 1007 2184 expressae
1019 2095 1101 2179 sint,
1116 2096 1186 2163 sive
1194 2116 1276 2175 non,
1293 2099 1410 2160 tamen
1422 2096 1578 2159 contextu

246 2222 277 2265 v.
309 2204 349 2265 17
379 2199 496 2286 Moysis
514 2198 738 2289 percutientis
756 2222 863 2289 aquas
886 2200 1044 2291 fluminis
1059 2202 1230 2292 expressio
1254 2199 1421 2267 coarctari
1443 2198 1580 2265 videtur

247 2305 292 2369 ad
311 2327 417 2394 aquas
433 2306 690 2394 quodammodo
710 2329 788 2373 cum
804 2307 946 2374 flumine
961 2330 1147 2392 connexas,
1161 2331 1232 2375 non
1247 2329 1330 2375 vero
1345 2303 1513 2396 pluviales
1521 2308 1580 2371 uut

247 2410 392 2476 domiin
407 2412 494 2479 vasis
508 2418 706 2480 asservatas.
723 2451 767 2466 —
782 2440 798 2475 α
813 2412 867 2503 [et]
882 2435 983 2503 super
996 2415 1121 2505 fluuios
1134 2437 1252 2482 eorum
1267 2426 1300 2481 et
1317 2413 1407 2479 riuos
1421 2434 1461 2479 aa
1473 2410 1537 2501 pal
1562 2448 1578 2459 -

248 2514 325 2599 des,
343 2528 376 2581 et
391 2539 506 2585 omnes
524 2518 619 2586 lacus·
638 2542 825 2609 aquarum,
847 2535 885 2586 ut
900 2532 1077 2587 vertantur
1092 2520 1130 2587 in
1147 2521 1351 2611 sanquinem
1356 2541 1372 2605 ;
1388 2530 1420 2584 et
1435 2517 1483 2585 sit
1501 2544 1518 2579 »
1536 2556 1579 2566 -

248 2637 318 2688 nint
335 2629 425 2689 recte
445 2627 546 2691 Hebr.
579 2626 676 2717 Vulp.
698 2626 819 2695 Chald.
836 2629 901 2717 Aq.
923 2629 1057 2717 Symm.
1086 2632 1203 2695 contra
1224 2629 1318 2695 Sarra.
1342 2627 1433 2693 LXX
1453 2622 1575 2691 Theod.

248 2744 308 2794 mu
324 2768 367 2779 -
388 2757 404 2792 o
425 2752 525 2798 eruor
548 2731 586 2798 in
606 2732 700 2800 omni
721 2746 811 2801 terra
833 2734 1002 2826 Aepppti,
1023 2746 1093 2800 tam
1112 2732 1150 2801 in
1169 2733 1293 2825 lipneis
1309 2732 1399 2799 uasis
1418 2753 1524 2821 quam
1542 2732 1579 2796 in

246 2838 358 2903 ,scaeis
376 2865 405 2905 ».
425 2852 558 2904 utinum
575 2854 704 2915 nixum,
722 2840 782 2907 ubi
795 2840 877 2907 inde
892 2864 912 2909 a
936 2841 1135 2930 Tarpumim
1153 2840 1356 2931 supplevere
1374 2838 1580 2927 interpretes

247 2965 346 3023 uasa,
371 2950 407 3011 at
430 2967 566 3034 prorsus
593 2947 787 3014 arbitraria.
814 2946 971 3037 Aegyptii
996 2970 1113 3016 vasae
1136 2946 1232 3037 lipno
1256 2947 1310 3013 vix
1333 2944 1576 3025 conficiebant,

248 3049 373 3137 partim
389 3050 434 3118 ob
447 3058 607 3141 aptarum
627 3052 791 3120 arborum
806 3055 989 3144 penuriam
1007 3054 1064 3145 (cf.
1083 3057 1216 3121 Erman
1230 3076 1265 3143 p.
1284 3060 1348 3120 600
1367 3050 1477 3141 sqq.);
1500 3070 1580 3117 vasa

248 3156 302 3219 vix
316 3175 388 3221 non
406 3159 524 3225 omnia
542 3159 814 3227 conficiebantur
828 3183 867 3227 ex
886 3159 1027 3250 eupillo.
1048 3166 1137 3227 Sane
1151 3160 1219 3227 tria
1234 3176 1253 3223 2
1269 3159 1381 3250 potius
1395 3158 1507 3225 varias
1525 3177 1578 3223 re·

246 3260 361 3348 pionis
380 3262 564 3331 divisiones
577 3266 723 3356 exprimi
736 3267 897 3349 suadent;
912 3268 1000 3335 illud
1016 3268 1058 3335 de
1074 3268 1162 3335 varis
1175 3266 1342 3356 inpriore
1355 3269 1578 3354 versusparte

247 3369 628 3440 fueratenuntiandum.
645 3372 757 3439 Lectio
776 3395 893 3440 annon
908 3373 952 3440 sit
965 3374 1175 3461 defigurata,
1192 3373 1375 3439 nescimus.

291 3496 323 3541 v.
342 3479 384 3540 20
404 3501 421 3537 a
437 3478 670 3568 Feceruntque
689 3482 822 3569 Moyses
841 3493 875 3547 et
890 3484 1024 3564 Aaron,
1046 3481 1136 3547 sicut
1150 3489 1373 3569 praeceperat
1394 3476 1579 3556 Domitiam

247 3594 280 3645 et
293 3580 574 3672 eleuansoirpam
590 3586 757 3675 pererusit
770 3609 898 3676 aquam
914 3586 1075 3677 [luminis
1091 3608 1206 3654 eoram
1228 3584 1408 3652 Pharaone
1427 3595 1459 3649 et
1475 3580 1579 3649 seruis

247 3687 321 3753 eins
335 3714 366 3755 n.
383 3691 501 3756 Censet
517 3690 635 3760 Dillm.
658 3694 743 3760 haec
763 3715 781 3760 e
802 3693 935 3760 duobus
954 3693 1168 3760 documentis
1185 3714 1254 3760 esse
1276 3696 1434 3773 consuta,
1453 3689 1579 3755 omissa

248 3796 356 3861 altera
369 3796 557 3865 sententiae
581 3805 676 3890 parte
696 3799 849 3867 subiecto
866 3802 1002 3889 Moyses
1017 3822 1028 3867 .·
1047 3799 1107 3866 sed
1116 3800 1146 3865 si
1160 3820 1229 3888 qua
1243 3819 1307 3864 vox
1322 3796 1445 3864 omissa
1460 3801 1509 3871 est
1521 3804 1580 3861 aut

249 3900 389 3984 excidit,
410 3925 471 3971 cur
489 3926 558 3970 non
573 3928 681 3996 aeque
694 3911 911 3996 supponatur
930 3906 1092 3973 excidisse
1107 3904 1299 3973 subiectum
1314 3906 1457 3970 Aurora?
1474 3907 1580 3969 Porro

248 4008 434 4076 secundum
459 4010 553 4079 dicta
573 4034 713 4101 prorsus
733 4013 824 4080 idem
848 4018 898 4080 est
916 4036 1009 4103 aqam
1025 4012 1184 4103 fleenzinis
1204 4011 1344 4101 (sing),
1363 4016 1466 4100 atque
1486 4030 1518 4074 v.
1537 4012 1577 4073 19

249 4137 359 4201 aquae
382 4118 545 4207 Aepppti.
564 4147 581 4179 a
601 4121 695 4200 Quae
711 4142 808 4185 uersa
826 4132 876 4185 est
896 4120 934 4185 in
947 4120 1156 4210 sanquinem
1173 4146 1203 4185 ».
1222 4116 1324 4185 Heu.
1345 4128 1405 4183 :et
1424 4138 1519 4181 uersa
1531 4124 1581 4180 est

250 4221 359 4288 arteriis
380 4244 490 4311 aqua,
509 4247 596 4314 perae
616 4224 741 4291 eratin
760 4226 924 4316 (termine,
945 4227 982 4293 in
1005 4226 1221 4314 sanquinem.
1246 4248 1279 4290 v.
1297 4230 1336 4290 nt
1360 4250 1377 4286 a
1393 4225 1438 4289 Et
1449 4220 1577 4311 pisces,

249 4326 312 4415 qni
323 4329 469 4396 arentin
483 4330 646 4418 stramine,
665 4332 905 4417 manuisum,
924 4332 1201 4422 computruitque
1215 4330 1359 4421 flaccius,
1378 4341 1411 4396 et
1428 4350 1498 4396 non
1515 4349 1578 4418 pe-

249 4445 362 4499 terent
378 4437 542 4527 Aeppptii
557 4437 668 4504 bibere
691 4462 818 4529 aquam
839 4440 1020 4530 licemini&
1041 4453 1073 4507 et
1090 4440 1166 4529 fuit
1182 4437 1325 4526 ,sarrpuis
1341 4436 1379 4503 in
1394 4448 1466 4503 tata
1487 4448 1577 4501 terra

249 4541 401 4631 Aepppti
416 4570 445 4609 ».

293 4670 325 4713 v.
348 4654 402 4716 22.
425 4676 442 4710 ι(
458 4653 694 4743 Feceruntque
715 4652 877 4720 similiter
896 4653 1046 4742 malefici
1059 4651 1311 4743 Aeppptiorum
1329 4648 1578 4717 incantationi-

250 4757 309 4820 bus
324 4755 397 4823 suis
412 4783 446 4839 n,
463 4763 662 4849 postquam,
683 4760 797 4851 inquit
819 4759 907 4829 Cter.
916 4815 927 4849 ,
946 4766 1069 4848 lloyses
1084 4766 1118 4828 et
1131 4765 1243 4828 Aaron
1258 4779 1384 4849 aquam
1399 4758 1444 4825 ad
1466 4756 1580 4847 pristi-
