<?xml version="1.0" encoding="UTF-8"?>
<!DOCTYPE html PUBLIC "-//W3C//DTD XHTML 1.0 Transitional//EN"
    "http://www.w3.org/TR/xhtml1/DTD/xhtml1-transitional.dtd">
<html xmlns="http://www.w3.org/1999/xhtml" xml:lang="en" lang="en">
 <head>
  <title>
</title>
<meta http-equiv="Content-Type" content="text/html;charset=utf-8" />
  <meta name='ocr-system' content='tesseract 3.04.00' />
  <meta name='ocr-capabilities' content='ocr_page ocr_carea ocr_par ocr_line ocrx_word'/>
</head>
<body>
  <div class='ocr_page' id='page_1' title='image "./commentariusine00hummgoog/commentariusine00hummgoog_0399.png"; bbox 0 0 3534 5384; ppageno 0'>
   <div class='ocr_carea' id='block_1_1' title="bbox 285 353 1217 412">
    <p class='ocr_par' dir='ltr' id='par_1_1' title="bbox 285 353 1217 412">
     <span class='ocr_line' id='line_1_1' title="bbox 285 353 1217 412; baseline -0.008 0"><span class='ocrx_word' id='word_1_1' title='bbox 285 353 345 412; x_wconf 85' lang='lat'>386</span> <span class='ocrx_word' id='word_1_2' title='bbox 685 363 828 410; x_wconf 83' lang='lat' dir='ltr'>aovonurt</span> <span class='ocrx_word' id='word_1_3' title='bbox 850 362 1006 408; x_wconf 68' lang='lat' dir='ltr'>salmonum</span> <span class='ocrx_word' id='word_1_4' title='bbox 1029 361 1217 407; x_wconf 86' lang='lat' dir='ltr'>msrrrurro.</span> 
     </span>
    </p>
   </div>
   <div class='ocr_carea' id='block_1_2' title="bbox 276 499 1616 2253">
    <p class='ocr_par' dir='ltr' id='par_1_2' title="bbox 278 499 1616 1282">
     <span class='ocr_line' id='line_1_2' title="bbox 286 499 1614 580; baseline -0.005 -17"><span class='ocrx_word' id='word_1_5' title='bbox 286 513 369 562; x_wconf 69' lang='lat' dir='ltr'>mit:</span> <span class='ocrx_word' id='word_1_6' title='bbox 385 505 456 554; x_wconf 86' lang='lat' dir='ltr'><strong>Gen.</strong></span> <span class='ocrx_word' id='word_1_7' title='bbox 472 502 550 564; x_wconf 67' lang='lat' dir='ltr'>tato</span> <span class='ocrx_word' id='word_1_8' title='bbox 566 507 593 553; x_wconf 90' lang='lat' dir='ltr'>ct</span> <span class='ocrx_word' id='word_1_9' title='bbox 608 501 684 552; x_wconf 88' lang='lat' dir='ltr'>alibi.</span> <span class='ocrx_word' id='word_1_10' title='bbox 703 501 792 552; x_wconf 88' lang='lat' dir='ltr'>Seeus</span> <span class='ocrx_word' id='word_1_11' title='bbox 803 503 852 550; x_wconf 80' lang='lat' dir='ltr'>vix</span> <span class='ocrx_word' id='word_1_12' title='bbox 866 504 963 564; x_wconf 89' lang='lat' dir='ltr'>posset</span> <span class='ocrx_word' id='word_1_13' title='bbox 981 499 1115 564; x_wconf 84' lang='lat' dir='ltr'>explicari</span> <span class='ocrx_word' id='word_1_14' title='bbox 1132 501 1304 552; x_wconf 82' lang='lat' dir='ltr'>constructio</span> <span class='ocrx_word' id='word_1_15' title='bbox 1321 499 1402 560; x_wconf 61' lang='lat' dir='ltr'>tuit</span> <span class='ocrx_word' id='word_1_16' title='bbox 1418 504 1492 580; x_wconf 59' lang='lat' dir='ltr'>pinu</span> <span class='ocrx_word' id='word_1_17' title='bbox 1512 505 1614 578; x_wconf 55' lang='lat' dir='ltr'>wit,</span> 
     </span>
     <span class='ocr_line' id='line_1_3' title="bbox 288 587 1616 652; baseline -0.004 -10"><span class='ocrx_word' id='word_1_18' title='bbox 288 593 467 644; x_wconf 79' lang='lat' dir='ltr'>«seeundum</span> <span class='ocrx_word' id='word_1_19' title='bbox 486 591 641 642; x_wconf 87' lang='lat' dir='ltr'>sacerdotis</span> <span class='ocrx_word' id='word_1_20' title='bbox 659 591 923 640; x_wconf 80' lang='lat' dir='ltr'>aestimationem».</span> <span class='ocrx_word' id='word_1_21' title='bbox 943 588 986 640; x_wconf 83' lang='lat' dir='ltr'>Ol.</span> <span class='ocrx_word' id='word_1_22' title='bbox 1003 590 1086 638; x_wconf 89' lang='lat' dir='ltr'>etiam</span> <span class='ocrx_word' id='word_1_23' title='bbox 1105 591 1171 652; x_wconf 74' lang='lat' dir='ltr'>Lean</span> <span class='ocrx_word' id='word_1_24' title='bbox 1183 603 1191 640; x_wconf 92' lang='lat'>:</span> <span class='ocrx_word' id='word_1_25' title='bbox 1205 589 1347 640; x_wconf 88' lang='lat' dir='ltr'>Neubebr.</span> <span class='ocrx_word' id='word_1_26' title='bbox 1364 602 1393 638; x_wconf 91' lang='lat' dir='ltr'>u.</span> <span class='ocrx_word' id='word_1_27' title='bbox 1411 587 1510 640; x_wconf 85' lang='lat' dir='ltr'>chald.</span> <span class='ocrx_word' id='word_1_28' title='bbox 1528 587 1616 640; x_wconf 81' lang='lat' dir='ltr'>Wbr-</span> 
     </span>
     <span class='ocr_line' id='line_1_4' title="bbox 285 677 1616 758; baseline -0.005 -25"><span class='ocrx_word' id='word_1_29' title='bbox 285 683 415 743; x_wconf 89' lang='lat' dir='ltr'>terbueh,</span> <span class='ocrx_word' id='word_1_30' title='bbox 430 681 465 731; x_wconf 88' lang='lat' dir='ltr'>ad</span> <span class='ocrx_word' id='word_1_31' title='bbox 484 693 581 742; x_wconf 56' lang='lat' dir='ltr'>nomm</span> <span class='ocrx_word' id='word_1_32' title='bbox 593 685 660 758; x_wconf 55' lang='lat' dir='ltr'>&#39;pm</span> <span class='ocrx_word' id='word_1_33' title='bbox 674 679 749 742; x_wconf 84' lang='lat' dir='ltr'>Ergo</span> <span class='ocrx_word' id='word_1_34' title='bbox 769 678 839 728; x_wconf 90' lang='lat' dir='ltr'>illud</span> <span class='ocrx_word' id='word_1_35' title='bbox 851 683 949 758; x_wconf 43' lang='lat' dir='ltr'>uniit:</span> <span class='ocrx_word' id='word_1_36' title='bbox 962 677 1128 728; x_wconf 87' lang='lat' dir='ltr'>vertendum</span> <span class='ocrx_word' id='word_1_37' title='bbox 1149 681 1191 728; x_wconf 86' lang='lat' dir='ltr'>est</span> <span class='ocrx_word' id='word_1_38' title='bbox 1210 679 1298 742; x_wconf 85' lang='lat' dir='ltr'>pretio</span> <span class='ocrx_word' id='word_1_39' title='bbox 1317 677 1523 727; x_wconf 77' lang='lat' dir='ltr'>reiterandum</span> <span class='ocrx_word' id='word_1_40' title='bbox 1538 681 1616 726; x_wconf 79' lang='lat' dir='ltr'>aesti-</span> 
     </span>
     <span class='ocr_line' id='line_1_5' title="bbox 284 767 1615 833; baseline -0.003 -13"><span class='ocrx_word' id='word_1_41' title='bbox 284 773 439 821; x_wconf 75' lang='lat' dir='ltr'><strong><em>mationem.</em></strong></span> <span class='ocrx_word' id='word_1_42' title='bbox 454 769 581 833; x_wconf 82' lang='lat' dir='ltr'>Explicat</span> <span class='ocrx_word' id='word_1_43' title='bbox 600 767 676 830; x_wconf 79' lang='lat' dir='ltr'>Vatp.</span> <span class='ocrx_word' id='word_1_44' title='bbox 697 767 760 828; x_wconf 83' lang='lat'>5,18</span> <span class='ocrx_word' id='word_1_45' title='bbox 780 770 809 817; x_wconf 90' lang='lat' dir='ltr'>et</span> <span class='ocrx_word' id='word_1_46' title='bbox 828 767 874 827; x_wconf 86' lang='lat'>6,6</span> <span class='ocrx_word' id='word_1_47' title='bbox 894 767 1037 817; x_wconf 82' lang='lat' dir='ltr'>secundnm</span> <span class='ocrx_word' id='word_1_48' title='bbox 1057 767 1270 817; x_wconf 75' lang='lat' dir='ltr'>aestimationem</span> <span class='ocrx_word' id='word_1_49' title='bbox 1289 767 1409 832; x_wconf 82' lang='lat' dir='ltr'>peccati,</span> <span class='ocrx_word' id='word_1_50' title='bbox 1424 770 1455 816; x_wconf 87' lang='lat' dir='ltr'>ut</span> <span class='ocrx_word' id='word_1_51' title='bbox 1477 779 1545 830; x_wconf 84' lang='lat' dir='ltr'>ergo</span> <span class='ocrx_word' id='word_1_52' title='bbox 1566 779 1615 830; x_wconf 89' lang='lat' dir='ltr'>pro</span> 
     </span>
     <span class='ocr_line' id='line_1_6' title="bbox 283 855 1616 924; baseline -0.005 -14"><span class='ocrx_word' id='word_1_53' title='bbox 283 860 459 924; x_wconf 84' lang='lat' dir='ltr'>gravioribus</span> <span class='ocrx_word' id='word_1_54' title='bbox 473 859 595 922; x_wconf 89' lang='lat' dir='ltr'>peccatis</span> <span class='ocrx_word' id='word_1_55' title='bbox 607 858 726 920; x_wconf 88' lang='lat' dir='ltr'>opimior</span> <span class='ocrx_word' id='word_1_56' title='bbox 738 855 909 919; x_wconf 85' lang='lat' dir='ltr'>penderetur</span> <span class='ocrx_word' id='word_1_57' title='bbox 923 857 1005 906; x_wconf 88' lang='lat' dir='ltr'>aries.</span> <span class='ocrx_word' id='word_1_58' title='bbox 1023 855 1054 905; x_wconf 90' lang='lat' dir='ltr'>ld</span> <span class='ocrx_word' id='word_1_59' title='bbox 1068 868 1125 906; x_wconf 89' lang='lat' dir='ltr'>non</span> <span class='ocrx_word' id='word_1_60' title='bbox 1145 857 1214 906; x_wconf 87' lang='lat' dir='ltr'>satis</span> <span class='ocrx_word' id='word_1_61' title='bbox 1233 857 1370 905; x_wconf 73' lang='lat' dir='ltr'>consonat</span> <span class='ocrx_word' id='word_1_62' title='bbox 1385 855 1463 916; x_wconf 65' lang='lat' dir='ltr'>ato,</span> <span class='ocrx_word' id='word_1_63' title='bbox 1478 856 1525 905; x_wconf 92' lang='lat' dir='ltr'>ubi</span> <span class='ocrx_word' id='word_1_64' title='bbox 1543 857 1616 906; x_wconf 77' lang='lat' dir='ltr'>arias</span> 
     </span>
     <span class='ocr_line' id='line_1_7' title="bbox 282 943 1612 1014; baseline -0.004 -15"><span class='ocrx_word' id='word_1_65' title='bbox 282 948 480 1014; x_wconf 80' lang='lat' dir='ltr'>praescribitur</span> <span class='ocrx_word' id='word_1_66' title='bbox 499 959 557 996; x_wconf 91' lang='lat' dir='ltr'>non</span> <span class='ocrx_word' id='word_1_67' title='bbox 574 958 626 1009; x_wconf 91' lang='lat' dir='ltr'>pro</span> <span class='ocrx_word' id='word_1_68' title='bbox 645 945 764 995; x_wconf 87' lang='lat' dir='ltr'>diversis</span> <span class='ocrx_word' id='word_1_69' title='bbox 783 945 906 1009; x_wconf 86' lang='lat' dir='ltr'>peccatis</span> <span class='ocrx_word' id='word_1_70' title='bbox 920 944 1023 994; x_wconf 87' lang='lat' dir='ltr'>diversi</span> <span class='ocrx_word' id='word_1_71' title='bbox 1043 945 1139 1008; x_wconf 89' lang='lat' dir='ltr'>pretii,</span> <span class='ocrx_word' id='word_1_72' title='bbox 1153 943 1203 994; x_wconf 90' lang='lat' dir='ltr'>sed</span> <span class='ocrx_word' id='word_1_73' title='bbox 1218 945 1371 994; x_wconf 82' lang='lat' dir='ltr'>universim</span> <span class='ocrx_word' id='word_1_74' title='bbox 1393 944 1511 994; x_wconf 85' lang='lat' dir='ltr'>duorum</span> <span class='ocrx_word' id='word_1_75' title='bbox 1526 945 1612 995; x_wconf 86' lang='lat' dir='ltr'>siclo·</span> 
     </span>
     <span class='ocr_line' id='line_1_8' title="bbox 281 1032 1614 1096; baseline -0.005 -8"><span class='ocrx_word' id='word_1_76' title='bbox 281 1051 353 1088; x_wconf 90' lang='lat' dir='ltr'>rum.</span> <span class='ocrx_word' id='word_1_77' title='bbox 366 1037 401 1086; x_wconf 82' lang='lat' dir='ltr'>itt</span> <span class='ocrx_word' id='word_1_78' title='bbox 422 1038 522 1086; x_wconf 89' lang='lat' dir='ltr'>merito</span> <span class='ocrx_word' id='word_1_79' title='bbox 542 1040 638 1085; x_wconf 89' lang='lat' dir='ltr'>monet</span> <span class='ocrx_word' id='word_1_80' title='bbox 657 1032 762 1095; x_wconf 69' lang='lat' dir='ltr'>otttm,</span> <span class='ocrx_word' id='word_1_81' title='bbox 780 1046 837 1084; x_wconf 91' lang='lat' dir='ltr'>non</span> <span class='ocrx_word' id='word_1_82' title='bbox 856 1035 963 1083; x_wconf 87' lang='lat' dir='ltr'>tantem</span> <span class='ocrx_word' id='word_1_83' title='bbox 983 1046 1047 1084; x_wconf 86' lang='lat' dir='ltr'>csse</span> <span class='ocrx_word' id='word_1_84' title='bbox 1061 1033 1181 1084; x_wconf 86' lang='lat' dir='ltr'>arietum</span> <span class='ocrx_word' id='word_1_85' title='bbox 1196 1034 1269 1083; x_wconf 88' lang='lat' dir='ltr'>inter</span> <span class='ocrx_word' id='word_1_86' title='bbox 1288 1045 1319 1084; x_wconf 88' lang='lat' dir='ltr'>se</span> <span class='ocrx_word' id='word_1_87' title='bbox 1337 1032 1567 1096; x_wconf 86' lang='lat' dir='ltr'>discrepantiam,</span> <span class='ocrx_word' id='word_1_88' title='bbox 1584 1037 1614 1082; x_wconf 92' lang='lat' dir='ltr'>ut</span> 
     </span>
     <span class='ocr_line' id='line_1_9' title="bbox 279 1119 1614 1191; baseline -0.004 -14"><span class='ocrx_word' id='word_1_89' title='bbox 279 1128 458 1191; x_wconf 86' lang='lat' dir='ltr'>peecatorum</span> <span class='ocrx_word' id='word_1_90' title='bbox 478 1124 625 1187; x_wconf 84' lang='lat' dir='ltr'>gravitatis</span> <span class='ocrx_word' id='word_1_91' title='bbox 644 1122 748 1186; x_wconf 87' lang='lat' dir='ltr'>gradus</span> <span class='ocrx_word' id='word_1_92' title='bbox 766 1135 819 1186; x_wconf 91' lang='lat' dir='ltr'>pro</span> <span class='ocrx_word' id='word_1_93' title='bbox 838 1123 968 1186; x_wconf 77' lang='lat' dir='ltr'>portione</span> <span class='ocrx_word' id='word_1_94' title='bbox 986 1125 1200 1185; x_wconf 86' lang='lat' dir='ltr'>repraesentare</span> <span class='ocrx_word' id='word_1_95' title='bbox 1219 1127 1333 1185; x_wconf 85' lang='lat' dir='ltr'>queant.</span> <span class='ocrx_word' id='word_1_96' title='bbox 1352 1121 1414 1182; x_wconf 87' lang='lat'>5,15</span> <span class='ocrx_word' id='word_1_97' title='bbox 1430 1119 1549 1172; x_wconf 87' lang='lat' dir='ltr'>eandem</span> <span class='ocrx_word' id='word_1_98' title='bbox 1563 1134 1614 1172; x_wconf 83' lang='lat' dir='ltr'>cx-</span> 
     </span>
     <span class='ocr_line' id='line_1_10' title="bbox 278 1210 1458 1282; baseline -0.005 -19"><span class='ocrx_word' id='word_1_99' title='bbox 278 1215 453 1278; x_wconf 89' lang='lat' dir='ltr'>pressionem</span> <span class='ocrx_word' id='word_1_100' title='bbox 468 1212 551 1275; x_wconf 83' lang='lat' dir='ltr'>Vulg.</span> <span class='ocrx_word' id='word_1_101' title='bbox 569 1211 651 1261; x_wconf 84' lang='lat' dir='ltr'>aliter</span> <span class='ocrx_word' id='word_1_102' title='bbox 665 1211 873 1275; x_wconf 86' lang='lat' dir='ltr'>interpretatur,</span> <span class='ocrx_word' id='word_1_103' title='bbox 891 1223 930 1260; x_wconf 88' lang='lat' dir='ltr'>sc.</span> <span class='ocrx_word' id='word_1_104' title='bbox 944 1210 979 1260; x_wconf 88' lang='lat' dir='ltr'>de</span> <span class='ocrx_word' id='word_1_105' title='bbox 994 1211 1084 1273; x_wconf 89' lang='lat' dir='ltr'>pretio</span> <span class='ocrx_word' id='word_1_106' title='bbox 1097 1210 1203 1260; x_wconf 87' lang='lat' dir='ltr'>arietis.</span> <span class='ocrx_word' id='word_1_107' title='bbox 1456 1278 1458 1282; x_wconf 18' lang='grc' dir='ltr'>Ι</span> 
     </span>
    </p>

    <p class='ocr_par' dir='ltr' id='par_1_3' title="bbox 276 1299 1615 2253">
     <span class='ocr_line' id='line_1_11' title="bbox 315 1299 1613 1381; baseline -0.003 -29"><span class='ocrx_word' id='word_1_108' title='bbox 315 1304 375 1352; x_wconf 88' lang='lat' dir='ltr'>lam</span> <span class='ocrx_word' id='word_1_109' title='bbox 392 1301 461 1352; x_wconf 91' lang='lat' dir='ltr'>illud</span> <span class='ocrx_word' id='word_1_110' title='bbox 475 1306 572 1381; x_wconf 62' lang='lat' dir='ltr'>&#39;pm</span> <span class='ocrx_word' id='word_1_111' title='bbox 588 1300 650 1360; x_wconf 60' lang='lat' dir='ltr'>att</span> <span class='ocrx_word' id='word_1_112' title='bbox 670 1299 794 1349; x_wconf 87' lang='lat' dir='ltr'>additam</span> <span class='ocrx_word' id='word_1_113' title='bbox 811 1299 897 1349; x_wconf 86' lang='lat' dir='ltr'>habet</span> <span class='ocrx_word' id='word_1_114' title='bbox 915 1299 1144 1362; x_wconf 80' lang='lat' dir='ltr'>explicationem,</span> <span class='ocrx_word' id='word_1_115' title='bbox 1158 1304 1189 1348; x_wconf 93' lang='lat' dir='ltr'>ut</span> <span class='ocrx_word' id='word_1_116' title='bbox 1205 1312 1307 1349; x_wconf 83' lang='lat' dir='ltr'>sensus</span> <span class='ocrx_word' id='word_1_117' title='bbox 1325 1299 1362 1348; x_wconf 91' lang='lat' dir='ltr'>slt</span> <span class='ocrx_word' id='word_1_118' title='bbox 1378 1301 1487 1363; x_wconf 85' lang='lat' dir='ltr'>:pretio</span> <span class='ocrx_word' id='word_1_119' title='bbox 1501 1301 1613 1349; x_wconf 88' lang='lat' dir='ltr'>duorum</span> 
     </span>
     <span class='ocr_line' id='line_1_12' title="bbox 279 1387 1614 1458; baseline -0.002 -17"><span class='ocrx_word' id='word_1_120' title='bbox 279 1393 355 1458; x_wconf 88' lang='lat' dir='ltr'>(nam</span> <span class='ocrx_word' id='word_1_121' title='bbox 371 1403 435 1440; x_wconf 89' lang='lat' dir='ltr'>eum</span> <span class='ocrx_word' id='word_1_122' title='bbox 455 1390 532 1452; x_wconf 77' lang='lat' dir='ltr'>Vrttp.</span> <span class='ocrx_word' id='word_1_123' title='bbox 549 1390 665 1438; x_wconf 89' lang='lat' dir='ltr'>omnino</span> <span class='ocrx_word' id='word_1_124' title='bbox 679 1387 856 1450; x_wconf 89' lang='lat' dir='ltr'>punctandus</span> <span class='ocrx_word' id='word_1_125' title='bbox 868 1392 912 1438; x_wconf 86' lang='lat' dir='ltr'>est</span> <span class='ocrx_word' id='word_1_126' title='bbox 926 1387 1026 1453; x_wconf 76' lang='lat' dir='ltr'>dualis)</span> <span class='ocrx_word' id='word_1_127' title='bbox 1043 1387 1170 1437; x_wconf 83' lang='lat' dir='ltr'>steteram</span> <span class='ocrx_word' id='word_1_128' title='bbox 1186 1389 1303 1451; x_wconf 78' lang='lat' dir='ltr'>arpenti,</span> <span class='ocrx_word' id='word_1_129' title='bbox 1318 1387 1436 1452; x_wconf 86' lang='lat' dir='ltr'>pondere</span> <span class='ocrx_word' id='word_1_130' title='bbox 1448 1389 1614 1438; x_wconf 80' lang='lat' dir='ltr'>sanctuarii.</span> 
     </span>
     <span class='ocr_line' id='line_1_13' title="bbox 279 1475 1614 1542; baseline -0.001 -12"><span class='ocrx_word' id='word_1_131' title='bbox 279 1481 332 1531; x_wconf 84' lang='lat' dir='ltr'>illa</span> <span class='ocrx_word' id='word_1_132' title='bbox 347 1478 497 1542; x_wconf 79' lang='lat' dir='ltr'>explicatio</span> <span class='ocrx_word' id='word_1_133' title='bbox 509 1479 601 1542; x_wconf 91' lang='lat' dir='ltr'>potuit</span> <span class='ocrx_word' id='word_1_134' title='bbox 613 1477 743 1541; x_wconf 88' lang='lat' dir='ltr'>primitus</span> <span class='ocrx_word' id='word_1_135' title='bbox 755 1478 850 1527; x_wconf 86' lang='lat' dir='ltr'>versui</span> <span class='ocrx_word' id='word_1_136' title='bbox 865 1476 896 1526; x_wconf 88' lang='grc'>15</span> <span class='ocrx_word' id='word_1_137' title='bbox 912 1476 1047 1536; x_wconf 83' lang='lat' dir='ltr'>adscribi,</span> <span class='ocrx_word' id='word_1_138' title='bbox 1062 1489 1096 1527; x_wconf 89' lang='lat' dir='ltr'>ae</span> <span class='ocrx_word' id='word_1_139' title='bbox 1109 1477 1175 1527; x_wconf 91' lang='lat' dir='ltr'>dein</span> <span class='ocrx_word' id='word_1_140' title='bbox 1191 1477 1253 1538; x_wconf 79' lang='lat' dir='ltr'>5,ttt</span> <span class='ocrx_word' id='word_1_141' title='bbox 1267 1479 1296 1527; x_wconf 87' lang='lat' dir='ltr'>et</span> <span class='ocrx_word' id='word_1_142' title='bbox 1310 1475 1355 1538; x_wconf 68' lang='lat' dir='ltr'>aa</span> <span class='ocrx_word' id='word_1_143' title='bbox 1368 1476 1514 1528; x_wconf 82' lang='lat' dir='ltr'>brevitatis</span> <span class='ocrx_word' id='word_1_144' title='bbox 1528 1490 1614 1528; x_wconf 86' lang='lat' dir='ltr'>causa</span> 
     </span>
     <span class='ocr_line' id='line_1_14' title="bbox 279 1565 1611 1631; baseline -0.003 -11"><span class='ocrx_word' id='word_1_145' title='bbox 279 1569 382 1627; x_wconf 90' lang='lat' dir='ltr'>omitti;</span> <span class='ocrx_word' id='word_1_146' title='bbox 399 1568 444 1618; x_wconf 88' lang='lat' dir='ltr'>vel</span> <span class='ocrx_word' id='word_1_147' title='bbox 462 1568 552 1631; x_wconf 88' lang='lat' dir='ltr'>potuit</span> <span class='ocrx_word' id='word_1_148' title='bbox 570 1567 662 1618; x_wconf 86' lang='lat' dir='ltr'>serius</span> <span class='ocrx_word' id='word_1_149' title='bbox 680 1565 774 1616; x_wconf 86' lang='lat' dir='ltr'>adiici.</span> <span class='ocrx_word' id='word_1_150' title='bbox 789 1565 863 1616; x_wconf 86' lang='lat' dir='ltr'>illud</span> <span class='ocrx_word' id='word_1_151' title='bbox 884 1565 960 1615; x_wconf 85' lang='lat' dir='ltr'>haud</span> <span class='ocrx_word' id='word_1_152' title='bbox 980 1565 1084 1630; x_wconf 88' lang='lat' dir='ltr'>placet;</span> <span class='ocrx_word' id='word_1_153' title='bbox 1101 1565 1222 1616; x_wconf 78' lang='lat' dir='ltr'>Hebraei</span> <span class='ocrx_word' id='word_1_154' title='bbox 1241 1566 1305 1616; x_wconf 83' lang='lat' dir='ltr'>aevi</span> <span class='ocrx_word' id='word_1_155' title='bbox 1324 1567 1477 1630; x_wconf 83' lang='lat' dir='ltr'>pastoralis</span> <span class='ocrx_word' id='word_1_156' title='bbox 1495 1568 1611 1626; x_wconf 76' lang='lat' dir='ltr'>ariciae,</span> 
     </span>
     <span class='ocr_line' id='line_1_15' title="bbox 279 1653 1613 1722; baseline -0.004 -13"><span class='ocrx_word' id='word_1_157' title='bbox 279 1661 310 1709; x_wconf 92' lang='lat' dir='ltr'>nt</span> <span class='ocrx_word' id='word_1_158' title='bbox 327 1657 493 1722; x_wconf 90' lang='lat' dir='ltr'>plurimum,</span> <span class='ocrx_word' id='word_1_159' title='bbox 509 1669 567 1706; x_wconf 88' lang='lat' dir='ltr'>non</span> <span class='ocrx_word' id='word_1_160' title='bbox 587 1654 720 1705; x_wconf 88' lang='lat' dir='ltr'>emebant</span> <span class='ocrx_word' id='word_1_161' title='bbox 740 1658 872 1717; x_wconf 81' lang='lat' dir='ltr'>argento,</span> <span class='ocrx_word' id='word_1_162' title='bbox 887 1654 936 1704; x_wconf 90' lang='lat' dir='ltr'>sed</span> <span class='ocrx_word' id='word_1_163' title='bbox 955 1667 970 1704; x_wconf 91' lang='lat' dir='ltr'>e</span> <span class='ocrx_word' id='word_1_164' title='bbox 987 1666 1073 1718; x_wconf 84' lang='lat' dir='ltr'>grege</span> <span class='ocrx_word' id='word_1_165' title='bbox 1093 1653 1293 1716; x_wconf 86' lang='lat' dir='ltr'>desumebaut,</span> <span class='ocrx_word' id='word_1_166' title='bbox 1307 1655 1438 1706; x_wconf 86' lang='lat' dir='ltr'>animalis</span> <span class='ocrx_word' id='word_1_167' title='bbox 1452 1655 1541 1706; x_wconf 88' lang='lat' dir='ltr'>moles</span> <span class='ocrx_word' id='word_1_168' title='bbox 1556 1669 1613 1705; x_wconf 90' lang='lat' dir='ltr'>non</span> 
     </span>
     <span class='ocr_line' id='line_1_16' title="bbox 279 1743 1614 1811; baseline -0.004 -14"><span class='ocrx_word' id='word_1_169' title='bbox 279 1748 385 1811; x_wconf 90' lang='lat' dir='ltr'>pretio,</span> <span class='ocrx_word' id='word_1_170' title='bbox 402 1745 453 1795; x_wconf 89' lang='lat' dir='ltr'>sed</span> <span class='ocrx_word' id='word_1_171' title='bbox 475 1745 567 1794; x_wconf 86' lang='lat' dir='ltr'>aetate</span> <span class='ocrx_word' id='word_1_172' title='bbox 589 1743 799 1808; x_wconf 82' lang='lat' dir='ltr'>exprimebatur</span> <span class='ocrx_word' id='word_1_173' title='bbox 820 1743 902 1808; x_wconf 85' lang='lat' dir='ltr'>(aries</span> <span class='ocrx_word' id='word_1_174' title='bbox 922 1743 1006 1793; x_wconf 89' lang='lat' dir='ltr'>unius</span> <span class='ocrx_word' id='word_1_175' title='bbox 1027 1743 1093 1792; x_wconf 85' lang='lat' dir='ltr'>enni</span> <span class='ocrx_word' id='word_1_176' title='bbox 1118 1743 1194 1809; x_wconf 76' lang='lat' dir='ltr'>ete).</span> <span class='ocrx_word' id='word_1_177' title='bbox 1217 1743 1350 1808; x_wconf 82' lang='lat' dir='ltr'>Suspicor</span> <span class='ocrx_word' id='word_1_178' title='bbox 1369 1745 1464 1807; x_wconf 82' lang='lat' dir='ltr'>igitur,</span> <span class='ocrx_word' id='word_1_179' title='bbox 1485 1744 1614 1807; x_wconf 89' lang='lat' dir='ltr'>primitus</span> 
     </span>
     <span class='ocr_line' id='line_1_17' title="bbox 277 1830 1614 1913; baseline -0.002 -28"><span class='ocrx_word' id='word_1_180' title='bbox 277 1837 367 1887; x_wconf 87' lang='lat' dir='ltr'>solam</span> <span class='ocrx_word' id='word_1_181' title='bbox 379 1846 477 1885; x_wconf 87' lang='lat' dir='ltr'>vocem</span> <span class='ocrx_word' id='word_1_182' title='bbox 492 1838 591 1913; x_wconf 55' lang='lat' dir='ltr'>tait:</span> <span class='ocrx_word' id='word_1_183' title='bbox 605 1834 634 1882; x_wconf 89' lang='lat' dir='ltr'>in</span> <span class='ocrx_word' id='word_1_184' title='bbox 648 1834 728 1882; x_wconf 85' lang='lat' dir='ltr'>textu</span> <span class='ocrx_word' id='word_1_185' title='bbox 738 1830 835 1882; x_wconf 85' lang='lat' dir='ltr'>tuisse.</span> <span class='ocrx_word' id='word_1_186' title='bbox 851 1831 939 1882; x_wconf 88' lang='lat' dir='ltr'>Cuius</span> <span class='ocrx_word' id='word_1_187' title='bbox 951 1845 1051 1881; x_wconf 86' lang='lat' dir='ltr'>sensus</span> <span class='ocrx_word' id='word_1_188' title='bbox 1068 1831 1092 1881; x_wconf 89' lang='lat' dir='ltr'>is</span> <span class='ocrx_word' id='word_1_189' title='bbox 1108 1833 1181 1892; x_wconf 88' lang='lat' dir='ltr'>erat,</span> <span class='ocrx_word' id='word_1_190' title='bbox 1198 1844 1262 1882; x_wconf 87' lang='lat' dir='ltr'>curn</span> <span class='ocrx_word' id='word_1_191' title='bbox 1278 1833 1394 1882; x_wconf 85' lang='lat' dir='ltr'>arietem</span> <span class='ocrx_word' id='word_1_192' title='bbox 1409 1845 1466 1882; x_wconf 91' lang='lat' dir='ltr'>non</span> <span class='ocrx_word' id='word_1_193' title='bbox 1483 1845 1545 1883; x_wconf 87' lang='lat' dir='ltr'>esse</span> <span class='ocrx_word' id='word_1_194' title='bbox 1561 1845 1614 1896; x_wconf 90' lang='lat' dir='ltr'>pro</span> 
     </span>
     <span class='ocr_line' id='line_1_18' title="bbox 277 1919 1614 1984; baseline -0.003 -10"><span class='ocrx_word' id='word_1_195' title='bbox 277 1925 369 1974; x_wconf 89' lang='lat' dir='ltr'>lubitu</span> <span class='ocrx_word' id='word_1_196' title='bbox 383 1922 543 1983; x_wconf 86' lang='lat' dir='ltr'>olierentis,</span> <span class='ocrx_word' id='word_1_197' title='bbox 560 1920 610 1971; x_wconf 91' lang='lat' dir='ltr'>sed</span> <span class='ocrx_word' id='word_1_198' title='bbox 629 1919 903 1972; x_wconf 87' lang='lat' dir='ltr'>sacerdotis·iudlcio</span> <span class='ocrx_word' id='word_1_199' title='bbox 917 1919 1108 1984; x_wconf 83' lang='lat' dir='ltr'>seligendum,</span> <span class='ocrx_word' id='word_1_200' title='bbox 1124 1931 1160 1970; x_wconf 89' lang='lat' dir='ltr'>ne</span> <span class='ocrx_word' id='word_1_201' title='bbox 1180 1921 1308 1971; x_wconf 87' lang='lat' dir='ltr'>tenuiora</span> <span class='ocrx_word' id='word_1_202' title='bbox 1322 1919 1489 1973; x_wconf 75' lang='lat' dir='ltr'>offerrentur</span> <span class='ocrx_word' id='word_1_203' title='bbox 1503 1921 1614 1971; x_wconf 83' lang='lat' dir='ltr'>anima·</span> 
     </span>
     <span class='ocr_line' id='line_1_19' title="bbox 276 2009 1615 2073; baseline -0.002 -10"><span class='ocrx_word' id='word_1_204' title='bbox 276 2014 325 2063; x_wconf 89' lang='lat' dir='ltr'>lla.</span> <span class='ocrx_word' id='word_1_205' title='bbox 343 2009 540 2072; x_wconf 86' lang='lat' dir='ltr'>Postmodum,</span> <span class='ocrx_word' id='word_1_206' title='bbox 557 2022 613 2073; x_wconf 85' lang='lat' dir='ltr'>quo</span> <span class='ocrx_word' id='word_1_207' title='bbox 631 2013 760 2073; x_wconf 88' lang='lat' dir='ltr'>tempore</span> <span class='ocrx_word' id='word_1_208' title='bbox 777 2010 833 2059; x_wconf 85' lang='lat' dir='ltr'>iam</span> <span class='ocrx_word' id='word_1_209' title='bbox 849 2009 986 2071; x_wconf 88' lang='lat' dir='ltr'>pastorali</span> <span class='ocrx_word' id='word_1_210' title='bbox 1001 2009 1076 2060; x_wconf 89' lang='lat' dir='ltr'>vitae</span> <span class='ocrx_word' id='word_1_211' title='bbox 1094 2010 1188 2059; x_wconf 87' lang='lat' dir='ltr'>minus</span> <span class='ocrx_word' id='word_1_212' title='bbox 1205 2009 1308 2060; x_wconf 83' lang='lat' dir='ltr'>addicti</span> <span class='ocrx_word' id='word_1_213' title='bbox 1328 2014 1422 2060; x_wconf 87' lang='lat' dir='ltr'>essent</span> <span class='ocrx_word' id='word_1_214' title='bbox 1443 2009 1565 2060; x_wconf 87' lang='lat' dir='ltr'>Hebraei</span> <span class='ocrx_word' id='word_1_215' title='bbox 1584 2011 1615 2060; x_wconf 87' lang='lat' dir='ltr'>et</span> 
     </span>
     <span class='ocr_line' id='line_1_20' title="bbox 278 2097 1613 2164; baseline -0.004 -13"><span class='ocrx_word' id='word_1_216' title='bbox 278 2114 325 2152; x_wconf 88' lang='lat' dir='ltr'>res</span> <span class='ocrx_word' id='word_1_217' title='bbox 341 2101 451 2164; x_wconf 73' lang='lat' dir='ltr'>argenti</span> <span class='ocrx_word' id='word_1_218' title='bbox 470 2101 562 2162; x_wconf 89' lang='lat' dir='ltr'>pretio</span> <span class='ocrx_word' id='word_1_219' title='bbox 576 2100 773 2159; x_wconf 83' lang='lat' dir='ltr'>aestimarent,</span> <span class='ocrx_word' id='word_1_220' title='bbox 789 2097 904 2149; x_wconf 86' lang='lat' dir='ltr'>additae</span> <span class='ocrx_word' id='word_1_221' title='bbox 921 2105 987 2147; x_wconf 91' lang='lat' dir='ltr'>sunt</span> <span class='ocrx_word' id='word_1_222' title='bbox 1002 2110 1087 2148; x_wconf 88' lang='lat' dir='ltr'>voces</span> <span class='ocrx_word' id='word_1_223' title='bbox 1106 2098 1158 2146; x_wconf 85' lang='lat' dir='ltr'>dno</span> <span class='ocrx_word' id='word_1_224' title='bbox 1177 2097 1238 2148; x_wconf 80' lang='lat' dir='ltr'>siclt</span> <span class='ocrx_word' id='word_1_225' title='bbox 1259 2100 1379 2161; x_wconf 83' lang='lat' dir='ltr'>arpenti,</span> <span class='ocrx_word' id='word_1_226' title='bbox 1395 2099 1512 2162; x_wconf 84' lang='lat' dir='ltr'>pondere</span> <span class='ocrx_word' id='word_1_227' title='bbox 1532 2112 1613 2147; x_wconf 78' lang='lat' dir='ltr'>sane·</span> 
     </span>
     <span class='ocr_line' id='line_1_21' title="bbox 281 2185 1552 2253; baseline 0 -13"><span class='ocrx_word' id='word_1_228' title='bbox 281 2190 383 2250; x_wconf 83' lang='lat' dir='ltr'>tuartt,</span> <span class='ocrx_word' id='word_1_229' title='bbox 400 2188 502 2253; x_wconf 87' lang='lat' dir='ltr'>quibus</span> <span class='ocrx_word' id='word_1_230' title='bbox 516 2191 544 2237; x_wconf 92' lang='lat' dir='ltr'>et</span> <span class='ocrx_word' id='word_1_231' title='bbox 559 2189 679 2251; x_wconf 91' lang='lat' dir='ltr'>pretium</span> <span class='ocrx_word' id='word_1_232' title='bbox 694 2185 859 2237; x_wconf 82' lang='lat' dir='ltr'>definiretur</span> <span class='ocrx_word' id='word_1_233' title='bbox 871 2193 900 2235; x_wconf 91' lang='lat' dir='ltr'>et</span> <span class='ocrx_word' id='word_1_234' title='bbox 915 2185 1091 2238; x_wconf 88' lang='lat' dir='ltr'>sacerdotum</span> <span class='ocrx_word' id='word_1_235' title='bbox 1106 2186 1299 2237; x_wconf 85' lang='lat' dir='ltr'>exactionibus</span> <span class='ocrx_word' id='word_1_236' title='bbox 1313 2185 1447 2248; x_wconf 82' lang='lat' dir='ltr'>figeretur</span> <span class='ocrx_word' id='word_1_237' title='bbox 1460 2187 1552 2240; x_wconf 82' lang='lat' dir='ltr'>limae.</span> 
     </span>
    </p>
   </div>
   <div class='ocr_carea' id='block_1_3' title="bbox 599 2385 1290 2446">
    <p class='ocr_par' dir='ltr' id='par_1_4' title="bbox 599 2385 1290 2446">
     <span class='ocr_line' id='line_1_22' title="bbox 599 2385 1290 2446; baseline -0.001 -10"><span class='ocrx_word' id='word_1_238' title='bbox 599 2392 629 2436; x_wconf 69' lang='grc' dir='ltr'>Ν.</span> <span class='ocrx_word' id='word_1_239' title='bbox 646 2387 699 2433; x_wconf 86' lang='lat' dir='ltr'>Pro</span> <span class='ocrx_word' id='word_1_240' title='bbox 715 2385 800 2433; x_wconf 76' lang='lat' dir='ltr'>delicto</span> <span class='ocrx_word' id='word_1_241' title='bbox 813 2387 932 2433; x_wconf 75' lang='lat' dir='ltr'>conmisso</span> <span class='ocrx_word' id='word_1_242' title='bbox 947 2388 972 2431; x_wconf 82' lang='lat' dir='ltr'>in</span> <span class='ocrx_word' id='word_1_243' title='bbox 986 2401 1014 2434; x_wconf 84' lang='lat' dir='ltr'>re</span> <span class='ocrx_word' id='word_1_244' title='bbox 1029 2402 1098 2434; x_wconf 82' lang='lat' dir='ltr'>tarra</span> <span class='ocrx_word' id='word_1_245' title='bbox 1112 2387 1171 2435; x_wconf 85' lang='lat' dir='ltr'>Lev.</span> <span class='ocrx_word' id='word_1_246' title='bbox 1187 2389 1290 2446; x_wconf 70' lang='lat' dir='ltr'>art-re.</span> 
     </span>
    </p>
   </div>
   <div class='ocr_carea' id='block_1_4' title="bbox 322 2563 1609 2654">
    <p class='ocr_par' dir='ltr' id='par_1_5' title="bbox 322 2563 1609 2654">
     <span class='ocr_line' id='line_1_23' title="bbox 322 2563 1609 2654; baseline 0.002 -22"><span class='ocrx_word' id='word_1_247' title='bbox 322 2563 408 2654; x_wconf 62' lang='grc' dir='ltr'>Ανφᾉ</span> <span class='ocrx_word' id='word_1_248' title='bbox 424 2601 469 2615; x_wconf 92' lang='grc'>-</span> <span class='ocrx_word' id='word_1_249' title='bbox 480 2565 542 2642; x_wconf 82' lang='lat' dir='ltr'>Qui</span> <span class='ocrx_word' id='word_1_250' title='bbox 552 2563 589 2630; x_wconf 88' lang='lat' dir='ltr'>in</span> <span class='ocrx_word' id='word_1_251' title='bbox 603 2564 709 2631; x_wconf 85' lang='lat' dir='ltr'>sacris</span> <span class='ocrx_word' id='word_1_252' title='bbox 722 2563 862 2649; x_wconf 83' lang='lat' dir='ltr'>gravius</span> <span class='ocrx_word' id='word_1_253' title='bbox 874 2563 1036 2654; x_wconf 86' lang='lat' dir='ltr'>deliquit,</span> <span class='ocrx_word' id='word_1_254' title='bbox 1053 2565 1196 2631; x_wconf 87' lang='lat' dir='ltr'>arietem</span> <span class='ocrx_word' id='word_1_255' title='bbox 1209 2565 1331 2633; x_wconf 83' lang='lat' dir='ltr'>offerat</span> <span class='ocrx_word' id='word_1_256' title='bbox 1344 2567 1609 2635; x_wconf 88' lang='lat' dir='ltr'>immolandum.</span> 
     </span>
    </p>
   </div>
   <div class='ocr_carea' id='block_1_5' title="bbox 279 2669 1476 2764">
    <p class='ocr_par' dir='ltr' id='par_1_6' title="bbox 279 2669 1476 2764">
     <span class='ocr_line' id='line_1_24' title="bbox 279 2669 1476 2764; baseline 0.001 -24"><span class='ocrx_word' id='word_1_257' title='bbox 279 2673 314 2741; x_wconf 89' lang='lat' dir='ltr'>si</span> <span class='ocrx_word' id='word_1_258' title='bbox 331 2673 497 2739; x_wconf 84' lang='lat' dir='ltr'>damnum</span> <span class='ocrx_word' id='word_1_259' title='bbox 512 2675 693 2760; x_wconf 88' lang='lat' dir='ltr'>praeterea</span> <span class='ocrx_word' id='word_1_260' title='bbox 707 2669 840 2751; x_wconf 90' lang='lat' dir='ltr'>intulit,</span> <span class='ocrx_word' id='word_1_261' title='bbox 857 2670 947 2737; x_wconf 90' lang='lat' dir='ltr'>illud</span> <span class='ocrx_word' id='word_1_262' title='bbox 961 2671 1086 2738; x_wconf 82' lang='lat' dir='ltr'>sarciat</span> <span class='ocrx_word' id='word_1_263' title='bbox 1099 2670 1217 2738; x_wconf 86' lang='lat' dir='ltr'>addite</span> <span class='ocrx_word' id='word_1_264' title='bbox 1232 2672 1354 2761; x_wconf 84' lang='lat' dir='ltr'>quinta</span> <span class='ocrx_word' id='word_1_265' title='bbox 1366 2679 1476 2764; x_wconf 85' lang='lat' dir='ltr'>parte.</span> 
     </span>
    </p>
   </div>
   <div class='ocr_carea' id='block_1_6' title="bbox 282 2869 1611 3026">
    <p class='ocr_par' dir='ltr' id='par_1_7' title="bbox 282 2869 1611 3026">
     <span class='ocr_line' id='line_1_25' title="bbox 314 2869 1611 2952; baseline 0.004 -30"><span class='ocrx_word' id='word_1_266' title='bbox 314 2871 376 2933; x_wconf 82' lang='lat'>5,15</span> <span class='ocrx_word' id='word_1_267' title='bbox 392 2873 434 2922; x_wconf 91' lang='lat' dir='ltr'>uti</span> <span class='ocrx_word' id='word_1_268' title='bbox 448 2869 509 2931; x_wconf 83' lang='lat' dir='ltr'>t,1;</span> <span class='ocrx_word' id='word_1_269' title='bbox 531 2871 573 2929; x_wconf 87' lang='lat' dir='ltr'>5,t</span> <span class='ocrx_word' id='word_1_270' title='bbox 583 2883 593 2930; x_wconf 87' lang='lat'>;</span> <span class='ocrx_word' id='word_1_271' title='bbox 615 2869 657 2934; x_wconf 83' lang='grc'>6,1</span> <span class='ocrx_word' id='word_1_272' title='bbox 680 2869 788 2920; x_wconf 92' lang='lat' dir='ltr'>orditur</span> <span class='ocrx_word' id='word_1_273' title='bbox 805 2870 900 2920; x_wconf 78' lang='lat' dir='ltr'>verbis</span> <span class='ocrx_word' id='word_1_274' title='bbox 921 2876 948 2924; x_wconf 67' lang='lat' dir='ltr'>ti</span> <span class='ocrx_word' id='word_1_275' title='bbox 968 2875 1047 2931; x_wconf 62' lang='lat' dir='ltr'>tutia</span> <span class='ocrx_word' id='word_1_276' title='bbox 1062 2884 1090 2920; x_wconf 77' lang='lat' dir='ltr'>u.</span> <span class='ocrx_word' id='word_1_277' title='bbox 1107 2870 1145 2952; x_wconf 86' lang='grc' dir='ltr'>Ι17</span> <span class='ocrx_word' id='word_1_278' title='bbox 1162 2871 1248 2922; x_wconf 89' lang='lat' dir='ltr'>habet</span> <span class='ocrx_word' id='word_1_279' title='bbox 1266 2871 1415 2923; x_wconf 86' lang='lat' dir='ltr'>termulam</span> <span class='ocrx_word' id='word_1_280' title='bbox 1436 2877 1611 2940; x_wconf 87' lang='lat' dir='ltr'>complexam</span> 
     </span>
     <span class='ocr_line' id='line_1_26' title="bbox 282 2956 610 3026; baseline 0.003 -19"><span class='ocrx_word' id='word_1_281' title='bbox 282 2969 310 3017; x_wconf 67' lang='lat' dir='ltr'>tp</span> <span class='ocrx_word' id='word_1_282' title='bbox 324 2966 387 3019; x_wconf 56' lang='lat' dir='ltr'>mn:</span> <span class='ocrx_word' id='word_1_283' title='bbox 405 2967 450 3016; x_wconf 73' lang='lat' dir='ltr'>nn</span> <span class='ocrx_word' id='word_1_284' title='bbox 465 2957 509 3026; x_wconf 75' lang='lat' dir='ltr'>tei.</span> <span class='ocrx_word' id='word_1_285' title='bbox 527 2956 610 3026; x_wconf 64' lang='lat' dir='ltr'>tat).</span> 
     </span>
    </p>
   </div>
   <div class='ocr_carea' id='block_1_7' title="bbox 272 3123 1612 4600">
    <p class='ocr_par' dir='ltr' id='par_1_8' title="bbox 272 3123 1612 4600">
     <span class='ocr_line' id='line_1_27' title="bbox 324 3123 1612 3214; baseline 0.005 -22"><span class='ocrx_word' id='word_1_286' title='bbox 324 3151 356 3194; x_wconf 91' lang='lat' dir='ltr'>v.</span> <span class='ocrx_word' id='word_1_287' title='bbox 377 3133 417 3193; x_wconf 83' lang='lat' dir='ltr'>tt</span> <span class='ocrx_word' id='word_1_288' title='bbox 434 3154 450 3184; x_wconf 68' lang='grc' dir='ltr'><strong>α</strong></span> <span class='ocrx_word' id='word_1_289' title='bbox 463 3127 675 3214; x_wconf 67' lang='lat' dir='ltr'>Laertesque</span> <span class='ocrx_word' id='word_1_290' title='bbox 690 3135 739 3188; x_wconf 83' lang='lat' dir='ltr'>est</span> <span class='ocrx_word' id='word_1_291' title='bbox 752 3123 921 3189; x_wconf 84' lang='lat' dir='ltr'>Dominus</span> <span class='ocrx_word' id='word_1_292' title='bbox 934 3123 983 3190; x_wconf 86' lang='lat' dir='ltr'>ad</span> <span class='ocrx_word' id='word_1_293' title='bbox 992 3126 1135 3213; x_wconf 75' lang='lat' dir='ltr'>llloysen</span> <span class='ocrx_word' id='word_1_294' title='bbox 1150 3124 1267 3192; x_wconf 80' lang='lat' dir='ltr'>dicens</span> <span class='ocrx_word' id='word_1_295' title='bbox 1280 3153 1296 3189; x_wconf 88' lang='lat'>»</span> <span class='ocrx_word' id='word_1_296' title='bbox 1316 3147 1324 3195; x_wconf 92' lang='lat'>:</span> <span class='ocrx_word' id='word_1_297' title='bbox 1341 3151 1374 3194; x_wconf 90' lang='lat' dir='ltr'>v.</span> <span class='ocrx_word' id='word_1_298' title='bbox 1394 3136 1434 3196; x_wconf 86' lang='lat'>15</span> <span class='ocrx_word' id='word_1_299' title='bbox 1453 3159 1468 3191; x_wconf 79' lang='grc' dir='ltr'>α</span> <span class='ocrx_word' id='word_1_300' title='bbox 1482 3130 1612 3198; x_wconf 81' lang='lat' dir='ltr'>Anima</span> 
     </span>
     <span class='ocr_line' id='line_1_28' title="bbox 279 3228 1611 3323; baseline 0.004 -23"><span class='ocrx_word' id='word_1_301' title='bbox 279 3235 310 3300; x_wconf 86' lang='lat' dir='ltr'>si</span> <span class='ocrx_word' id='word_1_302' title='bbox 322 3230 571 3322; x_wconf 80' lang='lat' dir='ltr'>praevaricans</span> <span class='ocrx_word' id='word_1_303' title='bbox 589 3228 822 3316; x_wconf 78' lang='lat' dir='ltr'>[ceremonias]</span> <span class='ocrx_word' id='word_1_304' title='bbox 841 3253 1074 3319; x_wconf 74' lang='lat' dir='ltr'>pererratam</span> <span class='ocrx_word' id='word_1_305' title='bbox 1095 3231 1132 3296; x_wconf 85' lang='lat' dir='ltr'>in</span> <span class='ocrx_word' id='word_1_306' title='bbox 1153 3231 1222 3316; x_wconf 75' lang='lat' dir='ltr'>tis,</span> <span class='ocrx_word' id='word_1_307' title='bbox 1247 3255 1337 3323; x_wconf 83' lang='lat' dir='ltr'>qaae</span> <span class='ocrx_word' id='word_1_308' title='bbox 1356 3235 1502 3302; x_wconf 82' lang='lat' dir='ltr'>Dantino</span> <span class='ocrx_word' id='word_1_309' title='bbox 1529 3253 1611 3304; x_wconf 75' lang='lat' dir='ltr'>satit</span> 
     </span>
     <span class='ocr_line' id='line_1_29' title="bbox 277 3335 1609 3427; baseline 0.003 -21"><span class='ocrx_word' id='word_1_310' title='bbox 277 3338 506 3425; x_wconf 63' lang='lat' dir='ltr'>sarmaticam,</span> <span class='ocrx_word' id='word_1_311' title='bbox 522 3337 725 3427; x_wconf 80' lang='lat' dir='ltr'>peccaverit,</span> <span class='ocrx_word' id='word_1_312' title='bbox 747 3335 950 3426; x_wconf 75' lang='lat' dir='ltr'>offeretpro</span> <span class='ocrx_word' id='word_1_313' title='bbox 966 3336 1090 3404; x_wconf 82' lang='lat' dir='ltr'>delicto</span> <span class='ocrx_word' id='word_1_314' title='bbox 1103 3361 1163 3404; x_wconf 86' lang='lat' dir='ltr'>sno</span> <span class='ocrx_word' id='word_1_315' title='bbox 1186 3339 1331 3407; x_wconf 85' lang='lat' dir='ltr'>arietem</span> <span class='ocrx_word' id='word_1_316' title='bbox 1345 3341 1609 3411; x_wconf 81' lang='lat' dir='ltr'>immaculatum</span> 
     </span>
     <span class='ocr_line' id='line_1_30' title="bbox 280 3441 1607 3536; baseline 0.005 -26"><span class='ocrx_word' id='word_1_317' title='bbox 280 3445 321 3511; x_wconf 81' lang='lat' dir='ltr'>de</span> <span class='ocrx_word' id='word_1_318' title='bbox 333 3443 512 3534; x_wconf 60' lang='lat' dir='ltr'>propians,</span> <span class='ocrx_word' id='word_1_319' title='bbox 533 3443 597 3532; x_wconf 85' lang='lat' dir='ltr'>qni</span> <span class='ocrx_word' id='word_1_320' title='bbox 612 3441 680 3509; x_wconf 74' lang='lat' dir='ltr'>catti</span> <span class='ocrx_word' id='word_1_321' title='bbox 698 3454 813 3532; x_wconf 77' lang='lat' dir='ltr'>potest</span> <span class='ocrx_word' id='word_1_322' title='bbox 835 3441 966 3509; x_wconf 67' lang='lat' dir='ltr'>detotm</span> <span class='ocrx_word' id='word_1_323' title='bbox 980 3443 1088 3522; x_wconf 83' lang='lat' dir='ltr'>siclis,</span> <span class='ocrx_word' id='word_1_324' title='bbox 1113 3443 1212 3511; x_wconf 74' lang='lat' dir='ltr'>ittarta</span> <span class='ocrx_word' id='word_1_325' title='bbox 1224 3446 1363 3536; x_wconf 80' lang='lat' dir='ltr'>pendas</span> <span class='ocrx_word' id='word_1_326' title='bbox 1380 3451 1573 3516; x_wconf 80' lang='lat' dir='ltr'>sanctuarii</span> <span class='ocrx_word' id='word_1_327' title='bbox 1591 3481 1607 3510; x_wconf 75' lang='grc' dir='ltr'>ι»</span> 
     </span>
     <span class='ocr_line' id='line_1_31' title="bbox 282 3549 1609 3646; baseline 0.004 -27"><span class='ocrx_word' id='word_1_328' title='bbox 282 3553 339 3641; x_wconf 75' lang='lat' dir='ltr'>(ei.</span> <span class='ocrx_word' id='word_1_329' title='bbox 365 3557 423 3620; x_wconf 81' lang='lat' dir='ltr'>Ex.</span> <span class='ocrx_word' id='word_1_330' title='bbox 451 3549 580 3640; x_wconf 58' lang='lat' dir='ltr'>adds).</span> <span class='ocrx_word' id='word_1_331' title='bbox 603 3549 777 3616; x_wconf 82' lang='lat' dir='ltr'>infelicius</span> <span class='ocrx_word' id='word_1_332' title='bbox 805 3549 1015 3616; x_wconf 81' lang='lat' dir='ltr'>ceremonias</span> <span class='ocrx_word' id='word_1_333' title='bbox 1040 3550 1185 3618; x_wconf 88' lang='lat' dir='ltr'>inseruit</span> <span class='ocrx_word' id='word_1_334' title='bbox 1219 3553 1319 3643; x_wconf 81' lang='lat' dir='ltr'>Vulp.</span> <span class='ocrx_word' id='word_1_335' title='bbox 1348 3554 1493 3638; x_wconf 84' lang='lat' dir='ltr'>Exinde,</span> <span class='ocrx_word' id='word_1_336' title='bbox 1517 3559 1609 3646; x_wconf 90' lang='lat' dir='ltr'>quod</span> 
     </span>
     <span class='ocr_line' id='line_1_32' title="bbox 279 3655 1610 3748; baseline 0.005 -24"><span class='ocrx_word' id='word_1_337' title='bbox 279 3683 311 3725; x_wconf 89' lang='lat' dir='ltr'>v.</span> <span class='ocrx_word' id='word_1_338' title='bbox 331 3665 372 3725; x_wconf 87' lang='lat' dir='ltr'>te</span> <span class='ocrx_word' id='word_1_339' title='bbox 396 3655 645 3724; x_wconf 89' lang='lat' dir='ltr'>restitutionem</span> <span class='ocrx_word' id='word_1_340' title='bbox 669 3655 848 3743; x_wconf 84' lang='lat' dir='ltr'>iniungat,</span> <span class='ocrx_word' id='word_1_341' title='bbox 872 3662 967 3745; x_wconf 85' lang='lat' dir='ltr'>patet</span> <span class='ocrx_word' id='word_1_342' title='bbox 983 3670 1105 3724; x_wconf 82' lang='lat' dir='ltr'>saneta</span> <span class='ocrx_word' id='word_1_343' title='bbox 1123 3659 1263 3726; x_wconf 82' lang='lat' dir='ltr'>Domini</span> <span class='ocrx_word' id='word_1_344' title='bbox 1289 3659 1439 3748; x_wconf 82' lang='lat' dir='ltr'>intelligi</span> <span class='ocrx_word' id='word_1_345' title='bbox 1459 3685 1525 3747; x_wconf 87' lang='lat' dir='ltr'>res,</span> <span class='ocrx_word' id='word_1_346' title='bbox 1547 3663 1610 3732; x_wconf 91' lang='lat' dir='ltr'>do-</span> 
     </span>
     <span class='ocr_line' id='line_1_33' title="bbox 278 3763 1611 3852; baseline 0.004 -19"><span class='ocrx_word' id='word_1_347' title='bbox 278 3765 394 3846; x_wconf 86' lang='lat' dir='ltr'>naria,</span> <span class='ocrx_word' id='word_1_348' title='bbox 421 3763 592 3844; x_wconf 75' lang='lat' dir='ltr'>decimam,</span> <span class='ocrx_word' id='word_1_349' title='bbox 621 3785 711 3852; x_wconf 86' lang='lat' dir='ltr'>quae</span> <span class='ocrx_word' id='word_1_350' title='bbox 736 3763 969 3830; x_wconf 86' lang='lat' dir='ltr'>sacerdotibus</span> <span class='ocrx_word' id='word_1_351' title='bbox 995 3764 1049 3830; x_wconf 85' lang='lat' dir='ltr'>vel</span> <span class='ocrx_word' id='word_1_352' title='bbox 1078 3765 1272 3833; x_wconf 85' lang='lat' dir='ltr'>sanctuario</span> <span class='ocrx_word' id='word_1_353' title='bbox 1303 3767 1378 3833; x_wconf 89' lang='lat' dir='ltr'>iure</span> <span class='ocrx_word' id='word_1_354' title='bbox 1406 3769 1611 3838; x_wconf 88' lang='lat' dir='ltr'>obvenerint</span> 
     </span>
     <span class='ocr_line' id='line_1_34' title="bbox 278 3869 1610 3964; baseline 0.003 -25"><span class='ocrx_word' id='word_1_355' title='bbox 278 3872 413 3964; x_wconf 67' lang='lat' dir='ltr'>(deep).</span> <span class='ocrx_word' id='word_1_356' title='bbox 438 3869 684 3938; x_wconf 86' lang='lat' dir='ltr'>Praescribitur</span> <span class='ocrx_word' id='word_1_357' title='bbox 707 3869 837 3936; x_wconf 84' lang='lat' dir='ltr'>animal</span> <span class='ocrx_word' id='word_1_358' title='bbox 861 3870 1069 3952; x_wconf 86' lang='lat' dir='ltr'>masculum,</span> <span class='ocrx_word' id='word_1_359' title='bbox 1096 3871 1190 3960; x_wconf 93' lang='lat' dir='ltr'>quod</span> <span class='ocrx_word' id='word_1_360' title='bbox 1219 3871 1360 3958; x_wconf 83' lang='lat' dir='ltr'>dignius</span> <span class='ocrx_word' id='word_1_361' title='bbox 1384 3879 1450 3957; x_wconf 78' lang='lat' dir='ltr'>est3</span> <span class='ocrx_word' id='word_1_362' title='bbox 1474 3877 1610 3943; x_wconf 88' lang='lat' dir='ltr'>nullum</span> 
     </span>
     <span class='ocr_line' id='line_1_35' title="bbox 277 3976 1611 4070; baseline 0.002 -23"><span class='ocrx_word' id='word_1_363' title='bbox 277 3979 475 4070; x_wconf 85' lang='lat' dir='ltr'>principum</span> <span class='ocrx_word' id='word_1_364' title='bbox 490 3982 550 4044; x_wconf 87' lang='lat' dir='ltr'>aut</span> <span class='ocrx_word' id='word_1_365' title='bbox 563 3976 776 4066; x_wconf 89' lang='lat' dir='ltr'>privatorum</span> <span class='ocrx_word' id='word_1_366' title='bbox 798 3977 960 4044; x_wconf 82' lang='lat' dir='ltr'>statuitur</span> <span class='ocrx_word' id='word_1_367' title='bbox 977 3976 1178 4060; x_wconf 71' lang='lat' dir='ltr'>discrimem</span> <span class='ocrx_word' id='word_1_368' title='bbox 1192 3978 1288 4047; x_wconf 85' lang='lat' dir='ltr'>nulle</span> <span class='ocrx_word' id='word_1_369' title='bbox 1301 3981 1512 4070; x_wconf 85' lang='lat' dir='ltr'>pauperibus</span> <span class='ocrx_word' id='word_1_370' title='bbox 1526 4005 1611 4050; x_wconf 90' lang='lat' dir='ltr'>con-</span> 
     </span>
     <span class='ocr_line' id='line_1_36' title="bbox 279 4081 1611 4173; baseline 0.002 -20"><span class='ocrx_word' id='word_1_371' title='bbox 279 4087 411 4153; x_wconf 87' lang='lat' dir='ltr'>ceditur</span> <span class='ocrx_word' id='word_1_372' title='bbox 433 4083 664 4170; x_wconf 83' lang='lat' dir='ltr'>indulgeniia,</span> <span class='ocrx_word' id='word_1_373' title='bbox 682 4081 743 4173; x_wconf 91' lang='lat' dir='ltr'>qui</span> <span class='ocrx_word' id='word_1_374' title='bbox 757 4082 899 4149; x_wconf 83' lang='lat' dir='ltr'>fortasse</span> <span class='ocrx_word' id='word_1_375' title='bbox 923 4083 977 4148; x_wconf 84' lang='lat' dir='ltr'>vix</span> <span class='ocrx_word' id='word_1_376' title='bbox 996 4105 1152 4172; x_wconf 85' lang='lat' dir='ltr'>unquam</span> <span class='ocrx_word' id='word_1_377' title='bbox 1171 4083 1237 4152; x_wconf 91' lang='lat' dir='ltr'>hoe</span> <span class='ocrx_word' id='word_1_378' title='bbox 1255 4083 1374 4152; x_wconf 88' lang='lat' dir='ltr'>delicti</span> <span class='ocrx_word' id='word_1_379' title='bbox 1387 4107 1497 4173; x_wconf 79' lang='lat' dir='ltr'>genus</span> <span class='ocrx_word' id='word_1_380' title='bbox 1518 4111 1611 4156; x_wconf 78' lang='lat' dir='ltr'>eont-</span> 
     </span>
     <span class='ocr_line' id='line_1_37' title="bbox 276 4188 1610 4280; baseline 0.004 -22"><span class='ocrx_word' id='word_1_381' title='bbox 276 4193 462 4259; x_wconf 85' lang='lat' dir='ltr'>mitterent.</span> <span class='ocrx_word' id='word_1_382' title='bbox 480 4213 513 4260; x_wconf 90' lang='lat' dir='ltr'>v.</span> <span class='ocrx_word' id='word_1_383' title='bbox 530 4196 570 4255; x_wconf 83' lang='grc'>16</span> <span class='ocrx_word' id='word_1_384' title='bbox 592 4191 818 4279; x_wconf 65' lang='lat' dir='ltr'>simeonque,</span> <span class='ocrx_word' id='word_1_385' title='bbox 834 4188 1206 4278; x_wconf 81' lang='lat' dir='ltr'>qnode&#39;atnlitdantni,</span> <span class='ocrx_word' id='word_1_386' title='bbox 1221 4191 1386 4276; x_wconf 75' lang='lat' dir='ltr'>restituet,</span> <span class='ocrx_word' id='word_1_387' title='bbox 1403 4206 1436 4259; x_wconf 87' lang='lat' dir='ltr'>ct</span> <span class='ocrx_word' id='word_1_388' title='bbox 1448 4194 1610 4280; x_wconf 76' lang='lat' dir='ltr'>prtintam</span> 
     </span>
     <span class='ocr_line' id='line_1_38' title="bbox 274 4294 1611 4391; baseline 0.004 -28"><span class='ocrx_word' id='word_1_389' title='bbox 274 4311 409 4389; x_wconf 80' lang='lat' dir='ltr'>partem</span> <span class='ocrx_word' id='word_1_390' title='bbox 421 4308 528 4387; x_wconf 84' lang='lat' dir='ltr'>ponet</span> <span class='ocrx_word' id='word_1_391' title='bbox 540 4318 648 4385; x_wconf 80' lang='lat' dir='ltr'>sttpro</span> <span class='ocrx_word' id='word_1_392' title='bbox 663 4324 694 4378; x_wconf 74' lang='lat' dir='ltr'>n,</span> <span class='ocrx_word' id='word_1_393' title='bbox 712 4294 931 4386; x_wconf 85' lang='lat' dir='ltr'>superaddet,</span> <span class='ocrx_word' id='word_1_394' title='bbox 950 4296 1110 4382; x_wconf 84' lang='lat' dir='ltr'>utigitur</span> <span class='ocrx_word' id='word_1_395' title='bbox 1126 4302 1263 4387; x_wconf 86' lang='lat' dir='ltr'>praeter</span> <span class='ocrx_word' id='word_1_396' title='bbox 1281 4298 1422 4366; x_wconf 85' lang='lat' dir='ltr'>arietem</span> <span class='ocrx_word' id='word_1_397' title='bbox 1434 4321 1491 4367; x_wconf 81' lang='lat' dir='ltr'>sex</span> <span class='ocrx_word' id='word_1_398' title='bbox 1506 4304 1611 4391; x_wconf 90' lang='lat' dir='ltr'>quin·</span> 
     </span>
     <span class='ocr_line' id='line_1_39' title="bbox 274 4401 1610 4499; baseline 0.004 -28"><span class='ocrx_word' id='word_1_399' title='bbox 274 4411 328 4471; x_wconf 85' lang='lat' dir='ltr'>tas</span> <span class='ocrx_word' id='word_1_400' title='bbox 354 4403 476 4470; x_wconf 87' lang='lat' dir='ltr'>reddat</span> <span class='ocrx_word' id='word_1_401' title='bbox 497 4403 615 4470; x_wconf 86' lang='lat' dir='ltr'>damni</span> <span class='ocrx_word' id='word_1_402' title='bbox 639 4402 741 4486; x_wconf 85' lang='lat' dir='ltr'>illati,</span> <span class='ocrx_word' id='word_1_403' title='bbox 764 4431 780 4463; x_wconf 91' lang='lat'>«</span> <span class='ocrx_word' id='word_1_404' title='bbox 802 4401 943 4468; x_wconf 76' lang='lat' dir='ltr'>trocleas</span> <span class='ocrx_word' id='word_1_405' title='bbox 961 4401 1149 4486; x_wconf 84' lang='lat' dir='ltr'>sacerdoti,</span> <span class='ocrx_word' id='word_1_406' title='bbox 1171 4404 1234 4492; x_wconf 83' lang='lat' dir='ltr'>qni</span> <span class='ocrx_word' id='word_1_407' title='bbox 1254 4405 1390 4494; x_wconf 72' lang='lat' dir='ltr'>repudi!</span> <span class='ocrx_word' id='word_1_408' title='bbox 1401 4429 1467 4496; x_wconf 83' lang='lat' dir='ltr'>pro</span> <span class='ocrx_word' id='word_1_409' title='bbox 1492 4431 1530 4475; x_wconf 85' lang='lat' dir='ltr'>co</span> <span class='ocrx_word' id='word_1_410' title='bbox 1550 4412 1610 4499; x_wconf 82' lang='lat' dir='ltr'>os-</span> 
     </span>
     <span class='ocr_line' id='line_1_40' title="bbox 272 4507 1182 4600; baseline -0.003 -21"><span class='ocrx_word' id='word_1_411' title='bbox 272 4513 391 4600; x_wconf 74' lang='lat' dir='ltr'>[ermes</span> <span class='ocrx_word' id='word_1_412' title='bbox 406 4509 548 4578; x_wconf 79' lang='lat' dir='ltr'>arietem</span> <span class='ocrx_word' id='word_1_413' title='bbox 565 4537 581 4568; x_wconf 77' lang='lat' dir='ltr'>n</span> <span class='ocrx_word' id='word_1_414' title='bbox 596 4530 660 4598; x_wconf 77' lang='lat' dir='ltr'>pro</span> <span class='ocrx_word' id='word_1_415' title='bbox 676 4521 784 4596; x_wconf 80' lang='lat' dir='ltr'>rectu,</span> <span class='ocrx_word' id='word_1_416' title='bbox 802 4523 833 4575; x_wconf 87' lang='lat' dir='ltr'>et</span> <span class='ocrx_word' id='word_1_417' title='bbox 850 4537 867 4570; x_wconf 89' lang='lat'>«</span> <span class='ocrx_word' id='word_1_418' title='bbox 888 4507 1081 4575; x_wconf 79' lang='lat' dir='ltr'>dirtrittetta·</span> <span class='ocrx_word' id='word_1_419' title='bbox 1100 4508 1132 4576; x_wconf 88' lang='lat' dir='ltr'>ci</span> <span class='ocrx_word' id='word_1_420' title='bbox 1153 4537 1182 4576; x_wconf 88' lang='lat'>».</span> 
     </span>
    </p>
   </div>
   <div class='ocr_carea' id='block_1_8' title="bbox 273 4689 1610 4849">
    <p class='ocr_par' dir='ltr' id='par_1_9' title="bbox 273 4689 1610 4849">
     <span class='ocr_line' id='line_1_41' title="bbox 307 4689 1610 4758; baseline 0.002 -12"><span class='ocrx_word' id='word_1_421' title='bbox 307 4708 337 4747; x_wconf 83' lang='lat' dir='ltr'>r.</span> <span class='ocrx_word' id='word_1_422' title='bbox 356 4693 388 4746; x_wconf 89' lang='grc'>17</span> <span class='ocrx_word' id='word_1_423' title='bbox 400 4705 463 4757; x_wconf 82' lang='lat' dir='ltr'>sqq.</span> <span class='ocrx_word' id='word_1_424' title='bbox 478 4696 663 4755; x_wconf 86' lang='lat' dir='ltr'>apparentem</span> <span class='ocrx_word' id='word_1_425' title='bbox 679 4689 766 4741; x_wconf 89' lang='lat' dir='ltr'>habet</span> <span class='ocrx_word' id='word_1_426' title='bbox 780 4690 1032 4742; x_wconf 86' lang='lat' dir='ltr'>contradictionem</span> <span class='ocrx_word' id='word_1_427' title='bbox 1046 4703 1110 4741; x_wconf 90' lang='lat' dir='ltr'>cum</span> <span class='ocrx_word' id='word_1_428' title='bbox 1125 4691 1188 4753; x_wconf 71' lang='grc' dir='ltr'>1,Ὶῖ</span> <span class='ocrx_word' id='word_1_429' title='bbox 1203 4705 1264 4757; x_wconf 84' lang='lat' dir='ltr'>sqq.</span> <span class='ocrx_word' id='word_1_430' title='bbox 1283 4691 1438 4758; x_wconf 89' lang='lat' dir='ltr'>Utrobique</span> <span class='ocrx_word' id='word_1_431' title='bbox 1453 4695 1488 4746; x_wconf 88' lang='lat' dir='ltr'>de</span> <span class='ocrx_word' id='word_1_432' title='bbox 1507 4695 1610 4748; x_wconf 85' lang='lat' dir='ltr'>iisdem</span> 
     </span>
     <span class='ocr_line' id='line_1_42' title="bbox 273 4779 1609 4849; baseline 0.001 -13"><span class='ocrx_word' id='word_1_433' title='bbox 273 4784 395 4849; x_wconf 83' lang='lat' dir='ltr'>peccatis</span> <span class='ocrx_word' id='word_1_434' title='bbox 413 4793 506 4834; x_wconf 89' lang='lat' dir='ltr'>sermo</span> <span class='ocrx_word' id='word_1_435' title='bbox 525 4793 588 4832; x_wconf 90' lang='lat' dir='ltr'>esse</span> <span class='ocrx_word' id='word_1_436' title='bbox 605 4779 728 4842; x_wconf 79' lang='lat' dir='ltr'>videtur,</span> <span class='ocrx_word' id='word_1_437' title='bbox 749 4782 778 4832; x_wconf 91' lang='lat' dir='ltr'>et</span> <span class='ocrx_word' id='word_1_438' title='bbox 801 4779 840 4830; x_wconf 91' lang='lat' dir='ltr'>ibi</span> <span class='ocrx_word' id='word_1_439' title='bbox 861 4779 1008 4831; x_wconf 83' lang='lat' dir='ltr'>atterenda</span> <span class='ocrx_word' id='word_1_440' title='bbox 1028 4779 1181 4843; x_wconf 84' lang='lat' dir='ltr'>praescribi</span> <span class='ocrx_word' id='word_1_441' title='bbox 1202 4793 1286 4846; x_wconf 88' lang='lat' dir='ltr'>capra</span> <span class='ocrx_word' id='word_1_442' title='bbox 1306 4782 1352 4833; x_wconf 88' lang='lat' dir='ltr'>vei</span> <span class='ocrx_word' id='word_1_443' title='bbox 1370 4795 1459 4848; x_wconf 78' lang='lat' dir='ltr'>agna,</span> <span class='ocrx_word' id='word_1_444' title='bbox 1476 4784 1522 4835; x_wconf 93' lang='lat' dir='ltr'>bic</span> <span class='ocrx_word' id='word_1_445' title='bbox 1539 4799 1609 4837; x_wconf 90' lang='lat' dir='ltr'>vero</span> 
     </span>
    </p>
   </div>
   <div class='ocr_carea' id='block_1_9' title="bbox 0 0 1772 5384">
    <p class='ocr_par' dir='ltr' id='par_1_10' title="bbox 0 0 1772 5384">
     <span class='ocr_line' id='line_1_43' title="bbox 0 0 1772 5384; baseline 0 4"><span class='ocrx_word' id='word_1_446' title='bbox 0 0 1772 5384; x_wconf 95' lang='lat' dir='ltr'> </span> 
     </span>
    </p>
   </div>
  </div>
 </body>
</html>
