3534 5384
1513 412 1611 457 Ex.
1659 397 1766 469 6,2
1807 411 1894 464 so.
2964 398 3033 456 71

453 571 519 616 v.
559 555 597 613 Ξ).
634 576 664 608 «
701 551 1126 635 Locutusque
1158 558 1251 611 est
1281 545 1618 612 Dominus
1650 545 1746 612 acl
1774 548 2058 634 Moysen
2090 543 2316 611 dicens
2344 566 2368 609 .·
2398 548 2550 634 qu
2583 545 2918 612 Dominus
2954 573 2983 605 »
3012 599 3029 627 ,

358 656 409 723 i.
446 679 507 723 e.
554 658 704 743 qu
733 655 959 720 Iahve.
1001 654 1255 720 Eodem
1302 653 1509 742 plane
1551 674 1751 719 sensu
1797 651 2067 718 dicebat
2104 657 2275 717 Deus
2314 658 2473 718 Gen.
2530 659 2717 734 17,1;
2776 658 2973 734 35,ss
3015 675 3030 720 :

371 791 403 824 «
447 768 588 847 Ego
619 761 694 828 El
723 760 1064 828 Schaddai
1098 787 1127 819 »
1170 760 1386 848 (ΚΛ).
1421 761 1525 825 Uti
1559 759 1658 825 ibi
1696 781 1947 825 nomen
1974 757 2291 839 traditur,
2327 780 2463 824 non
2492 764 2744 824 natura
2774 757 3034 824 descri-

360 868 575 947 bitur,
617 869 713 933 ita
757 868 964 933 etiam
1005 866 1143 933 hic.
1188 872 1436 932 Sensus
1479 887 1624 932 non
1657 871 1758 932 est
1812 888 1826 933 ε
1862 871 2004 951 Ego
2046 864 2286 930 merito
2334 887 2543 930 vocor
2591 865 2829 947 Iahve,
2866 864 3032 954 quia

361 997 515 1041 mea
539 978 790 1040 natura
826 975 973 1039 eius
1000 972 1301 1039 nominis
1344 971 1834 1061 significationi
1877 972 2081 1062 plene
2121 971 2517 1060 respondet3
2570 970 2691 1037 sed
2725 991 2851 1056 ego
2882 993 3031 1038 sum

363 1086 428 1147 et
467 1103 665 1145 vocor
695 1079 932 1159 Iahve,
980 1079 1112 1145 hoc
1149 1078 1319 1145 mihi
1370 1100 1620 1144 nomen
1662 1079 2027 1167 assumpsi,
2073 1078 2203 1144 hoc
2254 1077 2525 1143 nomine
2580 1077 2920 1166 appellari
2964 1082 3032 1144 et

362 1188 641 1273 agnosci
670 1185 849 1252 volo.
887 1208 952 1252 v.
989 1191 1026 1250 3
1066 1212 1096 1245 «
1148 1186 1283 1266 Qui
1316 1184 1619 1275 apparui
1653 1184 2036 1264 Abraham,
2068 1187 2259 1251 Isaac
2291 1198 2355 1250 ec
2382 1183 2580 1251 Iacob
2615 1184 2687 1251 in
2717 1188 2853 1250 Deo
2896 1206 3035 1250 om-

357 1294 704 1382 mpotente
758 1320 819 1358 ».
852 1291 1272 1380 praepositio
1322 1315 1361 1361 :2
1411 1291 1655 1357 excidit
1703 1291 1889 1380 apud
1941 1293 2155 1371 LXX,
2183 1313 2346 1358 sane
2386 1290 2571 1381 quod
2610 1289 3029 1380 praecedens

358 1420 613 1465 nomen
637 1401 834 1465 Iacob
869 1396 944 1464 in
975 1398 1267 1464 eandem
1297 1397 1639 1464 desineret
1665 1404 2177 1464 consonantem.
2213 1396 2392 1463 Illud
2431 1418 2470 1464 :2
2501 1397 2742 1464 referri
2780 1396 2867 1464 ad
2909 1419 3026 1463 110-

355 1527 514 1571 men
558 1527 574 1573 ε
624 1506 698 1572 in
730 1527 850 1571 seu
887 1507 1005 1571 sub
1048 1505 1363 1592 (nomine)
1418 1503 1509 1570 El
1533 1502 1919 1590 Schaclclaz',
1977 1503 2328 1589 colligitur
2364 1501 2559 1582 inde,
2606 1503 2789 1593 quod
2842 1504 2906 1570 ei
2952 1503 3023 1569 in

351 1612 665 1701 sequenti
703 1611 1014 1677 membro
1046 1633 1291 1676 nomen
1321 1610 1524 1677 Iahve
1563 1616 1984 1700 opponatur.
2025 1615 2271 1677 Sensus
2308 1610 2523 1694 igitur
2552 1616 2652 1676 est
2689 1632 2872 1692 eum,
2908 1611 3025 1699 qui

350 1739 420 1783 se
452 1740 637 1784 nunc
666 1718 870 1784 Iahve
896 1716 1228 1807 appellet,
1261 1722 1463 1783 antea
1490 1717 1865 1784 innotuisse
1882 1717 2012 1782 sub
2038 1717 2498 1806 appellatione
2524 1717 2599 1783 El
2628 1716 3016 1797 Schaddai;

351 1824 652 1891 eundem
684 1847 823 1890 esse
850 1824 1053 1890 Iahve
1071 1876 1086 1905 ,
1123 1825 1240 1913 qui
1257 1823 1333 1890 El
1350 1822 1688 1890 Schaddai
1710 1878 1724 1907 ,
1752 1846 1919 1910 ergo
1943 1823 2233 1890 eandem
2254 1823 2752 1889 auctoritatem.
2788 1826 2872 1888 At
2900 1844 3023 1888 cur

348 1951 486 1996 non
520 1930 759 1997 eodem
788 1931 992 1996 Iahve
1030 1930 1306 1996 nomine
1341 1951 1410 1996 se
1447 1931 1755 2018 patribus
1778 1931 1985 1996 etiam
2012 1927 2513 1996 manifestavit?
2541 1930 3018 2006 Quaestionem

348 2044 804 2126 praeoccupat
841 2057 1133 2126 sequens
1171 2036 1558 2103 membrum
1596 2058 1610 2103 ;
1650 2066 1678 2095 «
1714 2038 1775 2101 E
1782 2048 1806 2101 t
1836 2058 2082 2102 nomen
2112 2058 2339 2101 mcum
2371 2033 2647 2100 Adonai
2680 2064 2709 2094 ι)
2743 2074 2827 2083 -
2867 2036 3021 2121 lege

349 2142 551 2208 [alive
583 2181 670 2192 —-
705 2172 734 2203 «
786 2166 925 2208 non
959 2142 1264 2208 indicavi
1296 2145 1386 2208 cis
1414 2169 1473 2208 ›>.
1514 2146 1682 2209 Cum
1706 2142 1844 2208 illis
1872 2165 2126 2209 nomen
2152 2144 2354 2209 Iahve
2380 2141 2690 2208 nondum
2718 2140 3020 2207 indicas—

348 2270 516 2332 sem,
542 2248 715 2316 illud
736 2273 865 2339 pro
887 2249 1168 2316 nomine
1196 2248 1478 2339 proprio
1497 2249 1684 2315 nond
1696 2271 1811 2315 um
1831 2250 2340 2338 assumpsissem
2361 2302 2376 2334 ,
2396 2271 2539 2315 11011
2559 2254 2868 2337 poteram
2889 2249 3016 2314 sub

348 2376 430 2421 eo
460 2362 607 2421 tum
637 2357 916 2422 nomine
957 2379 1068 2422 eos
1105 2355 1385 2445 alloqui.
1420 2356 1629 2422 Plana
1663 2355 1900 2445 utique
1943 2355 2320 2445 responsio.
2364 2361 2446 2423 At
2473 2377 2596 2421 cur
2630 2377 2771 2421 non
2801 2355 3015 2444 patri—

347 2462 473 2528 bus
512 2462 685 2528 illud
721 2484 975 2529 nomen
1008 2461 1412 2528 indicaverit
1443 2466 1653 2529 Deus?
1696 2460 2058 2530 Rationem
2104 2485 2265 2530 erue
2309 2485 2346 2529 e
2385 2467 2703 2529 contextu
2746 2484 2899 2550 cap.
2946 2467 3011 2527 3.

345 2567 680 2646 Quamdiu
702 2569 993 2635 Hebraei
1016 2569 1323 2636 nondum
1344 2569 1617 2635 fuerant
1631 2569 1928 2659 populus
1949 2591 1989 2634 a
2004 2568 2285 2658 reliquis
2304 2569 2572 2635 Semitis
2609 2569 2967 2635 distinctus
2989 2621 3005 2649 ,

343 2679 555 2740 Deum
582 2673 861 2741 nomine
889 2676 1170 2764 proprio
1200 2674 1384 2765 apud
1412 2675 1585 2741 alios
1605 2674 1816 2740 etiam
1849 2676 2140 2741 Semitas
2168 2675 2416 2741 usitato
2434 2674 2953 2764 appellaverant
2993 2697 3005 2740 :

344 2780 416 2845 El
444 2780 808 2847 Schaddai.
843 2786 957 2863 At,
987 2781 1107 2847 ubi
1125 2781 1194 2846 in
1229 2781 1567 2872 populum
1599 2785 2071 2862 excreverant,
2110 2786 2314 2869 atque
2346 2788 2537 2848 aDeo
2565 2782 3007 2848 assumeban-

341 2891 455 2951 tur
486 2887 559 2953 in
602 2887 935 2976 populum
981 2887 1112 2976 ipsi
1147 2887 1432 2976 speciali
1469 2910 1636 2976 prae
1675 2888 1919 2954 ceteris
1955 2886 2349 2954 nationibus
2377 2888 2576 2953 titulo
2606 2889 3002 2977 proprium,

339 3014 639 3081 aequum
676 2997 823 3060 erat
868 2998 942 3059 ut
998 2998 1207 3060 Deum
1246 2993 1677 3082 appellarent
1724 3015 1860 3059 non
1892 2991 2188 3059 nomine
2238 2993 2470 3082 aliquo
2517 2993 2834 3084 propri0,
2869 3015 3005 3082 quo

334 3097 512 3165 aliae
549 3098 714 3166 item
744 3105 1016 3186 gentes»,
1048 3122 1275 3188 neque
1298 3101 1582 3166 fortasse
1614 3099 1760 3166 sine
1792 3099 2276 3189 superstitione
2306 3099 2504 3165 illum
2543 3100 2996 3189 appellarent,

337 3203 456 3271 sed
485 3206 764 3271 nomine
790 3205 1126 3272 exclusive
1168 3206 1450 3295 proprio
1470 3259 1484 3287 ,
1531 3229 1668 3295 quo
1700 3207 1934 3272 nullae
1967 3206 2141 3273 aliae
2173 3211 2528 3273 uterentur
2566 3211 2827 3291 gentes.
2871 3212 3001 3274 No-

340 3332 499 3377 men
524 3311 738 3397 igitur
773 3311 976 3378 Iahve
996 3335 1035 3378 a
1066 3317 1201 3377 Deo
1219 3313 1472 3379 dicitur
1500 3334 1758 3395 meum,
1809 3334 1947 3401 qua
1977 3312 2243 3378 ratione
2272 3311 2443 3378 alias
2474 3312 2681 3379 etiam
2712 3312 2995 3379 nomina

338 3416 643 3483 evadunt
669 3440 1119 3506 personarum
1164 3421 1477 3507 propria,
1521 3441 1614 3487 sc.
1664 3418 2103 3508 impositione
2146 3418 2257 3484 vel
2288 3418 2783 3507 assumptione3
2831 3440 2996 3506 ergo

333 3524 500 3611 quia
546 3528 720 3589 Deus
757 3523 934 3590 illud
977 3546 1234 3591 nomen
1281 3524 1415 3591 sibi
1456 3523 1851 3614 assumpsit,
1889 3546 2030 3591 non
2072 3524 2157 3590 ob
2207 3525 2735 3611 etymologicam
2780 3525 3001 3591 nomi-

339 3629 446 3695 nis
472 3631 833 3696 rationem.
872 3635 1028 3696 Erat
1052 3631 1287 3719 utique
1315 3637 1446 3697 Deo
1473 3630 1846 3717 indignum
1871 3652 2125 3697 nomen
2144 3632 2432 3718 seligere
2454 3633 2735 3698 omnino
2764 3632 2993 3714 inane,

328 3757 569 3801 sonum
597 3735 893 3817 habenS,
931 3758 1073 3803 11011
1120 3737 1718 3823 significationem.
1765 3743 1849 3803 At
1881 3759 2020 3803 non
2068 3737 2552 3826 requirebatur
2592 3759 2850 3804 nomen
2898 3737 2997 3804 di-

327 3842 563 3908 vinam
590 3843 986 3923 essentiam,
1023 3864 1233 3931 quam
1265 3844 1415 3910 fieri
1446 3848 1745 3932 poterat,
1786 3843 2079 3910 maxime
2120 3844 2397 3932 proprie
2438 3844 2845 3932 exprimens,
2881 3848 2999 3911 Ta-

330 3969 495 4013 men
532 3947 606 4013 id
651 3948 860 4015 etiam
903 3948 1422 4016 liberalissimus
1461 3957 1631 4017 Deus
1674 3949 2003 4017 Hebraeis
2043 3950 2395 4017 concessit.
2437 3954 2787 4035 ignorasse
2836 3973 2995 4017 vero

330 4052 660 4120 dicuntur
695 4060 925 4145 patres
963 4078 1103 4122 non
1142 4078 1369 4122 vocem
1411 4080 1588 4137 mm,
1631 4077 1768 4122 11011
1811 4057 1952 4122 οἰ113
1991 4057 2173 4122 vocis
2216 4057 2815 4146 siqm'fi'cationem,
2859 4058 2997 4123 sive

329 4165 546 4227 totam
583 4160 722 4227 sive
761 4161 970 4228 etiam
1009 4163 1486 4229 tantummodo
1526 4162 1939 4252 pleniorem,
1975 4162 2093 4228 sed
2141 4161 2284 4229 eius
2328 4186 2369 4231 a
2412 4168 2545 4230 Deo
2593 4163 2842 4230 factam
2881 4187 3001 4254 ap-

323 4267 872 4357 propriationem
904 4274 1259 4357 tamquam
1290 4269 1608 4336 nominis.

412 4427 899 4488 Profundiorem
941 4429 1221 4508 aliquem
1266 4448 1522 4491 sensum
1563 4448 1596 4489 e
1636 4429 1850 4490 verbis
1900 4431 2012 4489 Ex.
2046 4432 2147 4499 6,3
2185 4447 2408 4490 eruere
2455 4437 2762 4492 conantur
2812 4434 3001 4494 inter—

326 4529 540 4602 pretes
582 4524 844 4604 quidam
887 4543 901 4584 :
937 4527 1206 4587 verbum
1245 4541 1347 4594 yffi
1396 4528 1480 4587 ib.
1517 4527 1743 4588 volunt
1782 4543 1915 4587 non
1952 4527 2377 4605 cognitionem
2409 4528 2619 4588 solum
2658 4528 2992 4601 denotare,

325 4620 439 4680 sed
488 4619 859 4681 infimiorem
906 4625 1368 4702 cognitionem;
1417 4624 1815 4703 patriarchae
1858 4624 2251 4685 affirmantur
2294 4641 2422 4684 non
2472 4626 2682 4704 ipsum
2732 4629 2993 4706 quidem

326 4734 563 4778 nomen
596 4719 930 4798 proprium
956 4721 1143 4782 Iahve
1177 4722 1531 4801 ignorasse,
1561 4722 1670 4783 sed
1705 4723 1845 4800 eJ'us
1889 4721 2169 4781 nominis
2189 4722 2319 4782 vim
2344 4723 2629 4783 nondum
2676 4725 2832 4785 satis
2857 4743 2999 4804 per-

341 4833 643 4894 spexlsse.
