3534 5384
248 362 306 421 {¹16
733 376 930 421 exsecrere
952 376 984 420 nt
1007 376 1099 423 stum.

243 525 359 579 autem
372 522 470 579 senta
488 509 700 601 colleperemt
715 510 807 577 cibos
822 510 988 601 duplicet,
1000 509 1051 593 [id
1064 512 1121 599 est]
1137 510 1204 577 duo
1217 532 1337 601 pomer
1349 533 1413 601 per
1426 511 1583 602 sinpulos

243 616 418 711 [tornines]
434 648 464 685 u.
479 624 531 685 An
543 623 669 706 Moyses
682 616 771 684 illud
786 640 819 685 v.
833 625 853 685 5
867 618 998 708 populo
1014 617 1174 699 edixerit,
1192 619 1281 685 leria
1294 622 1388 685 sexta
1406 618 1581 709 duplicem

243 727 317 793 lore
327 746 486 792 annonae
496 727 631 815 copiam
646 724 897 811 colligendam,
912 724 1099 808 nescimus,
1117 746 1196 791 cum
1209 730 1243 791 ct
1257 725 1344 791 illud
1359 728 1392 793 ν.
1412 731 1431 791 t
1447 724 1491 793 de
1507 732 1582 793 ten·

242 833 372 900 tatione
391 831 535 899 siluerit.
553 830 678 909 Quodsi
693 833 796 898 etiam
813 830 882 897 hoc
897 830 1008 917 siluit,
1026 830 1121 898 haud
1137 830 1281 915 mirum,
1303 833 1474 922 populum
1490 857 1523 900 v.
1538 838 1581 899 22

243 941 404 1007 miratum
417 961 490 1006 esse
508 944 642 1007 tantam
657 937 957 1007 circumiacentem
973 936 1063 1004 feria
1077 944 1171 1005 sexte
1186 938 1320 1028 copiam
1336 960 1497 1007 mannae.
1520 945 1581 1006 Ve-

242 1068 319 1114 rum
339 1067 380 1112 ea
399 1044 500 1134 copia
513 1050 711 1135 portentum
730 1050 803 1113 crat
824 1066 894 1111 non
911 1045 1041 1125 minus,
1061 1043 1089 1111 si
1109 1044 1385 1134 praesciebatur3
1403 1068 1516 1135 neque
1537 1047 1581 1113 de

242 1151 410 1219 eiusmodi
419 1158 580 1242 portento
594 1152 700 1219 semel
712 1152 951 1242 praemonitus
968 1153 1119 1241 populus
1137 1151 1371 1219 Hebraeorum
1386 1156 1496 1219 totam
1508 1152 1581 1221 eius

242 1258 410 1325 rationem
427 1257 590 1324 continuo
611 1263 684 1326 erat
698 1262 953 1348 perspecturus.

286 1369 480 1444 Praeterea,
495 1363 575 1431 licet
586 1364 699 1454 ipsum
710 1368 908 1453 portentum
921 1366 1163 1455 praesciretur,
1180 1371 1215 1433 at
1230 1366 1303 1435 eius
1316 1364 1471 1434 nondum
1486 1366 1573 1433 ratio

239 1472 352 1538 fuerat
363 1468 530 1560 explicata
544 1470 677 1559 (Men),
694 1492 802 1560 quare
812 1471 988 1562 principes
1001 1472 1057 1562 (ci.
1072 1472 1187 1561 2228)
1203 1494 1273 1540 non
1290 1472 1443 1540 tribuum
1460 1472 1571 1541 solum

242 1578 376 1666 (Tecti,
397 1576 460 1642 scd
482 1576 587 1643 etiam
607 1575 820 1645 familiarum
845 1578 991 1667 (Bonsr.)
1015 1582 1149 1665 Moysen
1173 1579 1382 1647 adierunt«
1409 1580 1581 1646 Venerunt

240 1695 356 1751 autem
378 1705 493 1749 omnes
510 1681 690 1773 principes
707 1683 944 1751 multitudinis
962 1712 992 1768 »,
1010 1706 1097 1775 qnos
1115 1683 1322 1751 crediderim
1342 1684 1581 1753 distributioni

241 1812 365 1857 manna
376 1788 589 1879 praepositos
600 1788 718 1873 luisse,
736 1818 752 1850 ι(
764 1801 798 1856 et
809 1802 1038 1859 narraverunt
1049 1790 1163 1881 Mopsi
1177 1819 1207 1857 u.
1220 1813 1253 1857 v.
1264 1796 1306 1857 23
1323 1817 1339 1851 «
1356 1791 1425 1872 Qeti
1438 1790 1490 1858 ait
1504 1791 1550 1858 eis
1566 1814 1580 1856 .·

225 1898 311 1991 'Hoc
326 1909 372 1962 est
378 1950 389 1983 ,
403 1894 499 1986 quod
511 1896 645 1962 loerctus
656 1909 706 1963 est
717 1896 886 1963 Dominus
901 1926 916 1956 »
935 1897 980 1987 (v.
994 1896 1041 1987 5).
1055 1902 1145 1975 Quae
1160 1896 1360 1964 immediate
1374 1903 1576 1987 sequuntur,

238 2025 308 2069 non
328 2007 408 2069 sunt
429 2002 487 2069 [lei
505 2003 626 2087 verba,
645 2002 706 2092 qui
721 2025 803 2070 sane
824 2025 894 2070 non
910 2025 989 2071 usus
1005 2009 1079 2070 erat
1093 2026 1175 2071 voce
1189 2026 1280 2086 cras,
1299 2004 1360 2071 sed
1374 2009 1453 2072 sunt
1471 2005 1579 2095 ipsius

238 2108 357 2197 Moysis
379 2106 586 2198 explanatio.
608 2138 623 2170 «
637 2108 783 2199 Requies
807 2110 941 2177 sabbati
966 2110 1184 2199 sanctificata
1206 2123 1256 2177 est
1280 2110 1428 2177 Domino
1449 2134 1524 2179 cras
1546 2140 1574 2178 a.

240 2217 341 2282 Hebe.
359 2236 372 2280 .·
387 2214 637 2297 sabbatismus,
652 2216 786 2304 requies
802 2238 902 2283 sacra
918 2216 1020 2283 Indue
1039 2230 1087 2283 est
1101 2238 1185 2284 crus.
1207 2244 1222 2278 «
1243 2215 1478 2307 Quodcunque
1497 2240 1577 2309 ope-

238 2320 387 2389 randum
406 2334 469 2403 est,
482 2322 590 2410 facite
607 2349 637 2390 n.
653 2320 719 2389 Sed
742 2324 871 2391 Hebe:
892 2346 1117 2413 quaecunque
1128 2322 1306 2414 pinsenda
1317 2335 1411 2405 sunt,
1425 2323 1578 2414 pinsite:

239 2428 331 2517 quod
343 2449 425 2494 sane
440 2428 592 2517 proxime
608 2428 652 2495 ad
671 2450 799 2495 manna
813 2429 973 2498 refertur.
989 2433 1031 2495 At
1045 2452 1114 2497 non
1129 2430 1210 2497 ideo
1225 2428 1347 2513 etiam,
1363 2430 1458 2521 quod
1473 2431 1577 2498 modo

240 2535 283 2601 de
296 2533 469 2624 coquendo
485 2534 622 2617 dicitur,
640 2556 720 2602 cum
735 2534 854 2603 Dillen.
869 2535 915 2602 ad
927 2536 1040 2603 solum
1054 2558 1182 2604 manna
1197 2543 1246 2604 est
1260 2537 1499 2620 limitandum,
1515 2538 1575 2605 sed

239 2640 400 2709 scribitur
418 2640 611 2728 generatim
626 2645 660 2708 et
672 2662 751 2709 cum
769 2644 856 2709 Tost.
874 2641 978 2710 etiam
999 2644 1041 2712 de
1056 2643 1217 2711 carnibus
1229 2643 1338 2733 accipi
1358 2648 1481 2735 potest.
1502 2672 1519 2706 a
1531 2646 1577 2711 Et

239 2768 328 2837 quae
342 2748 521 2837 coquenda
535 2760 632 2826 sunt,
649 2747 798 2837 coquite.
819 2747 1000 2839 Quidquid
1013 2764 1129 2817 autem
1143 2749 1315 2841 reliqirum
1325 2750 1440 2838 suerit
1457 2778 1487 2832 »,
1505 2774 1576 2819 non

239 2878 260 2921 a
273 2856 453 2945 coquendo
470 2854 586 2943 (cat),
605 2860 643 2921 ut
659 2855 734 2922 sola
748 2854 857 2924 cruda
868 2861 1059 2938 serventur,
1079 2857 1138 2924 sed
1154 2857 1198 2924 ab
1212 2857 1346 2924 edendo
1361 2857 1448 2924 feria
1462 2864 1572 2938 sexta,

241 2961 458 3051 «reponite»
478 3000 522 3011 -
539 2960 668 3051 reliqui
682 2950 842 3034 niceni,
860 2960 909 3030 ad
925 2961 1207 3050 custodiendum·
1219 2963 1313 3053 quod
1330 2965 1410 3053 Syr.
1429 2964 1577 3054 explicat

239 3082 348 3160 antip.
360 3066 501 3157 [cipitia
517 3106 561 3119 -
579 3095 595 3130 α
612 3068 774 3155 usquein
792 3091 894 3135 mane
909 3097 941 3135 ».
961 3097 976 3131 a
993 3075 1038 3137 De
1058 3093 1115 3153 eo,
1139 3070 1234 3159 quod
1249 3070 1354 3137 hodie
1372 3069 1576 3160 paraveritis

236 3177 270 3240 et
283 3174 454 3254 coxeritis,
471 3174 574 3242 hodie
588 3174 759 3242 comedite
774 3181 942 3265 quantum
963 3198 1049 3265 opus
1065 3176 1186 3259 fuerit;
1204 3176 1375 3267 quidquid
1395 3182 1514 3244 autem
1531 3177 1576 3244 dc

238 3301 365 3347 manna
375 3282 444 3347 sive
454 3286 548 3348 cocto
555 3282 625 3347 sive
634 3281 769 3348 incocto
777 3280 997 3371 superfuerit,
1009 3282 1165 3371 reponite
1173 3283 1218 3350 ad
1229 3283 1324 3351 cibos
1333 3285 1370 3351 in
1380 3282 1472 3350 diem
1484 3304 1575 3351 cras·

237 3386 355 3453 tinam.
367 3387 531 3476 ldemque
543 3385 710 3455 iudicium
726 3393 776 3455 est
786 3387 830 3454 dc
840 3387 917 3455 aliis
931 3388 1026 3473 cibis,
1037 3389 1066 3456 si
1081 3390 1139 3480 qui
1152 3412 1208 3456 eos
1223 3390 1394 3457 haberent
1404 3418 1419 3451 »
1432 3389 1509 3481 (Syl
1534 3390 1570 3474 .).

236 3498 419 3582 Perperam
436 3497 493 3561 Ps.
511 3496 600 3575 Ion,
617 3516 738 3561 vocem
753 3518 828 3562 cras
843 3501 1003 3585 repetens
1017 3501 1076 3563 aut
1091 3496 1278 3587 supplens:
1300 3527 1315 3559 a
1337 3496 1464 3586 quibus
1476 3497 1574 3564 vobis

235 3622 310 3667 cras
324 3600 428 3668 coctis
445 3622 533 3691 opus
557 3601 638 3683 erit,
658 3624 699 3668 ea
720 3600 858 3690 coquite
878 3601 982 3669 hodie
1005 3630 1034 3670 n.
1051 3626 1084 3670 v.
1104 3608 1146 3669 22
1166 3632 1182 3666 «
1199 3606 1432 3693 Feceruntque
1452 3602 1516 3689 ita,
1536 3615 1574 3668 ut

229 3719 454 3796 praeceperat
475 3708 607 3797 Moyses
629 3734 660 3775 ».
686 3709 798 3777 Hebe..
815 3708 869 3790 id,
889 3708 982 3798 quod
1008 3710 1236 3799 praecipuum
1263 3716 1354 3792 erat,
1382 3708 1573 3778 distinctius

234 3813 329 3881 effert
345 3835 353 3881 ε
371 3827 404 3880 et
419 3827 643 3904 reposuerunt
664 3812 756 3881 illud
776 3836 887 3905 usque
909 3836 1021 3882 mane.
1042 3844 1057 3877 ι(
1075 3819 1119 3881 Et
1133 3838 1202 3882 non
1222 3812 1450 3905 computruit,
1464 3838 1573 3906 neque

235 3920 357 3987 neruus
373 3921 529 3987 inuentus
543 3920 642 3989 estin
658 3943 697 3987 eo
714 3948 745 3989 ».
761 3920 855 3989 Unde
868 3927 997 4009 Moyses
1012 3925 1225 3991 occasionem
1239 3924 1386 4012 sumpsit
1400 3923 1573 3990 inculcan-

234 4027 297 4093 dae
322 4027 410 4114 lcgis
431 4026 566 4095 sabbati
591 4050 623 4094 v.
642 4034 709 4095 25:
733 4055 749 4089 «
774 4027 940 4114 Dicitque
963 4031 1126 4119 Moyses:
1146 4029 1319 4096 Comeditc
1343 4028 1434 4097 illud
1452 4028 1571 4111 lodie,

234 4132 319 4222 quia
334 4136 514 4202 sabbatum
535 4161 550 4193 o
572 4132 672 4201 bodie
688 4163 703 4195 a
720 4147 768 4202 est
784 4134 952 4201 Deretini:
967 4158 1038 4203 uon
1057 4136 1248 4203 inuenietur
1266 4136 1369 4203 bodie
1384 4135 1421 4201 in
1435 4158 1520 4225 apro
1538 4164 1568 4200 u.

233 4241 326 4327 Erpa
339 4238 439 4307 leodic
451 4239 543 4307 nihil
555 4240 809 4309 comedendum
824 4241 962 4309 habetis
976 4247 1117 4332 praeter
1127 4242 1227 4323 illud,
1245 4242 1340 4332 quod
1351 4241 1428 4309 heri
1443 4242 1572 4309 collec-

233 4350 305 4412 tum
320 4346 422 4413 hodie
436 4348 676 4437 incorruptum
691 4354 899 4437 perseverat.
918 4371 952 4416 v„
971 4355 1012 4415 26
1030 4376 1046 4410 a
1063 4350 1132 4417 Sea
1146 4348 1262 4416 diebus
1278 4348 1445 4437 collique,
1463 4348 1500 4415 in
1515 4347 1571 4415 die

232 4464 349 4519 autem
367 4453 510 4543 septimo
527 4456 707 4521 sabbatum
721 4453 783 4542 [est
799 4454 965 4541 Dominil,
990 4454 1117 4522 idcirco
1133 4479 1201 4523 non
1217 4456 1410 4523 inuenietur
1428 4484 1443 4515 »
1462 4455 1499 4521 in
1511 4476 1567 4537 ec,

232 4559 256 4625 i.
272 4582 301 4625 e.
322 4561 358 4626 in
376 4582 473 4647 agro.
787 4618 791 4627 .

276 4689 308 4731 v.
327 4672 370 4733 27
383 4669 485 4735 Hebr.
507 4668 628 4759 incipit
646 4683 679 4738 et
689 4670 826 4758 sactum
841 4682 908 4751 est,
924 4670 962 4736 iu
982 4668 1038 4739 die
1052 4670 1214 4760 septima,
1229 4669 1321 4738 unde
1336 4670 1426 4736 clare
1439 4666 1573 4759 perspi-

233 4771 333 4859 citur,
348 4797 419 4841 non
435 4798 507 4844 esse
521 4776 700 4869 sequentia
716 4776 898 4845 referenda
914 4798 992 4845 curn
1011 4780 1097 4847 Test.
1115 4778 1159 4845 ad
1175 4779 1323 4845 alterum
1334 4776 1478 4867 aliquod
1492 4774 1569 4845 sab·
