3534 5384
719 397 767 440 nx.
792 381 861 454 t,3l
886 397 950 448 soo.
1465 383 1504 442 65

171 555 259 622 quae
274 530 582 598 direratltominus
593 530 799 620 adMopsen,
815 541 847 596 et
861 557 877 592 u
888 533 1013 617 Moyses
1024 528 1132 619 (Gai.)
1148 556 1163 590 u
1174 530 1259 618 feeit
1272 531 1373 620 siqua
1387 553 1502 598 eoram

165 637 298 729 populo
322 666 350 705 a.
379 660 411 703 v.
437 645 477 704 31
505 665 520 699 κ
546 641 591 704 Et
617 635 934 726 erediditpopulus
957 634 1265 726 audieruntque»,
1294 674 1338 688 -
1359 638 1420 705 sed
1438 662 1501 729 pro

171 759 287 812 stanti
302 747 395 811 LXX
411 758 529 810 11131111
545 757 579 809 et
592 743 794 832 parisisunt
805 780 849 792 -
861 771 877 804 u
890 741 984 832 quod
996 742 1167 808 visitasset
1179 743 1344 810 Dominus
1348 744 1442 834 filios
1451 747 1501 810 Is-

172 851 260 936 rael,
279 863 312 916 et
326 850 420 940 quod
432 849 633 940 respexisset
647 850 876 940 afflictionem
891 848 1047 934 illorum,
1060 862 1093 916 et
1101 849 1209 940 proni
1222 849 1450 918 adorauerunt
1467 881 1497 918 ».

279 1089 311 1149 2.
339 1081 467 1172 Moysis
489 1079 585 1172 apud
607 1081 822 1148 Pharaonem
847 1081 965 1147 irritus
988 1092 1133 1148 coriatus
1156 1085 1213 1147 Ex.
1241 1088 1389 1165 5,1-t‚1.

216 1319 300 1403 etr-p.
319 1355 362 1363 —
379 1314 511 1380 Pharao
525 1315 663 1380 nomine
677 1311 779 1380 lahve
797 1312 855 1380 sed
871 1313 943 1380 siue
958 1313 1076 1393 minis,
1093 1319 1132 1378 ut
1147 1314 1314 1403 populum
1334 1314 1378 1381 ad
1398 1315 1501 1383 sacri-

172 1423 289 1489 ficium
301 1421 337 1487 iu
352 1421 485 1487 deserto
501 1419 714 1487 offerendum
726 1419 893 1500 dimittat,
910 1419 1103 1508 appellatus
1117 1419 1224 1509 petita
1236 1422 1385 1510 praecise
1401 1421 1503 1489 dene·

173 1535 242 1616 gat.
266 1531 370 1594 Ratus
389 1547 530 1613 gravem
555 1527 734 1613 angariam
756 1525 1028 1592 efficacissimum
1051 1547 1122 1592 esse
1145 1525 1298 1594 civilium
1319 1528 1499 1596 turbarum

172 1631 382 1715 remedium,
403 1631 574 1722 praecipit
592 1638 630 1698 ut
644 1637 782 1720 praeter
800 1637 998 1698 consuetum
1013 1631 1168 1699 laborem
1182 1632 1297 1721 paleas
1314 1634 1418 1700 etiam
1434 1657 1499 1724 pro

171 1740 337 1810 lateribus
351 1739 417 1806 sibi
431 1738 574 1805 Hebraei
588 1737 655 1828 ipsi
672 1739 892 1827 conquirant.
912 1743 1099 1827 Praecepta
1112 1747 1238 1824 urgent
1254 1744 1426 1806 exactores
1436 1738 1502 1807 >ae-

173 1846 297 1937 gyptii,
313 1847 384 1912 imo
398 1844 527 1912 scribas
541 1844 710 1912 Hebraeos
726 1843 889 1933 operibus
904 1845 1116 1934 praepositos
1129 1866 1190 1934 pro
1204 1845 1423 1912 subditorum
1440 1847 1500 1913 de-

172 1956 262 2021 lectu
276 1952 465 2040 flagellant.
480 1950 542 2028 Qui
553 1951 708 2041 querelas
718 1951 762 2017 ad
770 1951 982 2017 Pharaonem
992 1950 1153 2018 deferunt
1162 1951 1333 2040 lloysique
1343 1953 1500 2033 irrident,

173 2060 234 2152 qui
256 2059 348 2148 apud
366 2058 466 2124 lahve
482 2057 525 2124 dc
544 2057 665 2146 populi
680 2056 778 2124 malis
796 2056 1115 2143 ingravescentibus
1137 2059 1359 2146 conqueritur
1372 2065 1406 2125 et
1424 2082 1503 2149 pro·

173 2164 333 2231 missione
349 2163 422 2253 opis
439 2161 602 2231 ferendae
622 2163 856 2230 confirmatur.

649 2383 671 2416 a.
687 2367 770 2416 Petita
785 2368 876 2416 reiecta
893 2367 939 2416 Ex.
957 2369 1030 2428 5‚1-4.

220 2549 304 2637 Cap.
325 2548 361 2614 V.
374 2551 426 2613 An
442 2545 546 2612 etiam
558 2545 706 2612 seniores
719 2547 784 2612 sint
799 2545 958 2632 ingressi,
969 2546 1012 2612 cf.
1027 2569 1116 2635 quae
1130 2546 1175 2612 ad
1190 2553 1268 2628 3,18
1283 2546 1495 2615 dicebamus

176 2677 208 2719 v.
226 2661 242 2720 1
262 2681 277 2714 a
295 2656 377 2720 Post
389 2653 472 2719 haee
488 2653 635 2741 inpressi
646 2665 725 2719 sunt
739 2655 872 2740 Moyses
885 2664 917 2718 et
930 2655 1059 2736 Aaron,
1075 2665 1106 2718 et
1121 2651 1285 2720 dixerunt
1299 2652 1477 2722 Pharaoni
1492 2676 1505 2719 .·

175 2763 267 2826 Haec
281 2758 365 2826 dicit
378 2757 541 2826 Dominus
549 2763 637 2825 Deus
651 2759 759 2825 Israel
766 2780 778 2823 .·
788 2759 930 2825 ilintate
938 2758 1107 2849 populum
1117 2782 1242 2844 meum,
1256 2772 1294 2826 ut
1303 2761 1474 2849 sacrificet
1485 2789 1501 2822 a

174 2868 325 2933 -LXX
341 2871 524 2954 ἑωρτάσωσιν
544 2903 588 2916 -
605 2894 621 2926 (ε
638 2865 724 2931 milti
740 2865 921 2932 indiserte
943 2895 971 2932 υ.
989 2889 1022 2931 v.
1040 2874 1061 2932 2
1081 2893 1096 2924 ι(
1110 2869 1156 2932 At
1171 2866 1231 2932 ille
1247 2895 1278 2950 u,
1296 2869 1409 2956 prima
1427 2869 1500 2934 vice

176 2973 319 3039 audiens
344 2994 471 3038 nomen
490 2973 610 3056 lahve,
632 2972 726 3061 quod
750 2972 786 3038 in
809 2973 874 3038 hac
898 2975 1095 3039 narratione
1115 2995 1185 3039 esse
1204 2973 1397 3059 genuinum
1414 2979 1504 3040 totus

87 3157 90 3164 ,
177 3084 352 3145 contextus
370 3079 510 3161 clamat,
527 3079 607 3145 licet
626 3077 728 3145 lectio
745 3080 837 3144 LXX
849 3078 886 3144 h.
903 3078 927 3143 l.
952 3080 994 3145 sit
1008 3078 1157 3162 incerta,
1175 3084 1209 3145 et
1224 3079 1326 3145 etiam
1338 3101 1369 3145 v.
1388 3087 1441 3148 17.
1460 3087 1500 3147 21

177 3186 268 3252 LXX
279 3200 349 3249 rum
366 3186 574 3252 mutaverint
585 3186 620 3252 in
635 3175 791 3250 1111111-
807 3213 822 3246 u
837 3184 1012 3275 respoudit
1022 3211 1034 3252 .·
1048 3185 1131 3265 Quis
1143 3198 1192 3251 est
1206 3185 1371 3252 Dominus
1385 3214 1417 3268 a,
1429 3186 1454 3252 i.
1471 3208 1502 3253 e.

179 3291 291 3372 labra,
311 3304 383 3356 «ut
404 3289 546 3357 audiam
560 3313 674 3358 uocem
692 3291 765 3358 eius
784 3317 815 3375 u,
838 3291 1032 3364 «obediam
1053 3291 1125 3358 eius
1149 3292 1311 3359 mandato
1333 3319 1349 3354 a
1369 3292 1500 3382 (Post),

180 3428 195 3460 a
215 3411 247 3464 et
266 3396 440 3465 dimittam
458 3396 586 3464 Israel?
599 3397 721 3465 Nescio
735 3397 920 3464 Dominum
934 3409 967 3463 et
983 3397 1093 3464 Israel
1101 3421 1172 3464 non
1186 3397 1361 3464 dimittam
1379 3426 1410 3466 a.
1426 3422 1459 3466 v.
1482 3405 1501 3464 3

181 3533 196 3565 a
222 3504 454 3594 Diaeruntque
476 3526 488 3569 .·
507 3508 594 3570 Detts
609 3507 841 3570 Hebraeorum
854 3504 988 3570 vocarit
1004 3527 1082 3590 nos,
1104 3517 1144 3570 ut
1158 3528 1274 3571 eamrts
1293 3508 1383 3572 ciam
1398 3505 1504 3572 trium

179 3609 313 3678 dierum
330 3611 367 3676 in
383 3610 619 3696 solitudinem,
638 3622 670 3678 et
688 3611 917 3699 sacrificemus
931 3611 1076 3678 Domino
1096 3615 1165 3678 Deo
1185 3623 1328 3679 nostro:
1350 3636 1393 3678 ne
1409 3615 1504 3702 sorte

180 3716 422 3785 accidatncbis
431 3717 540 3807 pestis
555 3729 616 3784 atrt
630 3717 768 3807 pladius
783 3744 812 3800 u,
829 3720 856 3784 si
873 3717 945 3785 eius
959 3718 1209 3805 neglexerimus
1218 3718 1433 3786 mandatum.
1452 3719 1507 3786 El-

180 3827 336 3890 tcruutur
353 3823 420 3891 duo
434 3824 525 3891 mala
540 3824 667 3914 oppido
684 3830 765 3891 nota
785 3824 974 3912 ceterisque
991 3823 1220 3908 terribiliora,
1239 3847 1387 3914 quorum
1408 3826 1504 3913 prius

179 3929 437 4020 supponebatur
450 3931 647 3998 immediate
661 3931 773 4017 infligi
787 3953 892 3998 manu
908 3933 978 4014 Dei,
994 3930 1141 3998 alterum
1156 3953 1176 3997 a
1191 3936 1256 3997 Deo
1270 3954 1332 4020 per
1347 3932 1506 3997 homines

179 4035 402 4123 infligebatur
418 4037 550 4126 (Tost.).
572 4037 765 4104 Efferuntur
780 4037 866 4103 haee
883 4037 953 4104 duo
970 4059 1033 4127 pro
1049 4037 1149 4104 malis
1168 4037 1395 4125 quibuslibet;
1414 4036 1504 4104 duae

181 4165 280 4210 voees
294 4149 373 4210 sunt
390 4167 473 4210 sono
490 4146 572 4211 satis
585 4144 714 4210 affines.
737 4145 911 4210 timentur
924 4150 1040 4210 autem
1054 4143 1140 4210 haec
1154 4144 1245 4210 mala
1262 4143 1418 4233 proxime
1434 4166 1504 4211 uon

181 4271 244 4339 pro
264 4251 443 4317 Pharaone
459 4251 513 4317 vel
532 4250 724 4340 Aegyptiis,
741 4251 823 4316 licet
847 4271 1025 4316 servorum
1049 4250 1141 4317 mala
1162 4250 1266 4316 etiam
1283 4250 1366 4340 ipsis
1387 4251 1506 4317 futura

180 4356 249 4421 sint
262 4355 484 4440 detrimento,
501 4357 563 4424 scd
576 4379 639 4446 pro
656 4356 830 4437 HebraeiS,
849 4379 998 4446 quorum
1013 4378 1095 4423 cura
1109 4356 1152 4423 sit
1166 4361 1301 4446 oportet
1319 4356 1502 4423 Pharaoni.

181 4463 218 4527 Ei
233 4462 339 4550 petita
355 4485 388 4530 v.
407 4463 631 4530 3accuratius
641 4484 745 4552 quam
758 4485 790 4529 v.
811 4470 826 4529 1
843 4462 1061 4552 explicantur
1073 4483 1081 4529 ε
1093 4485 1155 4552 pro
1166 4463 1284 4544 Israel,
1301 4464 1439 4529 nomine
1452 4463 1506 4529 illi

180 4589 403 4657 nequaquam
417 4568 537 4656 ignoto
554 4571 609 4658 (cf.
626 4591 658 4638 v.
672 4576 708 4653 23
726 4569 875 4658 uittas,
890 4570 1107 4636 substituitur
1119 4570 1228 4640 altera
1240 4569 1426 4659 appellatio
1437 4571 1506 4635 He·

182 4676 361 4742 bracarum
373 4682 433 4743 aut
443 4698 551 4765 acque
562 4681 621 4743 aut
631 4677 742 4763 magis
752 4683 844 4758 nota,
858 4698 946 4764 quae
958 4682 1032 4743 tum
1044 4677 1184 4743 fortasse
1191 4683 1327 4764 praeter
1338 4675 1506 4741 lsraelitas

183 4781 265 4848 ahos
280 4782 383 4849 ctiam
396 4783 539 4851 Semitas
551 4783 843 4872 complectebatur
853 4783 910 4872 (cf.
924 4783 967 4850 ad
976 4787 1057 4850 Gen.
1077 4784 1205 4872 10,ut);
1219 4781 1419 4872 exprimitur
1431 4803 1506 4870 spe-

586 4910 761 4949 honustatus.
779 4924 810 4935 -
826 4909 853 4948 IN
868 4909 910 4947 EX.
930 4911 960 4946 ΕΤ
976 4910 1031 4946 tsv.
1049 4923 1080 4933 ·-
1096 4902 1110 4944 5
