3534 5384
276 325 335 385 llll
723 338 835 381 uorsrs
857 336 936 381 scra
959 338 990 381 [Ν
1014 336 1159 381 ausimo.

274 478 391 541 monet
404 473 511 556 Tost,
529 494 569 539 ex
584 472 638 537 his
650 470 801 561 potuisse
814 468 959 547 indubie
975 470 1186 555 Pharaonem
1199 470 1411 559 perspicere,
1430 491 1499 537 uon
1518 470 1609 537 redi-

271 586 344 655 tum
360 578 518 645 meditari
532 570 691 670 Moysen,
706 577 766 645 sed
780 575 925 643 exodum
942 598 950 645 ε
974 598 1070 644 secus
1084 575 1164 643 satis
1186 579 1274 657 erat,
1298 575 1425 665 speciei
1444 577 1607 665 cuiusque

270 684 474 753 animalium
490 690 620 753 eertum
635 706 821 752 numerum
836 682 1020 752 abducere.
1036 687 1108 749 Non
1126 688 1199 749 erat
1213 704 1295 749 sane
1310 681 1427 749 omnia
1444 684 1609 750 animalia

269 796 356 860 [leus
367 815 431 881 pro
450 792 597 859 victimis
612 792 855 882 postulaturus.

311 922 343 965 v.
357 906 400 965 27
416 927 432 961 a
446 896 631 965 Indeercee't
645 910 759 965 antem
774 897 943 963 Doneinets
957 920 1014 965 cor
1030 896 1239 983 Pharaonis,
1256 908 1289 963 et
1303 895 1418 963 notarit
1436 896 1608 963 dimittere

266 1027 322 1071 eos
341 1033 371 1070 a.
391 1026 424 1070 v.
442 1010 484 1071 ΞΒ
504 1031 520 1066 «
538 1001 704 1093 Dixitque
723 1002 860 1071 Pharao
875 1002 925 1069 del
941 1006 1085 1092 Moysen.
1100 1024 1113 1067 .·
1128 1002 1256 1071 Recede
1272 1032 1289 1065 »
1309 1040 1352 1055 -
1371 1024 1489 1071 vocem
1510 1005 1606 1071 Sane.

269 1110 453 1203 repetit-
473 1138 490 1171 «
515 1133 537 1177 a
556 1132 610 1177 nte
625 1123 657 1177 et
672 1103 770 1191 enee,
789 1109 941 1177 neultra
961 1108 1077 1177 videos
1095 1109 1226 1198 sceiere
1245 1133 1357 1177 aream
1377 1132 1607 1201 :quocunque

269 1216 326 1282 die
343 1216 546 1307 opprimeris
564 1216 668 1298 miti,
692 1217 846 1284 retorterio
862 1241 893 1284 a.
918 1240 951 1285 v.
969 1222 1011 1283 29
1038 1244 1053 1279 n
1076 1215 1263 1306 Respondit
1277 1220 1410 1305 Moyses
1431 1240 1444 1283 .·
1461 1221 1514 1283 Ito
1527 1217 1606 1306 fiet,

269 1336 307 1390 nt
323 1323 456 1391 loeutus
472 1347 507 1390 es
522 1351 553 1389 a.
571 1326 664 1391 LXX
679 1330 814 1411 εἴρηκας.
828 1327 901 1390 Non
918 1328 1039 1391 :Recte
1050 1322 1181 1390 lecerius
1194 1345 1227 1390 es
1243 1322 1378 1413 (Chald.
1391 1323 1499 1411 Syru).
1520 1329 1607 1391 Sane

270 1453 339 1498 non
359 1434 454 1499 ruste
465 1429 621 1520 loquitur
639 1430 772 1499 Pharao
787 1436 935 1497 mortem
953 1429 1126 1497 intentans
1141 1430 1344 1520 prophetae.
1363 1458 1379 1491 a
1397 1434 1475 1499 Non
1488 1430 1606 1497 ridebo

270 1536 507 1627 retransmissa
519 1549 616 1605 tamn
633 1536 951 1607 amministrasse
969 1538 1154 1604 verborum
1169 1536 1449 1625 accipiendorum
1469 1544 1506 1604 ut
1525 1558 1607 1627 pro-

267 1644 422 1734 phetiae,
447 1665 553 1733 quam
578 1649 677 1726 1231
701 1643 823 1716 falsam
841 1642 1010 1713 exstitisse
1028 1642 1247 1713 demonstret.
1270 1648 1356 1711 Sunt
1375 1644 1436 1709 illa
1452 1646 1607 1733 proposi-

268 1756 342 1819 tum
364 1750 430 1817 viri
457 1750 544 1816 iuste
570 1748 668 1831 irati,
685 1753 719 1816 et
741 1749 1037 1837 subintelligenda
1060 1754 1110 1819 est
1133 1748 1285 1819 conditio
1310 1773 1330 1817 a
1356 1750 1430 1817 viro
1453 1750 1607 1840 sapiente

269 1878 488 1947 nequaquam
505 1855 721 1944 negligenda
736 1878 744 1923 :
759 1877 827 1923 non
845 1856 999 1939 veniam,
1017 1856 1086 1923 nisi
1103 1856 1318 1927 coudih'ones
1330 1856 1519 1947 plurimum
1531 1878 1607 1923 mu-

269 1968 401 2044 tentur;
419 1986 489 2031 non
503 1964 637 2030 veniam
651 1967 772 2052 sponte
787 1971 820 2031 et
834 1984 905 2030 uon
920 1969 1069 2031 vocatus,

553 2238 602 2279 10«
617 2236 701 2289 Plana
714 2249 720 2279 ι
733 2238 976 2291 primoeentoorum
989 2240 1119 2281 interitus
1132 2240 1179 2280 Ex.
1196 2238 1329 2287 nnn-³6.

314 2438 399 2500 Cum
422 2432 605 2521 probabile
624 2433 667 2498 sit
690 2432 843 2522 priorem
867 2432 1031 2521 cuiusque
1055 2432 1183 2499 binarii
1201 2432 1344 2523 plagam
1373 2454 1604 2523 perseverasse

272 2538 417 2606 durante
441 2538 631 2627 posteriore
649 2538 807 2607 'eiusdem
828 2538 957 2606 binarii
980 2538 1102 2627 plaga,
1127 2539 1203 2629 pari
1229 2540 1304 2606 iure
1328 2539 1488 2608 coniiciat
1511 2541 1603 2629 quie,

269 2668 396 2713 nonam
416 2647 519 2713 eliam
537 2646 678 2736 plagam
690 2645 843 2712 decimae
863 2644 1026 2712 exstitisse
1046 2645 1239 2735 aequalem.
1256 2650 1329 2713 Non
1348 2646 1417 2713 ulla
1431 2646 1539 2733 igitur
1551 2647 1606 2712 in-

268 2753 420 2819 tercessit
437 2752 496 2819 lux
513 2753 604 2819 inter
626 2758 758 2820 atroces
778 2751 855 2818 illas
875 2752 1037 2819 tenebras
1056 2752 1316 2842 luctuosamque
1337 2752 1434 2820 illam
1456 2752 1605 2820 mediam

268 2864 416 2928 noctem.
434 2859 578 2926 Hebraei
602 2881 665 2949 pro
688 2859 789 2949 epulo
813 2846 970 2948 paschali
989 2861 1060 2926 iam
1076 2865 1176 2927 antea
1199 2860 1304 2949 (123)
1325 2860 1443 2927 omnia
1462 2882 1605 2949 parave-

269 2972 364 3047 rant,
379 2965 470 3032 inter
492 2964 662 3033 decimam
677 2972 710 3033 et
729 2964 1060 3056 quartamdecimam
1085 2966 1177 3032 diem
1196 2966 1321 3032 mensis
1334 2965 1526 3033 intercessit
1543 2964 1606 3031 tri-

267 3073 377 3141 duum
398 3077 516 3156 10,22;
535 3072 721 3139 secundum
741 3076 819 3161 Sap.
837 3076 912 3150 18,1
931 3072 1092 3139 tenebrae
1108 3071 1286 3159 regionem
1308 3075 1431 3138 Gessen
1452 3094 1523 3139 non
1547 3094 1604 3138 oe-

268 3185 491 3269 cupaverant.

703 3410 727 3441 α.
745 3393 823 3454 Plaga
838 3392 1063 3442 annuntiaturus.
1080 3396 1187 3454 11‚1-10.

305 3594 435 3657 Aliquam
447 3592 540 3656 quoad
552 3606 613 3655 cap.
629 3592 657 3641 ll
670 3593 815 3655 irrepsisse
833 3598 927 3643 textus
939 3594 1147 3656 corruptionem
1161 3594 1200 3642 ita
1212 3593 1327 3643 evidens
1343 3594 1395 3651 est,
1408 3598 1438 3643 ut
1452 3594 1498 3643 vel
1510 3592 1602 3643 liiltm.

270 3682 418 3743 concedat,
435 3682 554 3732 diversis
574 3682 687 3732 statutis
710 3680 872 3731 auctoribus
901 3682 958 3732 non
984 3683 1079 3731 omnia
1103 3682 1263 3745 explanari,
1287 3680 1336 3733 sed
1362 3684 1455 3733 textus
1479 3682 1605 3740 membra

269 3772 386 3822 disiecta
403 3770 484 3822 nohis
501 3770 605 3821 olierri.
622 3770 694 3822 cum
712 3770 788 3820 euim
810 3769 889 3831 1039
908 3769 1019 3833 Moyses
1040 3772 1212 3834 protestatus
1231 3772 1280 3833 sit,
1300 3783 1330 3821 se
1351 3771 1527 3823 Pharaonem
1546 3782 1603 3821 non

268 3862 342 3911 ultra
353 3874 448 3911 coram
462 3874 525 3911 esse
536 3860 676 3919 visurum,
693 3862 787 3909 tamen
801 3858 888 3909 verba
910 3858 1002 3921 ll,l·8
1018 3872 1129 3909 rursum
1144 3861 1308 3922 pronuntiat
1327 3873 1422 3910 coram
1442 3860 1602 3919 Pharaone,

270 3950 346 4014 quod
360 3949 482 4013 produnt
494 3946 596 3999 suffixa
604 3961 632 3998 v.
647 3949 673 4008 8,
687 3953 716 3998 et
729 3960 853 4012 sequens
867 3960 896 3997 ν.
910 3948 924 3998 9
940 3948 1065 3999 reterens
1086 3948 1202 4011 Moysen
1221 3950 1316 3998 exiisse
1329 3962 1346 3998 a
1359 3948 1515 3999 Pharaone.
1530 3949 1602 4009 ll,3,

269 4040 316 4089 ubi
330 4043 428 4089 contra
445 4036 522 4101 Vutp.
539 4037 614 4087 dabit
632 4037 731 4100 legunt
750 4038 830 4086 Hebe.
848 4036 912 4085 iili
936 4036 1032 4086 Chald.
1047 4038 1108 4099 Syr.
1124 4036 1210 4097 dedit,
1227 4039 1408 4101 parenthesin
1428 4036 1527 4097 elficit,
1541 4038 1605 4087 loeo

268 4141 326 4177 non
340 4126 453 4191 quidem
468 4128 574 4190 inepto,
590 4138 769 4189 nequaquam
783 4138 851 4175 vero
866 4126 1014 4189 aptissimo
1032 4126 1177 4175 insertam.
1193 4126 1216 4175 A
1232 4126 1333 4190 quibus
1346 4127 1470 4178 tentibus
1484 4126 1602 4175 multum

266 4216 360 4267 differt
373 4218 445 4265 Sam.
463 4215 491 4265 ls
512 4228 539 4263 r.
556 4216 581 4265 3.
599 4227 649 4278 pro
670 4220 731 4299 inti
752 4212 798 4279 (ei.
814 4214 900 4277 Vulg.
921 4214 996 4297 imi)
1019 4214 1118 4276 legens
1141 4220 1240 4275 thuni,
1257 4218 1379 4278 priorem
1404 4230 1430 4265 v.
1452 4214 1466 4265 3
1489 4220 1604 4265 senten·

266 4305 335 4355 tiam
352 4304 443 4366 iungit
458 4304 578 4354 orationi
593 4304 646 4354 Del
662 4304 698 4353 ad
710 4304 827 4367 Moysen
840 4317 869 4352 v.
890 4303 899 4352 1
924 4316 980 4366 sq.;
995 4316 1080 4367 quam
1094 4304 1181 4353 missa
1194 4302 1304 4367 reliqua
1316 4316 1343 4354 v.
1360 4305 1374 4355 3
1387 4307 1467 4369 parte
1483 4304 1506 4369 (a
1524 4304 1606 4355 Fuit·

266 4406 321 4456 que
340 4391 450 4455 Moyses
471 4396 531 4442 etc..
543 4388 566 4460 ι)
580 4394 608 4443 et
624 4392 720 4443 verbis
737 4392 793 4442 nl
812 4408 824 4439 ι
842 4391 877 4441 Et
897 4392 936 4441 ait
957 4392 1067 4453 Moyses
1085 4404 1091 4441 :
1109 4390 1186 4443 Haeo
1206 4392 1273 4443 dicit
1293 4393 1430 4444 Dominus
1444 4409 1468 4454 r,
1483 4404 1541 4443 non
1559 4394 1605 4441 in-

266 4486 419 4544 terruptam
438 4480 566 4545 producit
584 4494 674 4545 usque
693 4481 729 4532 ad
750 4480 809 4530 v.7
830 4481 979 4531 inclusive.
998 4480 1136 4531 Posthaec
1160 4494 1217 4531 non
1237 4483 1326 4531 instar
1344 4483 1538 4544 parenthesis,
1554 4481 1604 4532 sed

269 4572 401 4621 continua
421 4557 582 4621 narratione
603 4570 736 4622 adscribit
754 4572 924 4620 sententiam
944 4582 970 4619 v.
989 4568 1003 4619 3
1027 4572 1160 4620 omissam
1182 4566 1204 4633 (ι
1223 4570 1342 4634 Fuitque
1362 4570 1472 4633 Moyses
1493 4577 1547 4621 ete.
1565 4569 1602 4633 ι),

270 4662 417 4726 pergitque
435 4661 479 4710 his
491 4660 603 4711 verbis:
620 4661 653 4709 Et
668 4660 739 4709 dixit
758 4660 858 4723 Moyses
874 4658 909 4707 od
928 4659 1098 4708 Pharaonem
1114 4674 1122 4709 :
1139 4661 1209 4710 llaec
1224 4661 1290 4709 dicit
1305 4660 1388 4710 lobea
1402 4674 1410 4710 :
1425 4660 1514 4710 Filius
1529 4673 1601 4709 mens

267 4752 463 4816 permanentem
477 4748 574 4800 lsrael.
590 4750 623 4799 lit
638 4749 697 4799 diei
713 4748 747 4798 od
760 4755 783 4797 te
799 4762 807 4795 .·
823 4748 931 4797 Dimitte
946 4746 1035 4811 fitium
1048 4761 1147 4809 meum,
1164 4756 1193 4798 ut
1205 4750 1335 4813 sacrificet
1350 4750 1428 4799 mihi.
1446 4750 1478 4799 Et
1493 4748 1601 4800 uoluta·
