3534 5384
746 358 796 402 ex.
820 344 912 410 3239
933 358 998 411 suo.
1479 347 1537 404 319

251 494 381 553 Quoniam
400 495 511 557 quisque
530 494 562 543 in
577 494 634 560 filio
651 508 699 545 suo
719 501 743 544 et
762 495 893 559 introire
911 508 959 545 ruo
971 497 1160 547 :constructio
1177 504 1221 547 est
1240 501 1378 548 truncata.
1401 497 1536 549 Referunt

206 584 302 646 plures
320 582 355 633 ad
373 585 440 633 ante
459 588 600 634 narratam
619 582 747 643 eaedem,
764 587 794 634 ut
813 597 914 635 sensus
933 585 970 635 sit
990 598 995 633 :
1013 584 1119 635 Otlerte
1138 584 1308 637 oblationem
1328 587 1415 639 veluti
1438 589 1535 649 expia-

204 674 319 731 toriam,
334 674 468 735 quoniam
487 670 560 723 filios
580 677 608 722 et
629 671 730 724 tratres
753 673 923 722 trucidastis.
947 672 1004 723 Sed
1023 672 1152 735 caedem,
1170 686 1243 738 quae
1262 677 1337 725 certe
1359 674 1537 739 potissimum

204 760 257 810 tuit
270 772 327 810 non
341 760 504 821 levitarum,
520 762 615 811 vocari
634 760 748 812 caedem
767 760 888 827 fitiorum
906 768 930 811 ct
951 762 1083 826 fratrum,
1098 766 1126 813 et
1145 776 1355 826 unumquemque
1375 763 1429 814 dici
1448 762 1537 813 tilium

205 862 287 899 suum
301 848 491 910 interemisse,
506 863 564 900 non
578 851 622 899 est
634 849 790 901 terendum.
804 850 910 914 Supple
927 864 933 899 :
949 851 1077 913 quonium
1091 851 1203 915 quisque
1217 865 1267 916 pro
1280 852 1337 916 filio
1350 865 1397 901 ruo
1413 860 1436 901 et
1451 852 1537 917 fratrc

206 951 253 987 suo
266 962 303 974 -
316 938 378 998 dct,·
391 936 499 989 ottenis
517 950 574 989 non
587 938 680 989 solum
696 951 747 1002 pro
767 950 799 989 se
813 940 947 1003 quisque,
964 938 1014 989 sed
1034 951 1086 1003 pro
1104 941 1224 1003 posteris
1238 942 1266 991 et
1280 940 1498 1001 contribulibus,
1514 950 1535 989 cl

207 1033 234 1075 ut
249 1026 327 1075 detur
340 1026 415 1076 votis
430 1026 508 1076 hodie
523 1027 679 1077 benedictio.
697 1027 852 1078 Videbatur
871 1027 1004 1091 sanguini
1023 1029 1203 1092 quantumvis
1222 1026 1295 1081 iuste
1315 1028 1379 1079 tuso
1393 1030 1434 1078 tot
1449 1029 1537 1081 lsrae-

205 1116 318 1165 litarum
338 1116 432 1179 aliqua
450 1114 545 1165 deberi
568 1117 703 1180 expiatlo;
716 1128 789 1180 quae
807 1117 943 1180 praestita
961 1116 1056 1167 levitis
1076 1116 1214 1167 collatura
1233 1122 1293 1169 erat
1313 1117 1537 1167 benedictionem

208 1215 258 1266 pro
273 1216 304 1253 re
317 1204 376 1267 pie,
389 1202 498 1254 tortiter
512 1206 540 1253 et
558 1217 622 1254 cum
636 1205 697 1255 zelo
714 1211 805 1268 gesta.
819 1232 855 1240 —
868 1210 897 1259 iz>
918 1206 1050 1268 ignorant
1064 1204 1129 1255 ln
1144 1205 1220 1269 Vulp.
1235 1208 1297 1269 Syr.
1315 1220 1323 1255 :
1339 1208 1435 1256 tamon
1450 1208 1539 1255 maior

208 1292 304 1342 critica
312 1292 495 1356 probabilitas
505 1294 548 1343 est
560 1305 612 1356 pro
624 1306 694 1343 voce
704 1292 859 1344 retinenda.
875 1318 907 1330 —
922 1292 997 1357 Ergo
1010 1306 1025 1343 e
1040 1306 1109 1343 voce
1123 1292 1181 1359 filio
1196 1306 1254 1345 non
1268 1295 1397 1357 sequitur
1410 1292 1536 1359 (densa),

207 1380 317 1444 aliquos
335 1383 419 1431 etiam
440 1381 540 1431 levitas
558 1394 622 1433 csse
643 1382 839 1445 interemptos,
856 1380 932 1445 quod
951 1383 1004 1432 soli
1025 1394 1041 1433 e
1060 1382 1135 1432 tribu
1154 1382 1223 1433 Levi
1242 1383 1300 1433 nati
1320 1383 1468 1433 levitarum
1490 1383 1538 1431 tilii

207 1471 429 1533 vocatisqueant.
444 1469 543 1533 Neque
555 1470 677 1533 idipsum
696 1472 824 1535 sequitur
837 1484 854 1521 e
868 1471 950 1521 Deut.
968 1470 1031 1531 ti,8
1051 1484 1107 1535 sq,
1123 1472 1171 1535 qui
1190 1472 1268 1523 locus
1287 1472 1397 1534 poetica
1417 1471 1539 1522 dictioni¹

208 1558 323 1621 repetit,
341 1558 416 1621 quod
437 1558 488 1608 Ex.
511 1558 592 1619 sati
617 1559 770 1610 dicebatur.
793 1558 847 1619 Qui
868 1560 892 1608 si
917 1559 1053 1609 literatius
1075 1560 1238 1623 accipiatur,
1255 1560 1464 1611 concedendum
1489 1563 1539 1609 erit

208 1646 318 1710 aliquas
332 1648 418 1697 etiam
431 1653 560 1697 metreta
575 1648 668 1698 levitis
677 1660 740 1698 esse
753 1648 869 1698 occisas.
883 1648 919 1697 nt
933 1647 968 1697 de
979 1647 1127 1699 mulierum
1142 1648 1227 1699 caede
1239 1648 1310 1699 nihil
1325 1661 1377 1699 nos
1391 1648 1443 1699 Ex.
1458 1648 1538 1708 iistis)

210 1734 317 1785 edocet.

245 1822 404 1875 Secundum
428 1822 523 1875 datam
546 1825 762 1889 explicationem
785 1825 951 1889 perspicies,
973 1824 1114 1888 quomodo
1139 1823 1199 1875 fieri
1222 1826 1357 1889 potuerit,
1380 1832 1410 1875 ut
1433 1826 1538 1875 nullam

209 1913 360 1976 specialem
381 1925 502 1976 poenam
523 1915 618 1964 tulerit
635 1914 743 1975 Aaron,
759 1926 818 1963 non
839 1915 876 1963 sit
895 1912 1061 1977 pontificatu
1080 1912 1221 1963 exclusus.
1243 1912 1330 1963 Erant
1350 1926 1462 1964 reorum
1485 1918 1539 1963 tros

211 2002 336 2053 classes:
351 1998 459 2066 antiqui
479 2001 587 2052 ordinis
609 2001 769 2054 sacerdotes
790 2001 936 2052 seditionis
955 2004 1097 2062 auctores,
1113 2002 1161 2065 qut
1180 2006 1269 2053 morte
1293 2003 1369 2065 plexi
1391 2007 1471 2062 sunt;
1487 2016 1539 2065 po-

210 2091 306 2153 pulus,
320 2091 366 2141 eui
386 2092 470 2142 venia
488 2104 638 2151 concessa,·
651 2088 754 2143 levitae
772 2091 882 2154 reliquo
903 2091 1008 2154 populo
1029 2091 1113 2141 etiam
1135 2091 1228 2141 minus
1251 2093 1361 2153 sontes,
1377 2104 1440 2141 cum
1465 2092 1539 2155 quod

210 2178 273 2229 ficte
291 2179 382 2229 solum
401 2184 429 2229 et
447 2180 528 2229 inviti
548 2180 742 2243 superstitioni
760 2178 1002 2243 participaverint,
1019 2180 1078 2228 tum
1098 2179 1172 2243 quod
1192 2181 1293 2230 ceteris
1312 2180 1394 2229 citius
1412 2181 1538 2243 resipue-

210 2269 273 2317 rint.
293 2266 400 2318 Horum
420 2268 515 2318 Aaron
531 2268 592 2318 erat
610 2269 706 2332 utique
726 2281 760 2319 eo
780 2269 872 2330 magis
891 2280 970 2329 reus,
987 2266 1062 2331 quod
1081 2268 1200 2317 vitulum
1220 2268 1280 2333 ipse
1300 2266 1477 2329 conflaverit,
1492 2283 1539 2317 so-

211 2356 382 2407 lemnitatem
400 2356 532 2407 indixerit
546 2370 553 2405 :
567 2368 665 2407 verum
684 2355 711 2406 id
730 2360 827 2420 egerat
841 2356 960 2407 consilio
975 2355 1211 2407 restituendorum
1225 2356 1338 2408 tandem
1358 2368 1408 2421 per
1426 2356 1539 2407 traudcs

210 2450 238 2494 et
252 2444 353 2496 caedes
371 2444 459 2495 lehve
479 2456 632 2495 sacrorum.
649 2443 725 2509 Ergo
744 2444 785 2494 illl
805 2448 837 2495 ut
855 2446 957 2495 ceteris
977 2444 1130 2497 liberaliter
1148 2446 1244 2495 omnia
1262 2445 1432 2497 condonavit
1452 2446 1537 2497 Deus,

210 2531 340 2584 Ceterum
354 2533 387 2584 ct.
401 2546 474 2597 quae
485 2533 610 2584 dicemus
624 2533 659 2586 de
674 2534 794 2584 Aaronts
809 2546 903 2597 poena
917 2534 946 2582 in
961 2546 1030 2584 nece
1045 2532 1165 2584 liliorum
1180 2532 1248 2585 Lev.
1266 2534 1308 2584 lu.

428 2750 459 2811 le.
486 2742 616 2833 Moysis
638 2742 844 2833 stmplc'cctio
868 2744 1059 2810 alteratis.
1088 2748 1324 2827 anau-eali.

253 2942 338 3027 Arp.
359 2976 405 2987 -
426 2943 567 3026 Moyses,
590 2945 629 3007 ut
651 2944 711 3005 aut
729 2937 833 3029 plena
855 2938 986 3029 populo
1010 2938 1111 3005 venia
1133 2937 1343 3007 concedetur
1362 2942 1421 3005 aut
1435 2938 1539 3027 ipsee

208 3044 295 3111 vv‘vis
308 3044 460 3125 tollatur,
477 3044 620 3131 flagitat.
637 3048 826 3135 Utrumque
841 3049 928 3111 Deus
943 3045 1094 3132 denegat
1112 3046 1277 3135 primum,
1299 3043 1358 3111 sed
1377 3066 1455 3111 mox
1468 3066 1538 3111 nou

209 3154 350 3239 rogatus
367 3150 539 3230 coneedit,
559 3155 597 3217 ut
622 3150 772 3241 populus
790 3172 853 3242 per
872 3150 1037 3238 angelum
1057 3150 1243 3217 interram
1261 3155 1415 3218 sanctam
1433 3150 1539 3218 intro-

209 3258 373 3339 ducatur3
398 3278 506 3323 unum
529 3256 695 3343 denegat,
719 3280 754 3325 se
777 3256 815 3324 in
835 3256 951 3324 medio
971 3257 1093 3349 populi
1114 3256 1263 3344 gratiose
1283 3257 1536 3340 habitaturum,

208 3364 356 3453 ideoque
378 3363 415 3429 in
432 3384 473 3430 eo
487 3364 680 3430 sanctuario
700 3364 841 3453 speciali
862 3364 956 3431 cult-u
980 3364 1054 3432 iore
1079 3363 1335 3446 honorandum,
1354 3364 1447 3455 quod
1465 3365 1538 3455 ipsc

210 3492 286 3560 cap.
310 3475 415 3538 25-29
433 3476 610 3559 tamquam
631 3470 777 3537 electam
799 3492 880 3537 suae
907 3470 1120 3559 praesentiae
1146 3469 1264 3537 sedem
1289 3476 1538 3560 praemonstra-

209 3582 316 3643 verat.
333 3576 484 3666 Populus
497 3576 536 3643 in
549 3576 688 3663 signum
705 3575 818 3643 luctus
831 3576 1000 3663 lugubres
1020 3575 1135 3662 induit
1150 3581 1272 3659 vestes3
1290 3580 1430 3664 Moyses,
1448 3578 1537 3667 quod

210 3688 377 3767 tumeret,
390 3684 664 3772 praemosaicum
678 3682 942 3750 tabernaculum
950 3688 1046 3750 extra
1054 3688 1164 3750 eastra
1175 3683 1337 3751 transfert
1350 3684 1385 3749 in
1400 3683 1538 3769 signum

210 3789 344 3857 ablatae
376 3812 394 3857 e
425 3788 538 3856 medio
559 3787 688 3879 populo
711 3788 847 3855 divinae
876 3790 1102 3879 praesentiae.
1126 3792 1172 3855 Ea
1197 3812 1278 3857 vero
1305 3789 1416 3856 luctus
1439 3789 1537 3877 signa

210 3895 414 3987 supplicatio
428 3894 532 3962 simul
557 3898 638 3961 sunt
656 3916 727 3962 non
746 3896 862 3961 verbis
883 3895 943 3962 sed
964 3896 1062 3963 factis
1085 3917 1259 3984 expressa,
1275 3900 1313 3961 ut
1334 3900 1421 3962 [teus
1441 3918 1534 3963 suani

208 4003 336 4094 populo
349 4001 472 4069 reddat
485 4001 728 4091 praesentiam.
745 4006 833 4069 Deus
847 4024 952 4091 porro
968 4002 1123 4069 animum
1138 3999 1332 4069 adveniam
1348 4001 1536 4069 conceden-

209 4110 289 4177 dam
316 4130 464 4198 pronum
485 4129 525 4174 eo
545 4105 677 4198 prodit,
699 4107 794 4197 quod
821 4109 858 4174 in
886 4108 1108 4175 tabernaculo
1131 4114 1225 4175 extra
1244 4112 1353 4174 castra
1373 4108 1536 4175 collocato

208 4237 286 4283 cum
301 4220 409 4302 Moyse
424 4214 598 4281 mediante
614 4213 775 4281 columna
788 4215 984 4282 conversari
1003 4237 1072 4281 non
1087 4214 1238 4283 desistet.

253 4344 285 4389 v.
306 4326 348 4387 30
370 4346 386 4381 «
406 4322 508 4387 Furto
528 4331 643 4386 cratem
662 4319 769 4387 altero
787 4319 844 4387 dte
866 4350 900 4402 n,
924 4343 968 4387 sc.
992 4320 1046 4389 die
1066 4327 1141 4411 post
1169 4321 1353 4388 contritum
1373 4321 1533 4404 vitulum,

211 4455 227 4489 n
247 4427 379 4494 locutus
393 4438 442 4493 est
458 4428 592 4517 Moyses
606 4424 654 4491 ad
663 4426 833 4517 populum
853 4450 866 4493 .·
881 4427 1050 4494 Perrasiis·
1061 4440 1241 4517 [recentum
1257 4427 1467 4514 maximnm}
1482 4456 1536 4496 crs-

210 4532 354 4602 ccnrlum
374 4536 421 4599 act
436 4532 622 4599 Dominum
639 4562 674 4616 n,
691 4572 735 4583 -
754 4535 846 4601 LXX
865 4538 992 4615 Dertnc,
1011 4534 1115 4601 veluti
1136 4536 1164 4601 si
1189 4539 1316 4621 Moyses
1333 4557 1461 4602 nomen
1479 4537 1536 4602 Dei

209 4640 357 4708 foederis
370 4662 439 4707 non
454 4660 555 4707 ausus
578 4639 621 4707 sit
637 4640 828 4729 appellare,
851 4646 1036 4730 postquam
1054 4639 1205 4731 populus
1221 4640 1359 4709 foedere
1380 4649 1450 4708 tam
1472 4644 1534 4707 mi-

211 4769 284 4815 sere
299 4747 455 4834 neglecto
469 4750 536 4813 ileo
550 4746 602 4813 ius
620 4745 763 4813 dederat
781 4746 960 4813 revocandi
976 4746 1123 4813 foederis
1139 4784 1181 4797 -
1198 4774 1214 4809 α
1231 4746 1263 4813 si
1276 4746 1447 4835 quomodo
1461 4752 1535 4837 qui-
