3534 5384
726 381 779 424 ·sx.
803 365 874 436 4,ἳὸ
898 381 944 432 sc.
1466 365 1504 426 63

170 512 364 580 dendorum
384 533 503 578 manus
522 549 566 562 -
584 541 598 570 α
624 525 657 578 ct
673 511 889 578 circumcidit
906 513 1130 603 praeputium
1147 513 1217 603 filii
1232 515 1299 597 sici,
1321 515 1502 604 tctipitqiic
1572 536 1575 538 ’

162 619 269 708 pedes
288 617 361 683 eius
376 646 405 685 o.
427 618 625 685 Subiectum
641 619 738 685 verbi
752 618 911 686 feminini
923 634 996 686 uini
1018 619 1173 709 plerique
1188 621 1401 709 interpretati
1424 628 1504 688 suut

171 726 373 814 Sephoram.
386 728 537 806 Verum,
551 725 645 792 cuius
653 724 756 814 pedes
766 725 826 791 illa
842 725 979 813 attigit?
998 727 1068 805 Dei,
1084 726 1198 815 inquit
1215 727 1337 794 Chald.
1353 727 1501 794 :obtulit

171 855 284 900 coram
298 855 352 914 eo,
375 829 559 898 oblationis
578 832 699 898 instar.
722 831 756 898 Si
774 830 991 918 intelligatur
1006 831 1136 898 oblatio
1155 854 1268 912 sacra,
1287 856 1328 900 ea
1348 839 1438 902 certe
1456 834 1500 901 ad

171 938 350 1005 mulierem
374 959 442 1004 non
465 938 659 1026 spectabat,
683 960 793 1027 neque
818 938 944 1005 mulier
966 960 1051 1006 ausa
1070 944 1155 1005 esset
1166 947 1345 1029 praesente
1362 940 1503 1007 numine

170 1045 266 1112 illam
281 1066 460 1135 peragere.
482 1045 615 1133 Spmm.
631 1043 753 1112 Tlicoit.
771 1045 836 1134 riq.
851 1047 931 1132 Syr.
951 1044 1195 1135 :apprehendit
1204 1045 1311 1136 proles
1323 1046 1396 1112 cius
1405 1067 1420 1128 ;
1434 1047 1504 1112 imo

171 1153 262 1218 LXX
272 1149 425 1240 procidit
435 1149 483 1215 od
492 1149 599 1240 pedes·
627 1149 711 1217 citis,
726 1155 841 1240 Neque
857 1133 1052 1240 suppdnere
1070 1174 1205 1219 necesse
1224 1158 1290 1234 est,
1312 1153 1376 1219 hos
1393 1175 1503 1241 punc-

171 1264 259 1325 tasse
280 1256 377 1324 verbi
392 1272 443 1324 itii
460 1256 519 1323 kal
535 1278 597 1346 pro
609 1257 722 1346 hiphil
737 1259 881 1344 (Momr.
902 1256 1060 1346 cteta),
1078 1280 1156 1325 cum
1175 1258 1279 1325 ctiam
1296 1258 1406 1347 hiphil
1429 1268 1504 1325 sen*

171 1386 246 1432 sum
266 1363 325 1430 kal
346 1364 468 1430 induat
483 1363 539 1452 (cl.
562 1369 595 1429 2.
614 1367 690 1429 Par.
714 1363 806 1452 3,11)
823 1376 981 1454 mopere,
998 1364 1262 1454 apprchendere.
1282 1369 1502 1455 Quocumque

171 1471 274 1537 modo
293 1476 419 1553 vertas,
437 1469 589 1556 gratuito
602 1491 786 1558 suppones,
804 1476 837 1536 et
851 1475 959 1536 Deum
970 1471 1083 1537 forma
1096 1471 1249 1539 humana
1261 1471 1391 1562 (pedes)
1406 1493 1505 1562 prae-

170 1581 298 1644 sentem
319 1575 500 1660 adstitisse,
520 1584 553 1643 et
572 1576 754 1642 mulierem
777 1597 893 1643 ausam
916 1599 987 1644 esse
1011 1578 1066 1644 uei
1085 1579 1274 1667 praesentis
1296 1578 1399 1668 pedes
1425 1591 1505 1644 tuii-

170 1705 268 1772 pere,
284 1704 362 1749 cum
377 1683 448 1748 eius
467 1682 542 1748 aeri
558 1682 717 1748 homines
735 1683 932 1771 putaverint
951 1683 1006 1750 vel
1021 1683 1132 1750 solum
1154 1685 1213 1751 [tei
1232 1685 1430 1777 apparentis
1453 1707 1505 1752 as-

171 1797 309 1879 pectum
338 1811 407 1856 esse
429 1788 607 1856 lethalem.
630 1787 731 1855 Cuius
751 1789 860 1874 igitur
880 1788 985 1879 pedes
1008 1789 1125 1876 attigit
1150 1788 1298 1859 mulier?
1314 1813 1358 1858 aii
1383 1792 1505 1880 pueri?

171 1918 216 1962 en
231 1895 368 1982 Moysis?
382 1894 526 1962 adverte
547 1895 693 1961 [ormam
711 1893 807 1962 verbi
825 1895 984 1962 seminini
999 1897 1103 1963 etiam
1120 1897 1239 1962 reterri
1254 1919 1352 1986 posse
1378 1897 1424 1964 ad
1443 1919 1505 1964 no-

171 2023 250 2068 men
265 2001 471 2069 femininum
482 1989 561 2068 ibit
574 2001 773 2068 immediate
784 2000 995 2090 praecedens
1016 2023 1024 2070 :
1040 2007 1074 2069 et
1086 2003 1306 2092 praeputium
1321 2005 1435 2090 tetigit
1449 2027 1507 2093 pe-

171 2108 231 2175 des
248 2109 337 2190 eius,
354 2130 400 2176 sc.
428 2107 508 2188 lilii,
532 2128 614 2175 nam
633 2128 674 2174 ea
692 2130 756 2174 vox
774 2106 974 2176 immediate
1000 2107 1189 2199 praecedit.
1209 2113 1389 2176 Resectum
1403 2133 1504 2199 prae-

170 2215 306 2304 putium
331 2236 401 2282 non
423 2213 563 2304 quidem
587 2213 662 2303 ipsa
686 2243 700 2275 i
723 2215 821 2281 humi
839 2222 919 2282 ante
947 2221 1081 2302 Moysen
1103 2217 1247 2305 proiecit
1268 2244 1283 2276 »
1304 2216 1423 2304 (rii),
1446 2217 1504 2283 sed

172 2343 251 2388 casu
265 2321 352 2387 illud
367 2319 473 2409 ipsius
493 2321 635 2388 infantis
648 2320 752 2410 pedes
766 2321 879 2407 attigit
890 2320 1093 2389 ettoedavit.
1107 2323 1203 2400 Quod
1222 2323 1250 2387 si
1265 2321 1400 2405 accidit,
1410 2323 1506 2390 haud

172 2429 298 2494 mirum
321 2426 500 2494 mulierem
525 2426 764 2494 Madianitiden
783 2427 820 2493 id
843 2449 917 2494 rem
933 2427 1069 2516 pessimi
1089 2427 1214 2494 ominis
1234 2435 1422 2517 reputasse.
1441 2437 1506 2496 Au·

172 2533 290 2601 dacius
304 2533 410 2623 aliqui
423 2532 517 2624 apud
532 2531 637 2600 Molo.
654 2533 874 2602 :vulneravit
884 2535 1081 2602 membrum
1097 2534 1247 2621 genitale
1260 2535 1371 2625 pueri.
1389 2536 1505 2602 Attin·

171 2664 250 2730 qcrc
263 2663 334 2707 non
348 2645 396 2707 est
410 2639 607 2722 vulnerare,
623 2646 657 2706 et
676 2640 749 2707 sola
764 2663 827 2708 vox
839 2639 947 2730 pedes
961 2641 1007 2708 ad
1026 2641 1221 2708 membrum
1240 2642 1394 2728 genitale
1413 2642 1507 2710 desi-

172 2748 351 2835 gnandum
365 2767 535 2836 nusquam
550 2746 746 2814 adhibetur.

218 2881 234 2915 ii
255 2856 299 2920 m
311 2853 362 2919 eit
377 2875 390 2918 .·
407 2855 557 2943 Sponsus
574 2853 783 2942 scriptorium
803 2864 840 2919 tii
862 2853 999 2919 mihies
1020 2881 1051 2918 ».
1071 2858 1264 2943 Antequam
1283 2855 1350 2920 hoc
1366 2854 1504 2920 effatum

172 2961 421 3052 perobscurum
431 2959 673 3051 explicandum
686 2958 945 3047 aggrediamur,
958 2964 1135 3050 sequentes
1149 2981 1251 3026 voces
1263 2960 1484 3028 discutiemus
1497 2984 1504 3027 :

171 3088 204 3134 v.
230 3073 272 3132 26
300 3093 316 3127 ii
338 3068 383 3132 m
405 3065 537 3133 dimisit
557 3087 650 3147 eum,
673 3077 856 3155 postquem
882 3066 1019 3132 diceret
1040 3066 1219 3155 :Sponsus
1235 3065 1448 3153 caespiticium
1467 3069 1506 3133 ob

172 3173 512 3240 circumcisionem».
528 3177 612 3241 Cum
636 3178 692 3239 Ex.
712 3178 790 3254 183
803 3172 956 3261 Sephora
967 3172 1250 3262 deprehendatur
1267 3173 1303 3240 h.
1320 3172 1345 3240 l.
1362 3178 1506 3260 aMoysc

172 3301 244 3346 esse
259 3277 417 3362 dimisse,
433 3284 524 3346 recte
543 3301 623 3345 eum
637 3278 719 3347 huic
735 3278 842 3345 textui
855 3300 992 3346 sensum
1011 3279 1237 3363 sufficiemuS,
1262 3277 1451 3346 dummodo
1470 3279 1505 3345 id

172 3385 287 3452 ferant
310 3385 536 3473 grammatica
559 3391 592 3451 et
617 3391 803 3452 contextus.
830 3391 938 3463 Quare
969 3407 1039 3450 non
1064 3385 1178 3474 placet
1203 3386 1396 3475 explanatio
1418 3388 1509 3452 LXX

172 3493 318 3581 uriyeliis
337 3491 485 3576 recessit,
500 3511 559 3558 seu
577 3493 680 3574 Tost,
703 3491 775 3559 Cui.
794 3491 983 3557 :Dominus
1007 3489 1137 3558 dimisit
1162 3495 1293 3579 Moysen
1308 3544 1315 3572 ,
1332 3492 1507 3559 demulsus

173 3597 238 3664 lilii
264 3599 520 3665 circumcisione
546 3619 615 3664 non
643 3599 712 3664 iam
734 3597 766 3665 ei
787 3619 907 3664 necem
932 3597 1064 3664 intulit.
1091 3597 1151 3664 aui
1172 3598 1406 3688 explanationi
1418 3597 1505 3666 illud

174 3705 275 3772 etiam
301 3711 490 3794 repugnat,
512 3703 610 3770 verbi
630 3717 692 3769 uni
711 3705 890 3794 propriam
909 3703 1195 3789 significationem
1218 3725 1289 3770 esse
1309 3704 1427 3770 enimc
1448 3703 1507 3770 de-

169 3813 287 3900 ficerc,
312 3810 460 3900 (moniis)
474 3809 647 3898 pendulos
669 3833 800 3898 perere,
816 3832 905 3900 quae
929 3831 999 3876 non
1020 3810 1180 3878 videatur
1196 3814 1262 3876 Deo
1283 3811 1365 3877 satis
1386 3810 1503 3897 digna.

174 3918 290 3984 Melius
304 3917 405 3984 Priiil.
419 3919 587 4005 Biirpciir.
604 3921 754 4004 :Moyses
769 3916 900 3983 dimisit
914 3916 1044 3998 filium,
1063 3922 1096 3982 ct
1111 3938 1190 3983 cum
1204 3916 1279 3983 filio
1298 3917 1417 4005 utique
1432 3938 1507 3983 ma-

174 4031 278 4106 trem,
302 4031 394 4092 ratus
410 4045 491 4090 sane
507 4022 666 4112 specialis
678 4023 815 4092 divinae
833 4023 1002 4090 missionis
1020 4023 1149 4090 socium
1165 4044 1237 4089 non
1248 4045 1319 4090 esse
1335 4045 1507 4090 assumen-

172 4130 258 4197 dum
280 4130 391 4196 filium
413 4130 449 4196 in
470 4129 726 4212 circumcisione
745 4130 932 4199 foedatum.
959 4135 998 4196 Mt
1015 4151 1157 4219 reapse,
1184 4129 1297 4195 virum
1328 4130 1506 4217 egregium

173 4245 248 4306 tum
269 4236 385 4304 adhuc
407 4236 580 4303 laborasse
603 4237 765 4326 populari
790 4235 909 4325 aliqua
930 4235 1190 4326 superstitione,
1212 4257 1282 4303 non
1302 4241 1352 4302 est
1367 4237 1506 4303 omnino

175 4343 351 4411 absonum.
377 4343 595 4410 Commodius
618 4349 733 4410 tamen
758 4344 855 4412 Sem.
878 4349 1035 4429 :Moyses
1056 4341 1188 4408 dimisit
1212 4365 1300 4410 eom.
1320 4343 1386 4410 Sed
1406 4343 1506 4410 lectio

173 4472 243 4517 non
274 4449 378 4516 habet
398 4450 625 4518 sufficientem
649 4449 801 4516 criticam
823 4449 1079 4528 auctoritatem,
1110 4456 1144 4516 et
1165 4471 1301 4517 rursum
1321 4449 1425 4536 Moysi
1445 4449 1506 4516 tri-

174 4557 290 4624 buitur
307 4557 511 4645 superstitio.
530 4561 618 4644 Ergo
631 4556 754 4623 melius
772 4560 875 4645 iiim,
893 4559 988 4645 Lym,
1010 4556 1075 4639 Se,
1096 4558 1185 4636 Est,
1208 4555 1313 4623 Gord.
1331 4578 1344 4622 .·
1358 4557 1507 4646 Sephora

172 4662 304 4730 dimisit
321 4667 470 4752 Moysen,
489 4662 533 4730 ab
550 4663 756 4761 coracessii,
774 4670 907 4730 nonest
925 4684 1008 4729 ausa
1029 4685 1111 4729 cum
1126 4684 1166 4729 eo
1186 4663 1393 4752 procedere,
1409 4662 1506 4728 illuin

176 4775 241 4838 ceo
256 4792 325 4838 esse
345 4791 482 4838 exosum
500 4773 590 4853 rata;
611 4792 749 4838 reversa
773 4774 821 4836 est
837 4770 881 4837 ad
901 4775 1050 4859 patrem.
1072 4773 1143 4836 Una
1160 4768 1240 4836 huic
1256 4775 1328 4836 tam
1345 4768 1506 4837 facilior-
