3534 5384
260 394 279 450 t
822 403 1033 448 mraonucrro.

258 539 293 606 Si
311 540 485 628 inquiras,
507 537 699 606 cuiusmodi
718 538 848 604 fuerint
867 537 929 604 illa
946 559 1059 619 saera,
1081 536 1193 604 dicam
1207 537 1310 604 fuisse
1329 559 1412 605 sane
1425 537 1592 619 adinstar

258 667 434 713 sacrorum
449 646 628 732 religionis
642 643 839 734 primitivae
857 651 891 711 et
902 643 1178 734 patriarcharum
1189 696 1196 721 ‚
1208 644 1403 712 sacerdotes
1421 645 1591 735 imprimis

258 752 359 819 fuisse
375 751 566 818 sacerdotes
580 751 768 818 secerndnm
781 750 938 817 ordinem
951 749 1213 817 Melchisedech.
1230 749 1317 828 Quid
1333 750 1462 818 laetum
1477 758 1528 818 est
1546 751 1589 818 de

257 858 325 925 illis
351 856 602 940 sacerdotibus,
625 856 764 947 quando
785 862 912 946 lloyses
930 856 1160 924 sacerdotium
1185 856 1361 924 transtulit
1384 857 1421 924 in
1448 856 1588 926 domum

257 967 390 1034 Aaron?
403 970 455 1032 An
470 965 610 1030 illitum
631 963 825 1032 sacerdotio
841 963 968 1053 privati
983 965 1082 1030 sunt?
1095 964 1211 1030 Merito
1226 963 1430 1042 conieceris,
1446 963 1523 1031 illos
1538 987 1590 1031 re-

256 1061 443 1162 pugnasse,
460 1071 580 1139 turhas
601 1069 781 1151 excitasse,
799 1076 899 1137 erant
915 1071 1098 1137 seditiones
1116 1071 1208 1136 inter
1228 1070 1397 1136 Hebraeos
1419 1073 1493 1137 aevi
1513 1093 1589 1137 mo·

255 1178 337 1245 saici
356 1178 488 1245 nonita
507 1178 756 1266 infrequentes.
774 1175 900 1256 Quodsi
920 1199 1001 1243 vero
1020 1176 1070 1242 illi
1089 1177 1280 1243 sacerdotes
1295 1199 1413 1244 omnes
1431 1177 1589 1244 lubentes

255 1291 494 1374 supponantur
512 1285 603 1374 passi
619 1305 691 1350 esse
706 1305 741 1350 se
754 1283 791 1349 iu
806 1277 973 1350 laicorum
986 1282 1143 1350 ordinem
1157 1282 1285 1370 redigi,
1299 1283 1493 1372 exemplum
1510 1306 1589 1373 pro-

255 1391 344 1457 tecto
358 1389 482 1457 dedere
497 1390 634 1480 pietatis
649 1387 812 1456 omnihus
826 1389 951 1456 futuris
963 1389 1105 1456 saeculis
1123 1388 1351 1456 celebrandae
1371 1411 1378 1458 :
1399 1395 1434 1456 at
1451 1389 1530 1457 silet
1543 1389 1587 1457 de

255 1519 374 1564 eorum
389 1496 551 1563 laudibus
566 1497 827 1578 Pentateuehus,
843 1495 923 1565 silet
937 1500 1049 1576 losue,
1062 1496 1138 1563 silet
1152 1495 1253 1562 Eccli.
1272 1500 1335 1562 Eos
1348 1496 1539 1564 sacerdotes
1551 1497 1587 1563 in

253 1625 331 1671 eam
343 1602 526 1670 sacerdotii
539 1603 799 1669 translationem
814 1602 975 1669 lubentes
989 1603 1216 1692 conspirasse,
1228 1602 1266 1670 id
1278 1623 1416 1669 omnem
1433 1603 1587 1693 prolecto

253 1711 442 1778 humanam
473 1709 605 1776 excedit
631 1709 792 1798 pietatem
820 1715 924 1798 atque
948 1708 1163 1798 patientiam.
1185 1709 1308 1787 Quodsi
1335 1715 1453 1776 tamen
1484 1711 1519 1775 in
1546 1732 1587 1776 ea

252 1816 478 1883 translatione
500 1816 597 1883 nulla
619 1836 740 1882 eorum
762 1815 965 1882 exaudiatur
989 1837 1068 1898 vox,
1090 1815 1251 1906 querelae
1276 1817 1407 1897 nullae,
1429 1837 1539 1882 unum
1566 1839 1585 1883 e

252 1923 387 1990 duobus
401 1945 465 2012 pro
479 1928 572 1989 certo
588 1922 716 1989 habeas
732 1945 740 1990 :
761 1927 820 1988 aui
832 1922 950 1988 turbas
962 1923 1154 1989 excitarunt
1169 1927 1259 2004 tum,
1278 1943 1363 2012 quas
1378 1921 1444 1989 sihi
1460 1926 1586 2010 Moyses

252 2029 441 2097 retinendas
455 2028 604 2110 censuit,
626 2033 685 2095 aut
697 2034 772 2095 tum
790 2029 880 2094 iuter
894 2028 991 2095 vivos
1004 2049 1075 2094 non
1090 2028 1160 2095 iarn
1179 2035 1288 2096 erant.

296 2134 461 2202 Videntur
483 2135 532 2200 illi
552 2133 743 2201 sacerdotes
760 2155 830 2200 non
855 2134 957 2200 fuisse
979 2134 1116 2202 boni-et
1141 2135 1200 2222 pii.
1223 2135 1348 2201 inferat
1367 2133 1453 2201 illud
1476 2135 1585 2224 quise

251 2248 314 2308 loa.
333 2247 447 2322 aad.
467 2241 500 2308 si
512 2245 585 2308 tota
596 2261 697 2328 gens,
715 2263 863 2329 qnorum
878 2240 929 2306 illi
945 2248 1043 2307 erant
1057 2240 1266 2322 sacerdotes,
1281 2247 1444 2308 autcertc
1456 2263 1584 2335 magna

251 2348 366 2435 gentis
382 2369 463 2437 pars
479 2347 586 2414 coluit
599 2346 636 2413 in
656 2349 812 2436 Aegypto
830 2345 913 2412 deos
924 2346 1070 2426 alienos,
1093 2347 1130 2414 id
1143 2347 1217 2413 sine
1237 2347 1354 2436 aliqua
1367 2349 1583 2414 sacerdotum

251 2452 466 2542 negligentia
483 2459 542 2520 aut
559 2452 775 2540 indulgentia
789 2451 863 2518 fieri
884 2453 978 2519 haud
998 2453 1120 2542 potuit.
1143 2458 1185 2520 ht
1203 2454 1372 2520 hahemus
1392 2453 1584 2521 evidentius

251 2562 299 2626 rei
316 2565 559 2648 argumentum
579 2565 636 2627 Ex.
657 2565 710 2626 19.
734 2559 850 2626 Saneit
869 2559 917 2625 ibi
938 2564 1041 2641 Deus,
1057 2564 1102 2624 -ut
1120 2560 1236 2625 triduo
1256 2565 1335 2626 ante
1355 2582 1520 2648 magnam
1541 2561 1582 2626 il-

250 2667 319 2733 lam
333 2665 583 2755 theophaniam
596 2687 714 2732 omues
728 2687 762 2731 se
777 2666 870 2731 intra
886 2665 1051 2732 terminos
1067 2671 1209 2754 alioyse
1225 2666 1483 2732 constituendos
1499 2687 1582 2732 eon-

249 2774 397 2854 tineant,
412 2772 486 2862 ipso
501 2794 583 2839 vero
597 2770 830 2860 theophaniae
845 2769 902 2837 die
917 2792 1035 2838 omues
1047 2795 1079 2836 v.
1099 2777 1139 2838 13
1158 2772 1248 2838 ultra
1262 2773 1426 2839 terminos
1441 2794 1583 2862 progre-

250 2880 399 2962 diantur,
427 2877 491 2945 soli
515 2901 597 2945 vero
620 2899 698 2945 cum
721 2882 831 2966 Moyse
850 2877 1040 2945 secerdotes
1060 2901 1092 2944 ν.
1113 2884 1157 2944 22
1181 2878 1310 2946 nubem
1329 2879 1578 2966 ingrediantur.

252 2989 316 3052 Hoc
331 2984 533 3052 mandatum
548 3007 649 3074 opere
662 3006 732 3050 non
749 2989 799 3050 est
815 2985 1041 3073 completum,
1058 2984 1224 3051 terminos
1236 3007 1337 3052 nemo
1351 2988 1582 3072 transgressus

251 3101 315 3174 est,
337 3097 461 3180 Moyses
480 3113 513 3157 v.
538 3097 582 3158 23
605 3090 854 3157 excusationem
879 3091 1044 3180 proponit
1062 3091 1142 3157 satis
1166 3088 1360 3158 obscuram.
1380 3091 1475 3159 illico
1495 3097 1582 3159 heus

250 3221 282 3263 v.
302 3205 344 3267 ht
372 3197 573 3264 mandatum
597 3202 750 3278 revocat,
767 3197 854 3263 solos
876 3202 1010 3284 hloysen
1025 3201 1059 3262 et
1077 3202 1245 3264 Aaronem
1264 3198 1361 3264 iubet
1378 3198 1578 3279 ascendere,

250 3305 400 3394 reliquos
418 3326 499 3370 vero
515 3309 585 3370 tam
602 3301 791 3370 secerdotes
808 3325 913 3392 quam
926 3303 1094 3393 populum
1108 3302 1200 3369 iutra
1213 3305 1379 3370 terminos
1394 3305 1578 3385 contineri;

250 3411 366 3478 nullus
384 3410 455 3477 iam
473 3408 707 3477 sacerdotibus
725 3409 794 3476 illis
811 3431 896 3498 prae
914 3410 1043 3499 populo
1061 3409 1174 3476 honor
1191 3409 1400 3478 conceditur.
1418 3412 1583 3477 Commis-

249 3539 323 3584 sum
337 3539 418 3584 saue
430 3517 542 3584 fuerat
555 3522 735 3606 peccatum
754 3537 761 3584 :
779 3522 815 3582 at
829 3515 891 3582 ubi
906 3521 955 3582 est
969 3518 1042 3582 eius
1056 3517 1189 3605 peccati
1203 3521 1335 3607 poena?
1349 3521 1422 3584 Non
1436 3538 1580 3584 eonsue-

249 3624 297 3690 vit
312 3623 415 3690 lahve
430 3645 498 3700 eoa,
515 3622 576 3711 qui
591 3644 651 3688 suo
666 3621 770 3688 alicui
783 3621 980 3688 solemniori
996 3622 1160 3688 mandato
1172 3622 1380 3701 obstiterint,
1393 3623 1581 3713 impunitos

249 3730 319 3797 imo
342 3730 599 3820 irreprehensos
623 3729 809 3795 dimittere.
831 3728 1026 3795 Revertitur
1046 3727 1089 3794 ad
1112 3729 1205 3795 istud
1223 3735 1411 3819 peccatum·
1428 3731 1582 3795 narratio

252 4023 443 4084 Cnlrrr.,1cns.,
464 4021 548 4084 sylv..
564 4021 590 4070 V.
605 4020 676 4070 Lech
697 4025 722 4070 et
744 4021 781 4070 W.
805 4021 919 4072 ltcischt.
936 4020 986 4071 Ubi
1004 4019 1085 4084 aliqui
1103 4023 1211 4072 sensisse
1228 4021 1359 4079 ridentur,
1373 4023 1412 4084 agi
1432 4022 1464 4072 de
1484 4020 1579 4086 Moysis

251 4101 416 4152 tabernaculo
437 4099 550 4165 privato,
567 4101 592 4149 in
612 4115 664 4164 quo
678 4105 768 4150 coetus
783 4101 849 4150 sacri
865 4100 1022 4151 haberentur
1040 4119 1047 4150 ε
1065 4099 1271 4160 tabernaculum,
1289 4103 1314 4150 in
1334 4115 1387 4165 quo
1404 4106 1494 4152 coetus
1512 4099 1577 4150 sacri

251 4179 419 4241 habebantur,
435 4185 460 4230 et
475 4194 551 4244 surus
565 4180 635 4245 quod
650 4179 729 4230 nubes
741 4179 923 4242 descendebat,
938 4181 1084 4230 necessarIo
1100 4181 1236 4244 oportebat
1251 4195 1305 4231 esse
1319 4187 1461 4244 sunctum,
1475 4183 1492 4231 i.
1506 4194 1528 4231 e.
1544 4180 1576 4231 ah

249 4261 318 4312 omui
335 4275 383 4310 usu
398 4261 504 4324 protano
520 4263 655 4310 remotum.
674 4261 868 4311 Testimonium
891 4265 960 4321 litat
979 4260 1038 4310 ideo
1056 4260 1171 4324 plerique
1188 4261 1248 4324 (sed
1263 4261 1295 4310 el.
1310 4263 1401 4322 Mar.)
1418 4262 1578 4326 ignoravere,

247 4341 318 4404 quod
337 4341 411 4400 vulg.
428 4340 514 4390 minus
530 4344 649 4390 accurate
667 4341 777 4390 verterit
792 4361 803 4383 ιι
818 4338 1014 4390 tabernaculum
1030 4359 1053 4390 a.
1069 4341 1203 4402 Ceterum,
1219 4341 1347 4391 concessis
1361 4342 1441 4392 semel
1457 4339 1578 4392 sacerdo-

250 4421 319 4471 tibus
330 4425 356 4470 et
368 4415 532 4470 tabernaculo
547 4420 739 4484 praemosaicis,
753 4420 823 4470 nulla
836 4425 876 4470 est
891 4420 1030 4469 difficultas
1048 4421 1074 4469 in
1090 4420 1237 4471 testimonio
1253 4421 1314 4472 item
1330 4421 1502 4485 praemosairo
1516 4435 1575 4472 con·

248 4499 369 4558 cedendo,
384 4500 453 4549 nulla
468 4503 506 4549 est
521 4499 586 4549 ratio
598 4500 744 4550 affirmandi
759 4504 795 4549 Ex
810 4505 880 4558 16,33
895 4515 934 4564 sq.
948 4514 1002 4551 esse
1015 4514 1059 4563 per
1074 4500 1284 4565 anticipationem
1301 4501 1378 4552 dicta.
1395 4504 1490 4562 Porro,
1504 4501 1576 4565 quod

248 4579 407 4632 sacerdotum
422 4579 525 4628 illorum
543 4583 571 4630 et
589 4579 745 4630 tabernaculi
763 4585 863 4630 tantum
879 4593 934 4644 cap.
948 4585 977 4629 ta
996 4585 1020 4630 et
1040 4585 1071 4629 33
1089 4581 1178 4645 aliqua
1196 4581 1291 4630 mentio
1307 4581 1440 4639 hahentur,
1457 4581 1574 4632 laudato-

247 4675 304 4710 rum
323 4661 492 4723 interpretum
511 4659 681 4710 attentionem
701 4658 795 4710 felellit
813 4660 945 4724 quaestio,
962 4674 1090 4724 quaenam
1109 4659 1208 4711 luerint
1223 4674 1313 4710 eornm
1327 4662 1491 4712 sacerdotum
1506 4661 1576 4712 eius-

245 4755 295 4804 que
316 4738 473 4790 tahernaculi
498 4739 559 4788 lata.
578 4741 671 4788 Tamen
690 4753 748 4790 eam
767 4740 944 4803 quaestionem
966 4739 1070 4790 minime
1091 4754 1146 4790 esse
1172 4740 1358 4805 negligendam.
1377 4745 1402 4792 et
1424 4742 1461 4793 rei
1482 4748 1577 4794 natura

243 4819 356 4871 ostendit
369 4823 407 4878 et,
419 4831 486 4882 quae
500 4818 593 4868 dicturi
606 4832 707 4879 sumus,
720 4818 940 4870 demonstrabunt.
