3534 5384
714 389 762 432 ur.
786 371 878 444 11,Ιὸ
900 388 964 441 soc.
1446 375 1504 436 aii

175 523 258 590 dum
280 521 386 588 cubiti
411 543 482 588 non
506 521 648 589 omniuo
671 521 855 590 duodecim
881 523 1036 588 velorum
1060 522 1278 608 interiorum,
1305 523 1341 590 in
1362 524 1505 592 introitu

173 629 387 696 tabernaculi
407 635 508 710 isar
525 627 695 718 quinque,
711 628 748 694 in
767 628 911 696 introitu
935 651 1016 695 vero
1035 627 1226 696 habitaculi
1239 637 1342 712 idai
1355 637 1504 720 quatuor

175 734 342 802 columnis
361 740 606 803 sustentantur.
631 734 750 802 Velum
767 733 812 800 ad
831 733 1011 802 introitum
1026 734 1105 803 atrii
1117 757 1187 802 non
1201 735 1272 802 iam
1286 725 1361 829 uhp,
1377 736 1436 804 sed
1456 737 1505 802 uti

176 848 279 921 imao
299 857 370 932 100
384 847 539 910 vocatur.

216 953 414 1038 Sequuntur
433 969 549 1016 versus
561 954 648 1030 tres,
670 949 825 1038 quiante
839 949 931 1016 dicta
943 949 1070 1038 partim
1085 954 1255 1039 repetunt,
1273 950 1505 1039 pariimcom-
1549 1029 1551 1032 y

172 1055 278 1145 pleni.
298 1077 333 1123 v.
356 1061 397 1121 17
421 1082 437 1116 «
463 1056 586 1121 Omnes
610 1054 791 1122 columnae
808 1055 892 1122 atrii
902 1055 1161 1146 percircuitum
1178 1057 1319 1123 vestitae
1333 1069 1432 1124 erunt
1455 1081 1508 1123 ar-

172 1161 304 1252 penicis
325 1160 486 1250 [laminis]
508 1186 524 1221 a
546 1160 602 1250 (cf.
630 1184 719 1252 quae
742 1161 890 1230 diximus
909 1161 953 1228 ad
975 1184 1006 1230 v.
1030 1162 1104 1252 10),
1128 1189 1145 1224 «
1172 1163 1341 1253 capitibus
1368 1191 1403 1246 a,
1429 1164 1451 1230 i.
1472 1186 1501 1231 c.

172 1268 300 1350 hemia,
322 1295 338 1330 «
352 1268 524 1358 arpentcis
539 1279 573 1334 ei
589 1266 724 1335 basibus
744 1267 860 1334 aeneis
883 1295 914 1335 a.
933 1291 965 1334 v.
990 1274 1030 1336 18
1051 1298 1066 1330 «
1087 1271 1127 1335 ln
1154 1268 1374 1358 lonqitudine
1394 1271 1504 1359 [occu-

169 1374 279 1466 pabit]
306 1373 435 1441 atrium
461 1374 590 1441 cubitos
615 1360 768 1455 centron,
790 1375 829 1442 in
847 1373 1034 1442 latitudine
1061 1375 1339 1466 quinquaqinta·
1355 1377 1502 1444 altitudo

172 1481 324 1572 quiaque
339 1481 531 1547 cubitorum
545 1481 609 1548 erit
629 1510 658 1564 a,
679 1480 932 1567 longeinlerior
947 1481 1126 1549 altitudine
1138 1483 1368 1566 tabernaculi;
1386 1510 1402 1544 a
1419 1484 1506 1574 [fiet-

172 1590 250 1678 quel¹
267 1587 308 1653 a'e
328 1587 424 1674 bysso
442 1599 584 1673 retorta,
610 1600 645 1654 ct
666 1585 802 1654 babebit
816 1586 911 1656 bases
925 1609 1047 1654 aeneas
1065 1615 1095 1658 a.
1108 1592 1203 1655 Certe
1218 1589 1383 1656 mendum
1399 1590 1503 1656 habet

172 1695 273 1761 Hebr.
296 1717 310 1759 .·
334 1699 395 1761 aut
415 1716 493 1760 cum
518 1696 612 1762 Sam.
641 1693 864 1761 scribendum
879 1710 976 1759 anun
995 1709 1226 1785 premuniti,
1243 1701 1302 1762 aut
1320 1699 1504 1762 cumLXli'

172 1816 267 1866 nun:
286 1823 351 1891 pro
367 1816 473 1865 anan.
494 1824 527 1868 v.
554 1807 594 1868 19
617 1832 632 1862 «
654 1803 788 1868 Cerncta
807 1825 891 1869 vasa
915 1799 1129 1868 tabernaculi
1147 1827 1162 1860 »ι
1185 1840 1230 1851 -
1245 1803 1347 1868 Hebr.
1368 1801 1503 1869 babita-

171 1907 241 1974 cali
262 1945 306 1958 -
326 1935 342 1967 a
375 1908 412 1974 in
436 1929 551 1974 orienes
576 1930 655 1974 usus
686 1909 736 1996 [et
763 1907 1003 1996 ceremoniasl,
1028 1918 1098 1973 tam
1119 1907 1274 1998 paxillos
1298 1909 1369 1975 eius
1398 1932 1502 1999 qcram

170 2014 273 2097 atrii,
291 2037 335 2080 ca
352 2037 431 2080 aere
440 2013 552 2101 [acies
567 2040 597 2080 a.
612 2016 716 2082 Hebr.
734 2036 747 2079 .·
762 2028 796 2081 et
809 2037 923 2082 ornnes
934 2012 1090 2104 pusillos
1107 2014 1197 2096 eiua,
1215 2026 1247 2082 et
1262 2037 1376 2082 omncs
1386 2015 1501 2104 paril-

172 2119 221 2187 los
235 2121 318 2188 atrii
329 2133 391 2188 etc.
406 2120 616 2188 Parillorum
635 2125 737 2188 autea
756 2143 825 2188 non
844 2121 1040 2188 habebatur
1054 2121 1180 2188 mentio
1201 2141 1209 2187 ε
1229 2143 1346 2188 eorum
1360 2129 1393 2187 ei
1411 2122 1501 2187 luni-

170 2227 327 2295 culorum
348 2249 413 2316 ope
434 2227 632 2313 figebantur
659 2228 872 2317 operimenta
895 2226 1081 2295 sanctuarii
1096 2227 1244 2316 atrlique
1259 2228 1336 2294 vela
1352 2248 1360 2295 z
1379 2234 1496 2309 35‚l8;

171 2339 290 2417 asam
308 2340 426 2416 aona
444 2337 542 2399 uum.
561 2339 660 2416 aaa
678 2339 769 2416 aaa.
788 2340 843 2401 aa.

423 2582 447 2618 c.
464 2568 551 2620 lahvo
565 2570 595 2618 in
609 2570 770 2619 sanctuario
784 2570 920 2620 habitatio
931 2570 982 2620 Ex.
999 2569 1081 2630 rino
1096 2597 1131 2606 -
1147 2569 1238 2630 30,10,

484 2724 509 2755 α.
524 2707 695 2755 Habitniiouis
709 2708 860 2770 symbolum,
873 2710 969 2768 lampas
983 2708 1030 2757 lix.
1047 2711 1116 2768 mi)
1133 2723 1169 2769 sq.

213 2906 246 2950 v.
268 2890 310 2951 20
330 2911 348 2946 «
366 2885 529 2976 Praecipc
546 2885 633 2975 filiis
655 2885 778 2968 Israel,
800 2899 840 2953 ui
857 2887 1011 2976 asserant
1031 2886 1094 2952 tibi
1111 2886 1222 2953 alerem
1237 2885 1279 2954 dc
1295 2885 1495 2974 [arboribus]

169 2990 337 3058 olivarum
349 2991 581 3080 purissimum
592 2993 758 3082 [piloque]
769 3006 962 3077 >contusum
981 3005 1018 3058 ut
1027 2993 1150 3060 ardeat
1164 2993 1305 3061 lucerna
1318 3016 1449 3084 semper
1465 3025 1492 3060 ».

168 3096 389 3163 Purissimum
416 3097 529 3165 oleum
558 3104 631 3166 erat
653 3097 758 3182 illud,
780 3100 872 3188 quod
896 3105 1014 3190 sponte
1039 3122 1080 3166 cx
1105 3099 1202 3166 olivis
1221 3099 1364 3185 lluebat;
1382 3102 1496 3168 minus

168 3223 296 3293 purum
322 3202 425 3286 illud,
454 3205 548 3294 quod
575 3229 615 3272 ex
642 3205 741 3272 olivis
771 3205 1039 3295 exprimebatur.
1073 3210 1178 3273 Porro
1201 3211 1238 3272 ut
1261 3205 1494 3274 abundantius
1526 3217 1528 3222 '

168 3308 281 3375 oleum
308 3309 478 3392 efflueret,
496 3310 607 3378 olivae
626 3311 663 3378 in
685 3311 833 3380 canistro
852 3311 1004 3402 primum
1022 3313 1093 3401 pilo
1115 3312 1360 3398 tundebantur,
1379 3313 1493 3380 oleum

169 3414 311 3482 effluens
328 3415 569 3502 colligebatur.
593 3418 804 3509 Praecipitur
823 3419 917 3486 idem
941 3419 1057 3485 oleum
1078 3441 1140 3508 pro
1155 3418 1328 3486 oblatione
1344 3420 1492 3502 similae,

168 3543 256 3610 quae
270 3521 374 3588 simul
397 3522 503 3590 fiebat
527 3546 608 3592 cum
631 3525 831 3592 holocausto
849 3523 1051 3614 quotidiano
1070 3531 1189 3609 isam
1212 3529 1309 3592 Num.
1325 3531 1415 3607 18,5.
1435 3532 1492 3594 Se-

167 3649 226 3693 cus
243 3628 354 3695 oleum
366 3628 481 3696 minus
494 3630 611 3698 nobile
624 3631 715 3700 licite
730 3631 970 3699 adhibebatur.
990 3633 1038 3698 Cf.
1061 3633 1160 3715 Tost.‚
1184 3621 1301 3698 Dillrn.
1318 3657 1349 3700 v.
1366 3639 1406 3702 ii
1424 3664 1438 3696 «
1456 3638 1492 3699 lu

168 3734 387 3801 tabemaculo
403 3736 608 3820 testimonii,
629 3750 725 3804 entra
742 3737 872 3824 velum,
895 3736 990 3827 qnod
1010 3760 1201 3828 oppansum
1215 3751 1264 3804 esi
1281 3739 1494 3825 cesarnoni&

166 3840 222 3928 [et]
248 3840 462 3909 collocabunt
477 3866 553 3911 eam
575 3847 692 3911 Aaron
707 3857 739 3910 ei
751 3843 820 3933 filii
834 3845 923 3931 eius,
949 3858 989 3911 rat
1009 3873 1024 3906 »
1042 3869 1064 3911 a
1082 3867 1215 3935 vespere
1236 3874 1251 3904 a
1268 3867 1375 3934 usque
1394 3869 1493 3912 naaria

166 3945 300 4036 [luccat]
320 3970 434 4015 corana
445 3950 603 4017 Domino.
621 3954 810 4041 Perpetuus
824 3951 890 4017 crit
906 3951 1016 4018 cultris
1025 3974 1089 4040 per
1103 3951 1326 4018 successiones
1342 3975 1456 4018 corum
1473 3977 1493 4019 a

163 4050 250 4141 filiis
261 4054 369 4120 lsrael
383 4082 413 4122 ».
430 4056 477 4124 cf.
494 4078 582 4145 quae
595 4057 747 4124 dicemus
761 4058 805 4124 ad
819 4062 896 4125 Lev.
915 4065 1046 4140 ihi-i.

201 4261 357 4327 Lampades
371 4266 474 4316 arsisse
492 4278 510 4315 a
529 4278 646 4331 vespere
665 4266 700 4318 ad
720 4279 816 4328 mane,
829 4272 857 4318 et
875 4281 958 4318 mane
979 4279 1041 4318 esse
1056 4269 1221 4326 exstinctas,
1239 4268 1323 4318 etlam
1344 4270 1489 4333 colligasc

165 4350 209 4412 ³0,
226 4351 310 4415 7sq.;
326 4353 394 4403 Lev.
412 4353 490 4415 21,3;
510 4355 520 4405 1
538 4355 608 4419 ch.
626 4355 671 4416 3,3
694 4353 739 4422 (ct.
756 4371 828 4421 quaa
847 4357 884 4407 lb.
902 4353 1088 4424 dicebamus),
1105 4369 1225 4420 cumque
1244 4370 1326 4406 usum
1348 4371 1436 4422 usque
1456 4362 1491 4410 ad

165 4444 291 4506 tempora
314 4441 440 4492 Roboam
460 4456 670 4507 perseverasse,
687 4445 764 4496 disce
784 4459 800 4496 e
821 4446 836 4496 i
858 4447 922 4496 Par.
942 4445 1031 4506 13,11.
1049 4445 1122 4510 Ergo
1143 4445 1213 4496 illud
1231 4459 1333 4510 semper
1354 4447 1428 4498 idem
1448 4458 1491 4498 est

164 4533 249 4592 atque
262 4548 276 4574 α
289 4532 366 4580 omni
381 4536 505 4595 tempore
519 4534 613 4584 debito
626 4551 638 4580 ι
654 4531 760 4601 (Sulci,
779 4551 791 4583 ι
806 4535 940 4598 quotidie,
957 4535 1076 4606 singulis
1091 4535 1219 4584 noctibus
1236 4550 1246 4581 r
1262 4533 1388 4602 (Bactri,
1408 4553 1419 4585 i
1435 4540 1490 4586 tam

161 4617 288 4668 multatis
302 4632 386 4682 quam
403 4619 480 4670 ieriis
498 4637 510 4668 r
528 4620 581 4687 (Pe.
595 4624 653 4672 lon.
671 4624 707 4674 ad
725 4624 794 4674 ch.
811 4624 895 4687 iii).
914 4623 948 4675 Et
962 4626 1104 4687 sapienter
1118 4625 1214 4674 monet
1231 4623 1320 4686 Sala,
1334 4625 1363 4674 in
1379 4624 1490 4675 deserto

165 4711 240 4758 carte
257 4720 315 4758 non
334 4723 437 4773 semper
455 4712 557 4762 arsisse
576 4711 748 4775 lampadem,
762 4727 825 4763 cum
839 4715 869 4762 in
883 4714 983 4763 itinere
995 4713 1091 4777 utique
1102 4714 1347 4774 exstingueretur:
1364 4715 1492 4763 noctibus

165 4806 246 4857 vero,
261 4801 353 4848 erecto
368 4799 561 4862 tabernaculo,
577 4801 686 4865 lampas
700 4802 913 4853 accendebatur.
932 4803 956 4852 Α
975 4813 1090 4864 vespere
1104 4800 1139 4850 ad
1154 4813 1235 4852 mene
1255 4802 1432 4852 solummodo
1447 4817 1493 4851 ar-
