3534 5384
233 343 291 405 100
684 357 791 403 uorsrs
812 356 890 403 reri
908 357 940 403 ru
962 357 1110 402 inarrro.

231 496 322 562 verte
331 514 472 583 pecora.
490 513 522 557 v.
542 497 561 557 5
580 520 594 551 «
614 490 865 577 Constitutione
880 490 1046 557 Dominus
1059 502 1192 579 tempas
1206 487 1322 555 diceris
1334 510 1347 554 .·
1365 490 1446 557 Cras
1456 488 1567 580 saciet

234 600 397 665 Dominus
422 596 560 664 veriam
582 596 676 663 istud
696 596 734 663 in
760 608 851 665 terra
874 624 905 663 o.
932 601 1078 664 Rursum
1099 598 1194 663 Sam.
1220 595 1354 662 inducit
1380 602 1514 685 Moysen
1535 603 1568 663 et

230 709 343 772 Maron
358 706 477 771 omnia
496 704 582 770 haee
601 703 810 773 verbotenus
825 725 943 771 eoram
962 704 1140 771 Pharaone
1156 705 1358 791 repetentes,
1378 724 1410 768 v.
1427 708 1447 767 6
1466 730 1481 763 o
1503 705 1568 769 Fe·

232 809 279 877 cit
292 834 371 900 erpa
388 810 554 877 Dominus
572 808 712 877 verinum
732 809 795 877 liae
808 810 919 877 altera
934 808 1007 894 die,
1031 821 1236 898 rnortnaqne
1254 821 1335 875 stant
1352 807 1470 875 omnia
1491 809 1568 875 ani-

230 916 367 984 mantia
381 917 645 1007 Aeqyptiorum,
662 914 704 983 de
718 914 929 983 animalibus
944 938 1021 982 raro
1034 913 1189 1005 filioram
1203 914 1310 981 lsrael
1323 913 1414 980 nibil
1428 914 1567 981 omnino

229 1024 381 1114 periit».
398 1022 585 1091 Mirabatur
606 1023 679 1089 iam
696 1025 787 1111 Any.
813 1022 917 1111 (adv.
935 1022 1003 1111 19),
1022 1020 1090 1089 dici
1112 1020 1169 1087 hie
1189 1020 1305 1087 omnia
1322 1022 1567 1111 Aegyptiorum

231 1130 356 1221 peeora
381 1135 519 1197 mortua
544 1152 632 1212 esse,
657 1151 736 1196 oum
761 1136 878 1220 postea
899 1128 969 1196 alia
990 1126 1161 1216 grandine
1180 1127 1436 1209 interimantur,
1454 1150 1568 1217 neque

229 1239 443 1305 Pharaonem
476 1238 555 1326 eqni
585 1235 630 1302 ad
653 1240 704 1303 tot
729 1258 849 1303 currus
879 1234 1069 1303 trahendos
1096 1233 1298 1315 defecerint;
1320 1234 1568 1324 responditque

230 1364 333 1431 agere
347 1349 476 1410 textum
494 1343 536 1410 de
552 1343 632 1409 solis
647 1344 687 1409 iis
702 1342 928 1425 animalibus,
947 1364 1036 1431 quae
1051 1348 1125 1409 tum
1138 1345 1249 1407 essent
1262 1340 1300 1406 in
1319 1340 1430 1430 apris,
1448 1362 1517 1408 non
1531 1340 1567 1406 in

228 1448 383 1517 stabulis.
406 1448 514 1521 Galm.
535 1472 576 1516 ea
590 1451 731 1538 insuper
744 1449 869 1537 exeipit
879 1448 1061 1529 animalia,
1081 1448 1207 1537 quibus
1223 1446 1260 1513 in
1279 1448 1396 1515 caulas
1410 1454 1498 1514 esset
1512 1468 1567 1514 re-

229 1555 377 1644 fugium.
390 1560 510 1624 Textus
524 1556 665 1623 omnino
679 1557 726 1622 sie
742 1556 865 1645 exponi
878 1559 989 1645 potest
1002 1559 1036 1620 et
1049 1554 1164 1636 debet,
1181 1558 1220 1620 ut
1229 1554 1357 1639 amnia,
1376 1576 1464 1643 qaae
1476 1575 1569 1621 mor-

231 1668 291 1729 tua
304 1662 383 1745 sint,
402 1662 530 1728 inerint
545 1661 806 1752 Aegyptiorum,
822 1661 1055 1728 Hebraeorum
1070 1665 1245 1727 mortuum
1258 1660 1301 1727 sit
1315 1659 1468 1743 nullum3
1485 1682 1569 1747 ergo

234 1767 410 1837 absolutus
426 1775 639 1836 mortuorum
655 1788 819 1835 uumerus
837 1788 1061 1857 nequaquam
1077 1766 1261 1835 indicatur.
1283 1789 1316 1832 v.
1342 1773 1362 1833 'i
1383 1795 1399 1828 ι(
1416 1768 1460 1833 iit
1472 1766 1568 1833 misit

234 1872 370 1941 Pharao
404 1873 677 1965 [adsidendum]
704 1895 792 1942 :nea
813 1886 887 1941 erat
908 1873 1101 1964 quidquam
1123 1884 1297 1940 mortuum
1317 1872 1359 1939 de
1384 1872 1455 1959 its,
1480 1896 1568 1964 qaae

234 1979 428 2070 possidebat
451 1979 567 2049 lsrael.
593 1982 884 2071 lapraoatnmqae
908 1992 957 2047 est
977 2002 1034 2047 aar
1056 1979 1266 2063 Pharaonis,
1289 1992 1321 2047 et
1344 2002 1414 2047 non
1436 1978 1567 2047 dimisit

167 2131 168 2135 =
232 2085 403 2178 papulam
423 2115 454 2155 a.

618 2248 651 2288 aa
663 2246 758 2299 pinam
771 2248 846 2290 euti·
857 2248 1015 2302 eruptiones
1028 2248 1076 2291 Ex.
1091 2247 1194 2297 0‚8·12.

269 2375 342 2426 Dum
356 2375 463 2436 primae
484 2378 540 2425 tres
553 2374 657 2439 plagae
671 2375 794 2427 initiatae
807 2374 957 2427 traduntur
973 2388 991 2425 a
1004 2375 1099 2438 Moyse
1113 2387 1163 2439 per
1178 2374 1283 2437 Aaron,
1298 2375 1363 2425 dum
1378 2377 1407 2425 in
1422 2378 1522 2439 quarta
1536 2380 1563 2428 et

233 2464 331 2527 quinta
346 2463 465 2513 aaronis
479 2464 585 2513 mentio
598 2476 654 2513 non
669 2462 798 2525 habetur,
812 2468 893 2514 sexta
910 2462 946 2513 ad
963 2475 1068 2514 nonam
1084 2462 1214 2513 videntur
1234 2463 1269 2513 ab
1294 2466 1354 2527 ipso
1370 2465 1565 2526 praedatore

233 2552 328 2615 Moyse
348 2563 411 2601 esse
432 2550 554 2601 inflictae
572 2548 655 2616 (9‚ii.
677 2551 725 2610 im
743 2550 831 2613 tait.
848 2550 898 2612 ii;
915 2548 993 2617 Aua.)
1002 2564 1011 2610 ,·
1025 2550 1201 2614 attingebant
1214 2554 1309 2602 autern
1330 2564 1381 2603 eae
1402 2552 1505 2616 plagae
1526 2566 1569 2604 se·

233 2642 312 2703 getes
329 2640 356 2691 et
375 2640 538 2702 sanitatem,
555 2653 629 2704 quae
643 2642 755 2704 segetes
776 2641 922 2703 Aegyptiis
941 2640 1026 2703 longe
1039 2640 1222 2704 pretiosiores
1239 2646 1320 2691 erant
1334 2640 1477 2703 gregibus.
1492 2641 1566 2691 Tan-

233 2730 296 2780 dem
309 2728 346 2779 ad
357 2729 485 2779 ultimam
496 2729 611 2793 plagam
626 2728 808 2792 infligendam
826 2727 887 2791 ΗΑ
903 2729 979 2780 Deus
993 2730 1053 2793 ipse
1067 2728 1216 2793 insiditur.
1231 2756 1266 2765 -
1281 2729 1372 2793 Igitur
1385 2730 1465 2781 sexta
1483 2730 1570 2793 plaga

234 2830 291 2868 non
310 2819 352 2867 est
366 2818 487 2877 variola,
504 2818 569 2867 lieet
582 2816 708 2867 Philonis
722 2817 871 2881 deseriptio
895 2818 921 2867 ei
941 2817 1122 2869 biothanatis
1140 2818 1281 2882 quadret:
1302 2818 1410 2868 variola
1428 2818 1569 2881 siquidem

235 2906 338 2957 multos
359 2906 562 2966 interemisset,
579 2910 753 2957 mortuorum
765 2909 860 2957 autem
872 2906 903 2955 in
923 2906 1064 2957 narranda
1083 2906 1168 2971 plaga
1189 2906 1267 2957 milla
1286 2904 1317 2957 fit
1336 2908 1441 2957 mentio
1463 2906 1569 2969 (Fried-

234 2996 307 3045 reiait
322 2994 345 3043 1.
363 2992 433 3060 107).
449 2994 623 3059 Notaettam
638 2996 686 3057 agi
708 2994 744 3044 de
766 2994 865 3045 morbo
889 2996 1030 3045 communi
1042 2996 1176 3045 iumentis
1194 3008 1258 3045 oum
1282 2994 1458 3057 hominibus,
1473 2996 1521 3059 qui
1535 2996 1571 3045 sit

235 3085 360 3142 mm
374 3088 434 3140 nup
450 3086 540 3165 ptum,
557 3084 576 3132 i.
592 3096 618 3133 e.
635 3082 814 3145 instaurantia
834 3096 974 3147 erumpens
994 3084 1025 3133 in
1045 3082 1148 3145 batiae,
1166 3096 1235 3147 ergo
1257 3083 1371 3133 morbus
1391 3084 1472 3134 eutis.
1490 3084 1567 3135 Varii

235 3171 372 3221 eiusmodi
384 3172 474 3221 morbi
489 3171 562 3238 (vide
577 3184 622 3235 ap.
639 3171 744 3234 uitta.)
757 3176 921 3233 naseuntur,
935 3185 991 3236 quo
1008 3174 1134 3236 temporo
1153 3172 1210 3223 Nili
1226 3184 1317 3236 aquae
1337 3173 1481 3233 arescunt,
1498 3184 1569 3237 quoe

236 3258 284 3308 alii
298 3260 378 3322 aquis
392 3261 544 3323 corruptis,
560 3260 609 3310 alii
630 3261 721 3311 aestui
735 3258 909 3311 adscribunt.
929 3262 972 3311 An
992 3262 1022 3311 hi
1041 3263 1126 3312 etiam
1148 3273 1252 3323 peoora
1271 3260 1408 3323 alliciant,
1425 3274 1481 3311 non
1500 3272 1569 3311 oon·

237 3350 300 3397 stat.
317 3346 441 3397 Plurima
456 3348 485 3396 in
501 3349 629 3411 Aegypto
648 3350 733 3398 edam
753 3350 797 3399 eat
812 3349 936 3410 scabiei,
951 3351 1006 3400 tam
1026 3351 1159 3401 animalia
1180 3350 1414 3413 quamhomtnes
1434 3348 1567 3401 alfieiens.

237 3434 369 3487 Ceterum
381 3440 461 3496 nota,
480 3448 536 3486 non
553 3435 622 3486 iliud
640 3441 747 3487 textum
761 3438 887 3499 edinere,
903 3450 960 3488 uno
975 3438 1131 3503 eodemque
1145 3441 1217 3489 eutis
1233 3438 1332 3489 morbo
1347 3452 1459 3501 omnes,
1475 3439 1568 3490 bomi-

237 3535 288 3574 nes
301 3536 391 3587 aeque
405 3525 489 3588 atque
503 3537 620 3589 peoora,
635 3538 697 3576 esse
713 3525 830 3576 aiieetos
846 3539 852 3576 :
868 3532 987 3591 potuere
1001 3528 1072 3577 varii
1088 3539 1150 3578 esse
1167 3526 1265 3579 morbi.

282 3702 315 3745 v.
335 3684 356 3746 8
376 3707 392 3739 «
414 3680 460 3745 Et
473 3678 563 3745 dizit
576 3680 742 3747 Dauiinns
761 3680 809 3749 ad
818 3684 959 3771 Moysen
974 3694 1008 3749 et
1021 3685 1138 3749 Aaron
1154 3706 1167 3749 .·
1185 3682 1304 3750 Tollite
1313 3684 1438 3773 plenas
1451 3706 1573 3750 mantes

240 3784 364 3852 cineris
373 3783 415 3852 de
424 3786 574 3867 camina,
587 3800 619 3853 et
629 3786 881 3877 sparqatillam
888 3790 1022 3878 Moyses
1030 3788 1068 3855 in
1080 3787 1210 3855 coelum
1221 3811 1336 3857 earam
1345 3788 1526 3857 Pltaraane
1539 3816 1569 3872 a,

241 3918 257 3953 (ι
272 3896 312 3960 ut
328 3892 461 3959 Pharao
479 3892 610 3977 videat,
633 3894 724 3983 quod
738 3893 806 3961 ista
820 3895 927 3984 plaga
942 3895 1092 3963 veniata
1112 3901 1178 3963 Deo
1194 3924 1210 3958 »
1228 3896 1307 3987 (Syl
1329 3899 1367 3985 .).
1389 3919 1421 3963 v.
1438 3902 1459 3963 9
1476 3926 1491 3957 o
1505 3894 1574 3963 Sit-

240 4021 306 4087 pae
319 3998 438 4089 paleis
456 4021 558 4089 stater
581 4021 714 4067 amnem
733 4013 859 4068 terram
882 4001 1032 4092 Aepypti
1052 4029 1085 4085 a,
1108 4004 1209 4069 Hebr.
1234 4003 1280 4070 sit
1298 4002 1410 4093 (ainis)
1439 4002 1475 4069 in
1493 4002 1573 4093 pial-

240 4127 361 4172 aerem.
382 4110 485 4172 Porro
494 4105 645 4173 cinerem
655 4106 755 4174 illum
769 4128 903 4176 sursum
918 4108 1110 4198 proiectum
1123 4116 1158 4176 et
1172 4110 1207 4176 in
1224 4108 1373 4176 minutas
1386 4109 1573 4199 particulas

241 4210 414 4301 dilapsum
433 4212 584 4302 pulveris
601 4212 710 4281 instar
728 4213 1029 4298 circumvolitasse,
1046 4238 1109 4308 per
1122 4238 1157 4283 se
1176 4220 1294 4306 patet:
1312 4214 1400 4282 illud
1415 4215 1573 4284 verodii-

240 4316 429 4385 fionltaiem
445 4319 562 4402 habet,
578 4320 752 4409 quomodo
767 4320 918 4410 pulveris
934 4326 1080 4405 tentum,
1103 4327 1272 4413 quantum
1291 4321 1440 4390 duorum
1460 4323 1573 4389 homi-

239 4444 326 4489 num
348 4424 506 4492 manibus
527 4426 698 4517 prehendi
717 4428 845 4516 potuit,
861 4428 965 4495 fuerit
982 4451 1084 4519 snper
1106 4450 1239 4496 omnem
1258 4440 1386 4496 terram
1407 4428 1570 4519 Aepypti.

242 4528 305 4596 Ubi
319 4532 409 4598 lien.
425 4530 576 4600 cinerem
590 4539 704 4601 censet
725 4535 892 4601 miraculo
919 4534 1021 4603 inisse
1047 4534 1330 4626 multiplicatum,
1350 4538 1436 4603 Tast.
1454 4534 1572 4626 pulve-

241 4657 314 4702 rem
340 4659 362 4704 a
384 4636 500 4707 cinere
521 4639 719 4707 distinctum
743 4662 814 4707 esse
837 4646 1004 4708 ereetum.
1029 4642 1191 4709 Suifioere
1215 4640 1363 4725 videtur,
1393 4649 1431 4710 ut
1454 4640 1568 4732 pulvis

243 4742 301 4809 ilie
322 4766 383 4813 seu
404 4744 490 4813 einis
507 4744 612 4813 luerit
631 4768 734 4837 super
747 4768 887 4814 omnem
911 4753 1114 4817 terramnon
1135 4749 1293 4840 physice,
1306 4748 1366 4815 sed
1379 4748 1568 4817 moraliter.

1746 5228 1748 5332 t
