3534 5384
543 445 736 490 SACERIJOTUM
757 445 1050 492 raamaaoruccuuu
1071 449 1162 493 FATA-
1505 441 1524 498 5

192 586 294 660 21118
312 601 319 648 :
337 607 353 642 a
368 583 509 646 cunctus
518 578 710 669 populus..
727 584 893 647 steterunt
907 581 1027 669 procul
1044 609 1075 646 ».
1090 587 1286 650 Moxautcm
1301 588 1411 672 (Dant.
1429 588 1523 675 533)

192 715 209 749 a
232 707 351 753 omnes
372 685 549 776 principes
568 684 721 754 tribuum
745 691 780 752 et
803 685 949 753 maiores
967 693 1050 754 natu
1074 716 1090 749 u
1111 689 1156 754 ad
1169 693 1305 776 Moysen
1325 691 1524 760 accedentes

191 814 265 860 rem
292 799 560 882 composuerunt
577 812 585 858 :
602 813 671 857 non
698 792 895 860 referuntur
910 795 1088 861 accessisse
1106 794 1308 863 sacerdotes.
1333 802 1411 875 Mox,
1422 798 1524 866 lahve

191 899 359 990 populum
378 898 417 965 in
434 897 582 986 gratiam
598 897 733 988 recipit,
755 925 772 960 «
788 920 852 966 nec
871 921 1061 989 superans,
1084 901 1143 990 qui
1158 903 1279 991 procul
1296 907 1461 971 steterant
1479 905 1522 971 de

190 1006 269 1072 filiis
283 1005 404 1086 lsrael,
425 1005 516 1071 misit
535 1025 677 1072 manum
698 1025 795 1072 suam
816 1033 832 1067 u
855 1005 923 1096 (Ex.
942 1008 1072 1096 Matt).
1097 1008 1251 1075 lnaudito
1266 1009 1370 1098 plane
1384 1011 1523 1100 privile·

190 1112 247 1199 gio
266 1133 345 1178 cum
360 1116 486 1199 Moyse,
507 1117 657 1192 darona,
675 1110 795 1178 Nadab
814 1118 848 1179 et
861 1111 950 1180 Abiu
966 1113 1196 1181 admittuntur
1212 1138 1245 1181 v.
1261 1121 1282 1181 9
1301 1119 1522 1206 septnoqintn

189 1217 337 1284 seniores
352 1216 396 1284 ad
410 1217 644 1307 aspiciendum
661 1217 891 1307 aliquomodo
912 1223 1017 1286 Deum
1032 1222 1146 1287 lsrael.
1165 1220 1327 1302 Videsne,
1346 1224 1521 1313 quomodo

189 1325 272 1392 inde
286 1324 331 1391 ab
354 1323 412 1391 illo
425 1307 566 1414 peccato
583 1329 694 1391 Aaron
714 1330 867 1406 vocetur,
888 1324 1079 1394 sacerdotes
1098 1326 1325 1414 ignorentur?
1337 1329 1522 1397 subiacent

189 1431 226 1497 bi
243 1436 280 1498 ut
293 1431 342 1498 ita
362 1430 476 1498 dicam
492 1431 721 1520 suspensionis
739 1447 887 1521 poenae,
905 1433 1037 1500 uultum
1054 1456 1137 1523 prae
1162 1433 1257 1502 laicis
1272 1434 1441 1504 bonorem
1459 1437 1521 1503 ha-

188 1536 283 1605 bant.
1021 1591 1025 1599 .

233 1649 319 1711 Duas
345 1665 436 1710 uunc
461 1642 640 1710 solvendas
668 1644 838 1711 habemus
868 1645 1084 1734 quaestiones
1116 1669 1123 1714 :
1150 1647 1315 1736 primam,
1345 1650 1519 1738 quomodo

165 1749 376 1840 explicetur
403 1750 621 1818 sacerdotum
649 1749 686 1817 in
716 1751 940 1819 translatione
972 1753 1158 1819 sacerdotii
1186 1754 1295 1821 altum
1325 1754 1517 1837 silentium

188 1856 348 1932 alteram,
381 1869 571 1946 quamnam¹
596 1856 738 1923 tandem
764 1879 912 1946 poenam
941 1857 1086 1927 tulerint
1110 1858 1367 1928 inobedientiae
1393 1865 1449 1928 Ex.
1479 1868 1519 1927 19

187 1963 400 2054 commissae.¹
418 1967 506 2049 Lege
519 1967 575 2028 Ex.
594 1969 653 2047 32,
672 1962 766 2052 quod
778 1970 828 2030 est
845 1963 889 2030 de
901 1964 1143 2053 superstitione
1158 1965 1258 2032 vituli
1276 1967 1391 2049 aurci,
1409 1967 1519 2056 quod-

187 2090 254 2157 que
266 2069 370 2135 refert
384 2069 503 2156 Moysis
518 2070 680 2136 mandato
696 2093 729 2137 v.
747 2076 789 2136 28
809 2070 875 2138 tria
890 2071 1000 2137 millia
1015 2070 1168 2138 virorum
1187 2095 1208 2140 a
1226 2072 1337 2139 levitis
1352 2095 1422 2140 esse
1437 2096 1518 2140 con-

186 2174 283 2241 cisos.
313 2173 398 2253 Quid
419 2174 447 2241 si
472 2174 522 2240 illi
545 2182 597 2242 ter
621 2175 715 2242 mille
734 2177 799 2242 viri
823 2177 928 2243 iidem
952 2178 1056 2244 etiam
1081 2177 1208 2245 fuerint
1233 2179 1368 2268 antiqui
1386 2179 1519 2246 ordinis

185 2280 399 2348 sacerdotes?
411 2280 552 2348 Planam
568 2287 602 2348 et
614 2280 754 2372 plenam
767 2281 875 2350 habes
891 2283 1028 2350 illarum
1045 2282 1192 2350 duarum
1207 2287 1447 2375 quaestionum
1465 2308 1518 2354 so·

188 2387 364 2454 tutionem.

231 2497 317 2562 Haec
327 2492 446 2560 caedes
461 2493 586 2560 exstitit
600 2495 854 2562 inobedientiae
864 2495 1107 2586 dignapoena,
1123 2497 1208 2564 haec
1223 2498 1344 2565 eadem
1357 2498 1514 2588 explicat,

184 2598 358 2688 quomodo
380 2600 478 2666 brevi
497 2605 571 2690 post
589 2599 727 2668 nemine
749 2601 1008 2669 contradicente
1029 2603 1258 2670 sacerdotium
1277 2605 1313 2670 iu
1337 2605 1517 2672 Maronitas

182 2706 228 2773 sit
247 2706 411 2773 delatum.
438 2705 584 2795 Adverte
608 2707 731 2774 levitas
750 2713 895 2796 aMcyse
920 2708 1033 2775 iuberi
1048 2709 1100 2776 ire
1121 2736 1137 2770 a
1159 2710 1321 2800 deporta
1344 2711 1517 2800 usquead

183 2819 320 2902 portam
339 2835 401 2903 per
429 2812 581 2880 medium
604 2819 794 2881 castrorum
818 2841 848 2880 1.
871 2819 1259 2904 Supponascastrorum
1279 2823 1354 2884 tum
1373 2817 1515 2907 disposi-

184 2920 312 2986 tionem
325 2919 427 2986 fuisse
444 2919 586 2986 eandem
610 2919 698 3000 fere,
717 2925 819 3010 atque
832 2927 955 3010 postea
978 2942 986 2989 ι
1009 2922 1044 2988 in
1061 2922 1183 2988 mediis
1196 2922 1314 2989 castris
1331 2923 1515 2991 eminuisse

183 3031 279 3092 vetus
300 3024 388 3092 illud
408 3025 687 3106 tabernaculum,
711 3027 961 3094 circumdatum
984 3029 1138 3095 tentoriis
1159 3029 1231 3095 eius
1255 3028 1420 3111 tribuae
1446 3052 1515 3120 qua

183 3137 281 3198 erant
305 3131 511 3212 sacerdotes,
544 3133 634 3200 hauc
664 3133 792 3200 tribum
817 3139 920 3224 atque
947 3132 1208 3202 tabernaculum
1232 3157 1378 3204 coronae
1407 3136 1514 3204 instar

179 3239 320 3327 sepsisse
337 3237 488 3328 reliquas
502 3238 622 3306 tribus.
644 3244 729 3306 Tum
746 3239 870 3307 levitae
889 3262 907 3307 e
926 3240 996 3307 suis
1017 3242 1137 3308 castris
1162 3269 1178 3301 «
1192 3264 1255 3330 per
1269 3241 1423 3309 medium
1440 3265 1512 3310 cas-

182 3351 312 3411 trorum
330 3372 346 3406 »
363 3345 560 3412 incedentes
574 3345 814 3434 impingebant
829 3346 979 3436 primum
994 3349 1030 3413 in
1049 3347 1142 3437 ipsos
1160 3347 1373 3415 sacerdotes„

227 3451 343 3520 Dices:
371 3474 431 3518 cur
456 3471 529 3518 rem
554 3473 626 3518 non
649 3451 791 3518 totidem
810 3453 924 3520 verbis
949 3455 1105 3522 narravit
1130 3458 1272 3520 auctor?
1291 3454 1340 3522 cb
1364 3455 1511 3523 similem

182 3556 301 3646 utique
315 3557 484 3624 rationem
503 3558 549 3640 ei,
568 3565 708 3648 proptor
724 3580 828 3647 qaam
844 3564 982 3648 patrum
998 3558 1035 3626 in
1050 3560 1292 3650 Mesopotamia
1306 3568 1339 3627 et
1356 3567 1511 3651 Aegypto

181 3663 411 3730 idololatriam
420 3663 537 3731 tacuit.
552 3667 631 3730 Erat
645 3664 704 3731 illa
718 3664 934 3732 sacerdotum
948 3665 1068 3732 caedes
1083 3667 1171 3733 iusta
1183 3666 1340 3757 quidem,
1359 3673 1509 3734 attamen

180 3791 235 3836 res
250 3769 280 3836 si
296 3791 366 3836 non
391 3769 488 3850 mali,
515 3776 606 3837 certe
622 3771 807 3860 periculosi
826 3772 985 3860 exempli.
1004 3771 1091 3849 Quid
1110 3773 1139 3839 si
1157 3774 1285 3863 impius
1307 3773 1431 3864 aliquis
1450 3773 1510 3840 ali-

176 3874 319 3966 quando
345 3875 438 3964 apud
461 3876 631 3944 Hebraeos
652 3899 710 3943 rex
735 3876 914 3944 consilium
935 3884 1074 3967 caperet
1095 3879 1142 3945 ita
1169 3879 1363 3947 excutiendi
1384 3881 1510 3947 invisos

175 3982 370 4048 sacerdotes
382 3982 577 4065 aaronicos,
596 3982 645 4049 uti
665 3989 779 4051 Aaron
799 3988 832 4050 et
855 3985 908 4050 sui
924 3991 1141 4052 excusserant
1158 3985 1292 4074 antiqui
1312 3986 1443 4053 ordinis
1456 4008 1508 4052 sa-

179 4086 353 4154 cerdotes?
378 4088 543 4178 Cupiebat
565 4089 652 4156 forte
679 4097 798 4157 auctor
821 4090 984 4178 ignorare
1010 4096 1177 4180 posteros,
1200 4091 1339 4159 nonnisi
1367 4098 1510 4160 eruenta

179 4200 430 4260 antecessorum
445 4215 585 4261 sucrum
602 4194 707 4262 caede
722 4197 870 4284 patuisse
883 4195 996 4263 levitis
1008 4196 1139 4264 aditum
1154 4197 1199 4264 ad
1215 4220 1328 4266 sacros
1347 4198 1505 4265 honores.

223 4303 327 4366 Porro
344 4298 428 4366 hacc
448 4301 506 4367 ubi
527 4301 632 4368 semel
650 4300 845 4385 admiseris
867 4301 1055 4370 affunditur
1073 4302 1247 4393 insperata
1266 4302 1325 4370 lux
1344 4304 1508 4372 obscurae

175 4406 368 4474 narrationi
385 4411 442 4473 Ex.
461 4414 519 4489 19,
538 4409 634 4474 cuius
653 4409 840 4475 obscuritas
858 4407 941 4476 inde
957 4408 1094 4476 fluxisse
1113 4409 1397 4500 deprehenditur,
1415 4411 1507 4501 quod

177 4509 326 4579 noluerit
343 4517 469 4602 Moyses
488 4512 648 4580 distincte
671 4536 813 4581 narrare
832 4515 1049 4584 sacerdotum
1068 4524 1266 4606 peccatum,
1284 4540 1352 4607 quo
1367 4516 1507 4584 distinc-

175 4619 244 4684 tius
272 4622 411 4685 narrato
435 4618 627 4688 distinctius
648 4620 734 4687 item
761 4621 794 4688 ci
814 4621 991 4689 narranda
1018 4623 1130 4690 fuerat
1151 4629 1208 4690 Ex.
1237 4629 1279 4689 32
1307 4623 1506 4690 eorumdem

175 4745 300 4812 poena.
313 4727 418 4792 Huius
430 4725 651 4794 carnificinae
666 4727 753 4794 ratio
768 4727 924 4795 redditur
935 4730 1038 4818 plane
1055 4729 1226 4795 sufficiens
1237 4730 1504 4819 explicaturquc,

176 4830 485 4920 quomodolovitac
496 4855 559 4922 per
571 4832 686 4901 media
703 4841 815 4902 castra
829 4834 971 4903 obvium
983 4857 1155 4925 quemque
1170 4835 1377 4903 trucidantes
1389 4857 1507 4924 reapse
