3534 5384
266 406 326 465 32t
672 418 815 464 uovonuu
836 418 992 463 sacnoauu
1015 417 1195 461 institorio.

270 556 322 643 12)
345 575 482 621 sensum
505 554 540 619 h.
567 552 591 619 i.
614 574 684 618 non
708 574 786 617 eum
806 573 894 634 esse,
912 551 1037 619 vidisse
1061 557 1194 639 Moysen
1216 548 1340 616 faciem
1364 548 1440 629 uei,
1462 572 1533 617 ev.
1557 556 1595 617 13

265 660 450 727 indubium
472 666 550 727 est:
576 657 636 726 sed
659 657 869 748 loquebatur
884 686 900 719 ι(
921 679 1085 748 praesens
1111 658 1284 747 praesenti
1308 682 1323 717 a
1345 655 1485 745 (lons.),
1502 654 1596 723 nullo

265 765 500 834 intercedente
515 766 630 852 legato
643 772 693 847 et,
710 765 797 833 sicut
809 764 911 831 amici
919 764 1164 853 colloquuntur
1176 764 1214 828 in
1227 762 1304 829 loco
1316 760 1462 829 obscuro
1477 762 1594 851 (Cei.)

267 902 283 935 α
304 876 457 963 Cumque
473 871 531 939 ille
546 883 769 938 reverteretur
787 870 825 936 iu
839 883 966 953 costra,
988 869 1144 936 minister
1163 869 1236 937 eius
1249 871 1362 952 lusae,
1377 867 1474 958 filius
1496 872 1592 951 Nun,

259 1002 361 1069 preter,
391 1002 459 1046 non
486 977 661 1045 recedebat
687 977 729 1045 de
759 976 979 1044 tabernaculo
1006 1006 1041 1059 a,
1064 976 1156 1065 quod
1179 998 1251 1043 non
1278 975 1423 1043 decebat
1446 975 1596 1068 relinqui

262 1086 335 1153 siue
354 1085 504 1153 custode.

488 1306 521 1365 5.
549 1297 678 1386 Moysis
700 1296 909 1387 supplicatio
935 1296 1036 1363 tertio
1055 1299 1112 1362 Ex.
1138 1301 1371 1379 33,1u-3t,35.

309 1491 434 1574 Moyses
450 1485 494 1552 ad
504 1485 770 1576 supplicationes
784 1483 938 1565 rediens,
957 1482 1110 1573 primum
1125 1489 1164 1550 ut
1177 1488 1263 1551 Deus
1277 1482 1315 1549 in
1332 1482 1445 1551 medio
1464 1483 1594 1574 populo

263 1599 506 1683 permanenter
521 1591 671 1675 habitet,
692 1588 787 1658 cultu
810 1589 951 1679 speciali
977 1587 1202 1656 honorandus
1226 1590 1391 1679 impetrat
1413 1595 1590 1669 uate-17.

265 1697 405 1789 Triplici
426 1698 612 1787 impetrato
632 1697 751 1763 lavore
775 1696 939 1763 audacior
962 1696 1075 1762 factus
1101 1696 1269 1783 efflagitat
1295 1683 1518 1785 priyilegium
1537 1718 1595 1763 ne·

263 1806 348 1872 mini
368 1803 565 1872 mortalium
585 1825 739 1894 unquam
762 1822 960 1869 conoessum
979 1800 1191 1869 contuendae
1213 1801 1348 1869 dininas
1366 1802 1466 1869 faciei
1472 1854 1483 1889 ‚
1501 1808 1595 1869 ratus

265 1933 305 1978 eo
321 1910 462 1978 obtento
482 1910 569 1977 nihil
595 1910 664 1977 iam
682 1910 773 1990 fore,
791 1908 883 1997 quod
901 1913 1000 1975 alteo
1014 1908 1136 1997 populi
1153 1907 1288 1975 delictis
1302 1908 1490 1997 aliquando
1503 1930 1596 1976 exas-

264 2022 385 2108 perato
404 2016 607 2084 obtenturus
625 2037 696 2082 non
714 2015 768 2082 sit.
792 2016 949 2082 Divinam
970 2014 1092 2081 faciem
1116 2014 1226 2096 salva,
1246 2035 1351 2103 quam
1372 2021 1474 2095 aaut
1495 2015 1595 2103 Moysi

264 2121 531 2191 conservandam
554 2122 802 2202 affirmaverat,
823 2122 893 2188 vita
912 2120 1065 2209 conspici
1089 2119 1183 2189 haud
1206 2142 1304 2210 posse
1321 2121 1473 2187 affirmat
1490 2126 1592 2195 Deus,

263 2228 455 2319 posteriora
469 2226 661 2295 contuenda
675 2227 847 2317 promittit
861 2234 1038 2311 33,18-·23.
1058 2226 1206 2293 Tandem
1225 2232 1350 2315 Moyses
1368 2249 1444 2318 cap.
1465 2234 1507 2295 at
1526 2227 1595 2295 ioe-

264 2335 327 2402 dus
341 2357 419 2402 cum
433 2340 500 2402 Deo
516 2335 696 2401 instaurat.

371 2583 397 2620 a.
414 2569 539 2632 Moyses,
555 2570 586 2618 ut
607 2568 683 2619 Deus
697 2568 726 2618 in
740 2567 833 2617 medio
847 2566 944 2630 popuii
958 2566 1064 2617 habitet
1079 2572 1107 2617 et
1121 2568 1161 2617 ita
1175 2567 1315 2632 populum
1328 2570 1357 2617 in
1376 2570 1488 2631 plenam

610 2658 728 2721 recipiat
741 2658 875 2720 gratiam,
892 2657 1022 2719 impetrat
1035 2655 1085 2705 Ex.
1103 2655 1245 2716 tait-it.

309 2844 394 2932 Arq.
412 2840 570 2909 —Redit
589 2845 728 2929 Moyses,
747 2870 762 2901 o
780 2838 861 2907 dum
876 2838 1026 2928 quadam
1047 2838 1120 2905 vice
1137 2861 1215 2906 cum
1231 2846 1297 2907 [teo
1312 2845 1398 2907 esset
1414 2868 1429 2903 a
1445 2840 1589 2930 (Syia),

262 2950 528 3039 loquereturque
536 2948 622 3015 facie
633 2946 677 3014 ad
689 2947 824 3026 faciem,
837 2947 860 3013 i.
874 2968 904 3012 e.
915 2944 1140 3027 familiariter,
1157 2944 1200 3012 ad
1211 2967 1404 3013 sermonem
1413 2947 1510 3013 illurn
1522 2970 1595 3038 pes·

261 3056 403 3137 simum,
426 3076 529 3143 quem
544 3052 676 3120 locutus
693 3055 767 3118 erat
782 3052 943 3119 Dominus
962 3056 1063 3135 uait
1080 3052 1215 3142 (Tost.),
1233 3059 1266 3119 et
1280 3052 1472 3121 distinctius
1490 3054 1594 3121 etiam

262 3167 391 3242 :iat-3,
410 3181 650 3228 concessurum
669 3179 704 3224 se
722 3157 884 3224 Hebraeis
897 3158 1062 3245 angelum
1077 3180 1136 3225 eos
1151 3160 1430 3248 praecedentem,
1448 3159 1505 3227 sed
1524 3182 1594 3227 non

260 3267 373 3356 ipsum
385 3270 422 3333 in
439 3266 551 3332 medio
569 3286 687 3332 eorum
703 3286 773 3330 esse
785 3264 1034 3331 habitaturum.
1053 3264 1154 3331 Cuius
1166 3266 1294 3333 decreti
1304 3272 1438 3355 partem
1450 3267 1594 3334 alteram

262 3373 417 3439 revocari
436 3372 640 3461 percupiens
655 3376 815 3438 causatur
826 3376 966 3458 MoyseS,
980 3370 1046 3436 nisi
1064 3376 1151 3439 Deus
1165 3372 1199 3447 in
1219 3371 1334 3438 medio
1349 3374 1478 3463 populo
1492 3394 1594 3463 prae-

262 3500 340 3545 sens
359 3478 460 3553 adsit,
478 3477 675 3544 defuturum
686 3476 752 3544 sibi
762 3478 918 3565 quamde
934 3477 1080 3563 agendis
1099 3478 1268 3558 consulat3
1282 3480 1446 3566 angelum
1462 3481 1592 3570 quippe

263 3606 335 3651 non
349 3584 548 3650 consulebat
558 3588 700 3673 Moyses,
717 3582 777 3651 sed
793 3582 926 3650 itineris
945 3583 1065 3651 ducem
1082 3585 1303 3675 sequebatur.
1321 3585 1428 3652 Petita
1438 3585 1595 3654 coneedit

264 3697 362 3758 Deus,

299 3838 496 3887 Narrationem
511 3836 658 3887 obscuram
671 3836 763 3887 reddit
780 3840 808 3886 et
822 3836 926 3899 Moysis
946 3849 1037 3887 sermo
1056 3836 1348 3887 circumlocutionibus
1367 3838 1526 3889 desiderata
1546 3840 1594 3890 ob·

262 3927 380 3977 volvens
398 3928 427 3976 et
446 3930 539 3975 textus
552 3926 581 3974 in
601 3925 768 3989 quibusdam
786 3931 943 3989 corruptus.
961 3924 1085 3976 Primum
1106 3938 1132 3975 v.
1157 3925 1188 3975 it
1212 3924 1331 3975 habetur
1350 3907 1442 3983 itssutn
1461 3933 1529 3985 nivii
1548 3936 1592 3983 nit

265 4021 334 4076 inu,
350 4015 399 4065 uhi
414 4015 558 4065 versiones
574 4015 742 4078 punctantes
757 4026 820 4064 cum
837 4014 933 4065 Moror.
955 4020 1026 4089 'ml’
1047 4026 1104 4065 non
1117 4018 1248 4078 poterant
1266 4014 1353 4065 verba
1366 4013 1410 4083 (ci.
1431 4015 1523 4081 2330)
1538 4018 1592 4067 nisi

263 4120 299 4171 ad
319 4120 446 4184 caucium
465 4119 580 4171 reterre.
596 4120 701 4171 Verum
719 4120 841 4184 intelligi
852 4122 984 4183 angelum
1007 4121 1153 4171 contextus
1172 4119 1310 4184 prohibet.
1327 4122 1368 4173 De
1383 4122 1486 4187 angelo
1499 4127 1591 4174 actum

262 4210 305 4261 est
328 4208 516 4273 praecedente
529 4210 675 4273 pericope,
690 4209 719 4258 in
740 4211 872 4260 universo
891 4211 985 4260 autem
1007 4222 1034 4259 v.
1054 4208 1135 4260 13-23
1156 4210 1288 4259 contextu
1308 4210 1342 4260 de
1361 4212 1464 4274 angelo
1484 4224 1592 4275 nequa·

261 4310 346 4361 quam
366 4299 470 4361 agitur.
486 4296 592 4357 Quodsi
611 4310 674 4347 cum
697 4296 765 4347 Mea.
782 4297 873 4358 dicas,
888 4299 992 4361 requiri
1015 4296 1165 4359 individui,
1182 4298 1230 4361 qui
1250 4298 1402 4350 mittendus
1420 4300 1473 4359 sit,
1496 4301 1591 4363 angeli

262 4398 380 4446 nomen,
396 4391 424 4435 et
436 4386 560 4437 alienum
575 4387 642 4450 quid
656 4388 685 4435 in
700 4389 807 4436 textum
819 4385 919 4447 infers,
933 4389 962 4437 et
975 4387 1069 4450 angeli
1084 4386 1196 4437 medem
1209 4400 1312 4438 nomen
1327 4388 1441 4439 minime
1454 4389 1591 4439 edoceris.

262 4474 307 4534 iu,
322 4473 397 4537 quod
419 4488 445 4524 v.
465 4474 496 4525 it
516 4475 569 4525 sibi
588 4488 645 4525 non
664 4474 781 4525 indicari
801 4477 981 4538 conqueritur
1000 4476 1124 4537 Moyses,
1140 4481 1190 4526 aut
1208 4474 1282 4527 idem
1301 4481 1344 4527 est
1362 4479 1409 4527 aut
1429 4483 1504 4528 certe
1523 4491 1593 4529 con-

261 4574 367 4613 nexum
385 4576 450 4613 oum
468 4576 517 4625 eo,
531 4563 606 4627 quod
626 4563 700 4613 idem
719 4562 835 4613 indicari
854 4566 936 4627 rogat
954 4577 982 4615 v.
1001 4564 1053 4621 13:
1070 4568 1099 4614 at
1117 4564 1191 4615 istud
1209 4578 1319 4616 rursum
1338 4566 1408 4615 nihil
1429 4566 1513 4617 habet
1528 4578 1590 4617 oum

260 4653 365 4716 angelo
384 4663 543 4703 commune.
560 4652 711 4704 Praeterea
729 4664 841 4703 versum
863 4653 893 4703 13
914 4652 1072 4704 obscuravit
1094 4652 1170 4715 rota.
1191 4657 1302 4705 vertens
1322 4652 1418 4718 [aciem
1437 4662 1526 4717 tuam,
1542 4654 1591 4705 ubi

263 4739 360 4790 Maior,
377 4743 440 4803 Syr.
458 4741 554 4791 chald.
571 4742 676 4794 habent
697 4748 772 4822 ῬἹἹ
791 4743 865 4792 eiam
886 4750 973 4802 tuom,
989 4743 1061 4791 sou.
1079 4748 1165 4825 viii
1185 4744 1244 4793 rios
1265 4750 1338 4805 tuor,
1355 4756 1474 4807 quorum
1498 4744 1592 4795 critice

261 4832 377 4882 omnino
390 4830 536 4895 praevalet
551 4832 716 4883 auotoritas.
731 4832 794 4881 tii
807 4838 885 4913 'pm
900 4830 982 4882 tacite
994 4832 1084 4895 potuit
1098 4844 1114 4882 e
1129 4838 1204 4915 'yzit
1219 4834 1321 4883 intuitu
1335 4844 1362 4881 v.
1381 4832 1411 4883 18
1426 4832 1595 4894 delormari;
