3534 5384
723 430 788 472 rev.
812 415 905 488 aaut
926 430 989 482 soc.
1466 418 1524 477 539

192 565 422 632 tenninabnnt
444 604 489 614 -
513 592 528 625 a
555 576 588 630 et
605 563 654 630 ad
667 565 879 656 paucitatem
904 576 1027 632 currcta
1054 592 1069 625 n
1093 601 1137 616 -
1159 567 1259 632 llebr.
1286 589 1343 633 uos
1366 605 1411 616 -
1434 595 1449 629 «
1474 592 1525 635 re-

191 673 313 761 dipant
328 671 561 760 ,desertaeque
571 670 661 759 fiant
679 671 754 737 riae
768 683 897 738 uestrae
917 700 945 754 »‚
964 677 1035 738 tam
1054 671 1097 738 ob
1112 671 1296 740 hominum
1311 675 1520 762 paucitatem

191 802 295 870 quam
315 784 408 846 metu
427 779 579 845 ferarum
602 777 679 866 (Spl
702 779 740 867 .).

233 909 266 952 v.
284 892 325 952 23
348 913 365 946 α
384 885 515 967 Quodsi
523 907 585 951 nec
601 883 649 950 sic
667 883 839 951 colueritis
857 885 1007 974 recipere
1027 883 1263 974 disciplinam,
1281 885 1343 953 sed
1358 886 1484 954 ambul
1506 925 1521 938 -

189 993 304 1060 ueritis
316 1016 359 1058 ea
373 977 514 1058 aduerso
529 990 617 1057 inibi
630 1020 661 1074 »,
679 1015 711 1058 v.
729 998 771 1059 nt
787 1019 802 1053 u
820 1013 883 1081 epo
896 1013 1032 1082 quoque
1045 1003 1163 1059 contra
1178 1014 1236 1058 cos
1248 991 1413 1060 aduersus
1430 993 1523 1060 ince-

190 1098 282 1185 dam,
299 1111 331 1166 et
342 1097 535 1190 percutiam
549 1119 606 1164 uos
623 1125 640 1160 a
657 1120 718 1187 epo
732 1119 866 1188 actoque
883 1125 899 1160 a
916 1097 1038 1188 septies
1051 1109 1192 1188 propter
1203 1111 1348 1187 peccata
1363 1110 1472 1166 uestra
1489 1127 1521 1168 ».

190 1207 351 1297 Sequitur
364 1205 470 1295 plaga
482 1204 567 1272 belli
585 1203 689 1291 longe
703 1204 883 1271 severioris
904 1227 955 1285 eo,
974 1203 1068 1294 quod
1082 1227 1116 1271 v.
1143 1211 1183 1272 16
1198 1227 1248 1295 sq.
1266 1205 1517 1292 attingebatur,

189 1311 341 1380 additam
356 1311 487 1378 habens
506 1315 635 1400 pestem
651 1313 684 1378 et
697 1311 837 1378 samem.
851 1333 885 1378 v.
905 1317 946 1378 25
962 1339 978 1373 «
997 1310 1232 1401 Inducamque
1247 1334 1351 1402 super
1372 1335 1430 1378 cos
1444 1313 1482 1402 pl
1505 1352 1521 1363 -

187 1418 285 1486 dium
308 1418 454 1484 ultorem
466 1417 617 1506 foederis
640 1417 719 1483 mei.
747 1419 900 1506 Cumque
922 1417 1154 1506 confugeritis
1178 1417 1212 1483 in
1243 1421 1354 1502 trebes,
1382 1419 1519 1485 mittam

185 1523 419 1614 pestilentiam
430 1524 469 1590 in
481 1523 594 1590 medio
609 1523 724 1604 vestri,
741 1535 774 1589 et
788 1522 975 1590 trademini
991 1523 1027 1590 in
1041 1523 1200 1590 manibus
1215 1523 1365 1591 bostium
1383 1554 1412 1608 υ,
1427 1549 1459 1592 v.
1478 1531 1520 1591 26

190 1659 207 1693 a
215 1645 401 1721 postquam
419 1631 616 1720 confregero
638 1629 798 1698 baculum
810 1631 919 1720 panis
939 1631 1039 1698 vestri
1058 1658 1073 1690 »
1096 1631 1158 1718 (ΡΒ.
1178 1636 1241 1698 10t
1257 1633 1360 1720 [105]‚
1384 1638 1442 1714 16;
1460 1637 1519 1699 Ez.

188 1745 284 1820 t,to;
305 1743 402 1819 5,16;
426 1737 607 1818 1t‚13;cs.
630 1741 671 1804 ls.
693 1736 778 1825 3‚1)‚
799 1775 845 1786 —-
865 1737 1134 1804 sustentaculum
1152 1737 1256 1826 panis
1281 1757 1288 1804 :
1310 1737 1407 1805 nulla
1426 1739 1521 1806 iurat

187 1845 340 1911 humana
362 1843 541 1926 fortitudo,
566 1842 627 1910 ubi
648 1847 734 1910 Deus
756 1864 893 1910 ornnem
917 1849 1107 1910 comeatum
1127 1843 1296 1935 praecidit
1316 1884 1361 1894 -
1382 1871 1398 1906 a
1415 1846 1465 1911 itu
1484 1857 1522 1912 ut

186 1950 302 2017 decem
315 1949 474 2017 mulieres
491 1951 529 2016 in
540 1973 610 2016 uno
624 1935 923 2040 elibano'coquant
934 1971 1065 2040 panes,
1082 1961 1115 2015 et
1129 1949 1276 2016 reddant
1300 1973 1354 2017 eos
1369 1949 1417 2018 ad
1428 1973 1521 2040 pon-

188 2055 252 2123 dus
278 2084 308 2124 s.
337 2083 353 2117 a
376 2062 422 2124 Eo
444 2056 600 2123 deveniet
623 2078 737 2123 rerum
760 2056 896 2140 caritas,
926 2061 962 2123 ut
981 2055 1137 2123 clibanus
1162 2056 1309 2124 sufficiat
1331 2056 1521 2148 coquendis

186 2163 334 2253 panibus
350 2163 469 2231 decem
485 2162 712 2243 familiarum,
732 2166 767 2229 et
783 2163 1058 2230 matresfamilias
1077 2184 1203 2253 panem
1216 2164 1309 2230 hunc
1325 2163 1521 2232 domesticis

187 2271 255 2338 suis
277 2276 311 2336 ct
333 2269 414 2337 filiis
437 2269 644 2337 distribuant
664 2268 709 2336 ad
730 2269 864 2359 pondus
885 2275 920 2336 et
943 2291 1159 2352 mensuram,
1182 2275 1219 2336 nt
1249 2270 1376 2358 singuli
1402 2270 1518 2337 minus

159 2384 161 2389 '
187 2399 292 2467 quam
310 2398 374 2467 pro
394 2377 566 2444 voluntate
586 2375 767 2466 accipiant.
789 2379 957 2443 Numerus
976 2374 1094 2443 decem
1112 2376 1204 2444 valet
1223 2399 1287 2466 pro
1301 2397 1448 2446 numero
1467 2379 1521 2444 in-

186 2482 329 2551 definito
351 2511 366 2543 a
390 2481 545 2572 (Galus).
570 2509 586 2544 a
606 2484 653 2548 m
670 2480 863 2566 connectens,
887 2495 919 2548 et
936 2505 1004 2548 non
1023 2482 1268 2550 saturabimini
1289 2509 1319 2549 s.

230 2611 263 2657 v.
289 2596 331 2656 27
358 2616 375 2651 «
397 2589 462 2658 Sin
481 2602 595 2656 aedem
615 2611 677 2658 nec
692 2612 760 2678 per
778 2588 859 2655 baec
887 2588 1068 2656 audieritis
1090 2613 1154 2675 me,
1178 2589 1240 2656 sed
1258 2589 1521 2658 ambulaveritis

186 2708 304 2764 contra
321 2717 375 2764 me
392 2725 423 2782 »,
444 2719 477 2765 v.
496 2702 540 2764 28
554 2725 570 2758 (ι
584 2708 616 2762 et
631 2718 693 2784 epo
709 2694 867 2762 incedam
885 2694 1045 2762 aduersus
1060 2718 1116 2760 uos
1134 2695 1171 2759 in
1183 2697 1301 2783 furare
1316 2709 1437 2764 contra
1447 2698 1516 2781 rio,

186 2815 218 2868 et
241 2803 424 2892 corrudam
443 2815 570 2891 septem
587 2801 725 2890 [Plagis]
754 2827 769 2858 »
789 2839 832 2849 —-
851 2801 984 2887 corrige
996 2801 1131 2890 septies,
1153 2801 1202 2868 uti
1219 2825 1251 2868 v.
1272 2807 1324 2869 18.
1342 2809 1396 2869 21.
1415 2809 1459 2870 ib
1477 2841 1521 2853 —

189 2939 204 2969 u
222 2921 362 2998 propter
378 2920 524 2997 peccata
541 2919 653 2974 vestra
676 2935 705 2989 s,
726 2930 759 2975 v.
782 2913 823 2974 29
846 2935 862 2968 a
886 2905 935 2974 ila
958 2920 996 2973 ut
1015 2907 1201 2975 comedatis
1223 2930 1341 2975 carmes
1357 2908 1511 2998 liliorum

189 3028 371 3080 uestrorum
385 3026 419 3079 et
428 3013 584 3103 filiarum
605 3025 792 3081 vestrarum
813 3041 829 3074 »
849 3013 959 3102 (Deut.
977 3017 1166 3102 nasa-57).
1185 3038 1217 3081 v.
1235 3020 1278 3081 30
1298 3043 1314 3076 «
1332 3019 1512 3082 Destruam

185 3119 318 3186 eucelsa
340 3131 450 3187 cestra
477 3148 506 3200 »‚
528 3119 588 3188 illa
608 3142 654 3187 sc.
682 3120 742 3188 ubi
761 3142 831 3187 non
851 3142 951 3188 verus
973 3126 1060 3189 Deus
1078 3121 1138 3188 sed
1156 3121 1240 3187 lalsa
1258 3122 1405 3189 numina
1424 3123 1516 3190 cole-

185 3227 313 3294 bantur
333 3226 488 3316 (Bonsr.;
508 3227 551 3293 cl.
573 3230 671 3293 Num.
699 3227 829 3316 33‚52),
856 3255 872 3289 a
899 3239 931 3294 et
947 3227 1135 3295 simulacra
1160 3227 1377 3318 confringam
1404 3255 1434 3294 η.
1458 3235 1517 3296 Se-

185 3331 453 3401 cundumtl‘ar.
467 3339 545 3415 blut
560 3349 662 3399 uttan
683 3335 718 3399 in
733 3333 833 3400 altari
845 3333 997 3417 stabant,
1011 3356 1095 3421 ergo
1104 3335 1286 3401 columnae
1303 3341 1361 3403 aut
1381 3341 1513 3402 statuae

185 3439 332 3507 formam
341 3439 546 3517 induebant.
560 3441 607 3507 Cl.
620 3447 641 3505 2
656 3443 731 3507 Par.
747 3445 824 3522 tt,5
847 3440 911 3528 (t);
929 3445 973 3508 ts,
990 3447 1084 3524 17,8;
1102 3446 1200 3522 2293
1214 3445 1267 3508 Fn.
1284 3448 1354 3524 bd.
1370 3449 1402 3508 6.
1419 3469 1434 3504 u
1450 3442 1517 3509 Ga-

186 3546 272 3612 delis
286 3545 376 3612 inter
386 3547 507 3612 recinas
524 3545 697 3612 idolorum
717 3559 905 3613 uestrorum
923 3573 953 3614 s.
968 3548 1146 3615 Nervosius
1158 3546 1261 3614 Hebr.
1280 3570 1292 3614 :
1308 3560 1340 3614 et
1355 3548 1442 3616 dabo
1458 3571 1517 3615 ca-

186 3653 310 3719 dauera
331 3665 442 3719 vestra
462 3675 564 3742 super
584 3653 752 3720 cadavera
775 3665 974 3720 tmcncorum
997 3667 1200 3735 vestromtm,
1226 3677 1295 3744 quo
1319 3668 1516 3722 truncorum

183 3760 322 3826 nomine
341 3764 436 3827 Dent.
452 3765 640 3850 ae‚1csq.;
656 3766 675 3826 3
689 3764 773 3846 Reg.
791 3766 828 3826 ut
839 3765 908 3843 ,263
929 3765 947 3826 b
963 3763 1046 3846 Reg.
1071 3767 1172 3844 tm
1185 3765 1218 3827 et
1234 3783 1333 3850 saepe
1351 3761 1445 3850 apud
1457 3765 1511 3830 ΕΖ.

185 3866 415 3934 veniuntfalsi
426 3865 495 3949 dei,
507 3869 541 3933 et
550 3865 713 3933 audacter
727 3871 857 3933 statuae
871 3866 1053 3934 subversae
1064 3865 1230 3934 cadauera
1251 3866 1424 3935 dicuntur.
1440 3895 1456 3928 «
1471 3870 1516 3934 Et

185 3972 438 4038 abominabitur
450 3972 635 4039 cosanima
651 3995 727 4039 mea
745 3999 762 4034 »
778 3995 810 4039 v.
829 3980 868 4040 31
890 4001 905 4034 «
923 3973 972 4062 [in
988 3985 1133 4056 tantum,
1149 3982 1196 4066 ccl]
1214 3977 1311 4040 urbes
1326 3986 1452 4042 vestras
1464 3997 1517 4041 re·

185 4078 304 4167 dipem
316 4078 353 4144 in
365 4078 597 4165 solitudinem,
612 4092 645 4145 et
655 4078 789 4146 deserta
795 4078 931 4166 faciam
942 4081 1140 4147 sanctuaria
1153 4093 1263 4148 cestra
1276 4109 1305 4163 n,
1321 4107 1337 4144 a
1346 4082 1513 4171 sivequae

184 4185 300 4262 idolis,
317 4185 387 4252 sive
403 4185 589 4275 quaemihi
607 4185 787 4254 dedicastis
803 4213 833 4267 a,
848 4185 961 4276 inquit
973 4189 1063 4256 Men.
1079 4192 1121 4254 st
1133 4187 1239 4254 verba
1250 4192 1369 4254 monet
1388 4190 1512 4278 Bnnfr.

184 4290 230 4358 ad
252 4292 361 4359 solum
381 4293 483 4358 lahve
507 4292 740 4359 sanctuarium
759 4292 922 4380 restringi
945 4293 1168 4383 sequentibus
1189 4317 1197 4360 ε
1226 4321 1241 4356 a
1262 4315 1322 4360 nec
1347 4294 1509 4385 recipiam

184 4395 296 4488 {cultra}
307 4398 445 4465 odorem
460 4399 697 4465 suavissimum
711 4427 741 4479 s,
759 4427 775 4457 «
788 4399 811 4466 i.
827 4421 857 4464 e.
870 4421 940 4488 quo
952 4399 1082 4489 placari
1092 4399 1245 4466 solebam
1259 4427 1275 4462 n
1292 4399 1378 4490 (Sa).
1397 4404 1510 4488 Reap-

183 4525 219 4570 se
237 4505 340 4570 Hebr.
361 4505 521 4572 suffixum
544 4504 736 4572 adscribit:
762 4517 922 4572 uestrum.
948 4511 1107 4592 llagnum
1130 4506 1260 4596 populo
1287 4513 1338 4574 est
1368 4506 1514 4574 infortu-

184 4611 281 4678 nium
295 4611 325 4678 si
338 4611 515 4693 sacrificia,
531 4611 658 4702 quibus
673 4632 799 4678 numen
819 4611 944 4700 placet,
960 4612 1142 4679 desacratis
1155 4613 1237 4680 locis
1251 4612 1375 4680 sanctis
1393 4613 1508 4679 offerri

185 4717 254 4785 iam
269 4723 454 4806 nequeant.
470 4741 501 4783 v.
522 4724 564 4784 32
581 4745 597 4779 a
614 4715 886 4807 Disperdamque
900 4729 1026 4785 terram
1039 4730 1195 4802 cestram,
1210 4731 1241 4786 et
1256 4721 1437 4808 stupebunt
1452 4742 1508 4785 su·

177 4847 243 4912 per
256 4846 299 4890 ea
317 4823 453 4889 inimici
470 4825 588 4908 uestri,
612 4845 689 4891 cum
708 4822 917 4891 dubitatores
942 4823 1037 4892 illius
1051 4825 1186 4913 fecerint
1200 4853 1235 4906 n,
1256 4855 1272 4886 a
1293 4825 1507 4893 severitatem
