3534 5384
264 306 324 365 130
546 376 552 388 .
748 318 787 361 nx
808 316 946 363 inurere
962 319 998 374 ¹us
1020 317 1115 364 sium.
1146 346 1150 351 -

263 458 390 539 Moyses
401 473 480 518 cnm
492 451 544 532 iis,
562 450 623 541 qui
639 473 744 541 prope
759 452 881 518 urbem
898 451 1031 538 regiam
1045 451 1269 534 incoluerant,
1288 452 1399 542 primo
1409 454 1593 543 proiectio-

260 560 315 627 nis
326 559 384 627 die
397 561 432 624 in
448 564 635 626 extremam
648 557 800 645 regionis
815 562 937 626 Gessen
950 564 1082 649 partem
1096 580 1131 625 se
1147 559 1303 640 contulit,
1323 558 1402 627 inde
1421 583 1498 628 mox
1512 584 1593 629 cum

261 664 423 733 omnibus
444 665 480 732 in
497 665 620 731 Etham
636 665 857 751 migraturus.
875 664 966 732 illud
980 664 1023 731 de
1039 662 1216 756 peditibus
1232 667 1399 753 suggessit
1413 670 1469 733 Ps.
1487 668 1592 735 Iona-

261 773 355 857 ttae,
373 771 535 837 mulieres
549 774 583 838 et
601 769 730 839 liberos
747 775 858 837 vectos
873 793 945 838 esse
959 770 1120 838 iumentis
1139 775 1172 838 et
1187 770 1473 862 plaustris;·,qu0d
1490 775 1593 843 etiam

259 879 379 947 suadet
393 878 555 965 analogia
574 899 653 944 cum
668 880 748 943 Gen.
767 883 888 959 31,1*1;
906 883 999 960 t6,5.
1015 878 1174 945 Virorum
1189 899 1353 945 numerus
1372 851 1505 948 abiecto
1520 884 1593 971 sere

258 986 456 1072 agnoscitur
474 982 566 1051 tradi
587 984 880 1073 approximativus
898 989 1035 1051 tantum
1053 982 1183 1073 (lectt,
1202 991 1385 1074 monetque
1410 987 1518 1054 Calm.
1540 996 1593 1056 sat

256 1090 496 1183 probabiliter,
515 1095 651 1178 Moysen
670 1096 869 1157 accuratum
889 1112 1030 1159 censum
1046 1090 1203 1158 nondum
1220 1090 1415 1159 instituisse.
1434 1098 1589 1162 Ceterum

256 1198 300 1265 de
316 1218 462 1265 numero
480 1196 555 1287 ipso
575 1194 760 1263 dicendum
776 1196 841 1263 erit
860 1196 905 1264 ad
924 1200 1023 1266 Num.
1043 1203 1073 1264 1.
1096 1220 1127 1263 v.
1150 1203 1192 1264 38
1211 1226 1227 1259 a
1242 1196 1358 1265 Sedet
1374 1199 1495 1288 vulqus
1511 1223 1593 1284 pro-

256 1304 425 1371 miscuum
449 1301 703 1370 innumerabile
726 1332 742 1364 »
766 1340 812 1353 -
829 1302 953 1391 reliqui
974 1302 1124 1369 multum
1146 1343 1190 1353 —
1216 1332 1231 1365 (ι
1253 1304 1410 1371 ascendit
1426 1328 1503 1372 eccm
1524 1309 1589 1392 eir,

254 1434 330 1478 oves
343 1421 375 1477 et
389 1419 549 1477 armenta
559 1421 591 1476 et
601 1408 800 1476 animantia
814 1407 1104 1499 [dieerst'qeneris]
1116 1409 1226 1477 multa
1238 1410 1345 1478 nimis
1362 1438 1392 1478 a.
1407 1412 1473 1480 Sed
1490 1436 1593 1505 copu-

253 1518 322 1585 lam
343 1516 501 1583 ultimam
517 1515 684 1603 ignorant
698 1518 792 1582 Sam.
812 1514 948 1602 Chald„
966 1520 1003 1582 ut
1021 1538 1092 1585 una
1107 1538 1189 1583 voce
1203 1516 1396 1585 animantia
1413 1540 1590 1587 resuman-

254 1632 310 1692 tur
333 1623 404 1689 duo
426 1622 568 1689 nomine
589 1626 691 1689 antea
706 1622 834 1711 scripta
848 1644 926 1689 oues
944 1628 979 1689 et
997 1633 1171 1705 armenta,
1188 1622 1212 1691 i.
1230 1645 1260 1690 e.
1277 1626 1426 1713 pecudes
1440 1626 1591 1695 minores

252 1737 286 1798 et
299 1728 459 1797 maiores.
473 1729 616 1819 Aliquos
631 1750 668 1796 se
681 1728 842 1796 Hebraeis
855 1728 1043 1819 Aegyptios
1056 1728 1220 1812 iunxisse,
1231 1729 1324 1797 disee
1335 1752 1354 1797 e
1366 1736 1444 1799 Lev.
1469 1740 1590 1817 2t‚10;

250 1842 348 1905 Num.
372 1841 463 1919 11,t,
480 1835 624 1903 tortasse
643 1834 739 1925 quod
760 1857 865 1903 unam
889 1858 907 1903 e
931 1841 982 1903 tot
1000 1835 1113 1925 plagis
1133 1837 1252 1926 procul
1271 1836 1385 1926 patria
1408 1848 1590 1929 sperarent

249 1945 407 2025 sulutem,
425 1948 486 2010 aut
499 1942 576 2009 aliis
592 1942 635 2009 de
649 1941 776 2024 causis3
793 1942 961 2032 reliquias
973 1948 1148 2009 Pastorum
1165 1942 1322 2033 (Hyksos)
1335 1945 1465 2012 aliosve
1479 1968 1518 2013 ex
1528 1952 1590 2013 Ae-

249 2056 358 2140 gypto
369 2048 534 2118 inferiore
546 2048 690 2115 Semitas
701 2057 896 2136 suggerunt
911 2048 983 2117 alii.
998 2052 1122 2115 Verum
1134 2048 1255 2116 silente
1264 2052 1357 2117 textu
1368 2050 1463 2119 haud
1476 2057 1588 2119 tutum

252 2163 301 2224 est
314 2155 503 2247 quidquam
515 2154 699 2222 affirmare.
715 2159 820 2223 Porro
830 2154 868 2222 in
881 2176 972 2244 pago
988 2156 1194 2237 Socothuna
1205 2178 1260 2223 res
1274 2163 1350 2224 acta
1362 2164 1411 2225 est
1420 2158 1590 2227 oblivioni

250 2284 471 2352 nequaquam
492 2261 749 2352 permittenda:
781 2284 813 2327 v,
840 2267 881 2327 39
904 2288 919 2323 u
945 2264 1184 2350 Coaeruntque
1196 2262 1372 2350 farinam,
1389 2286 1495 2353 quam
1511 2264 1590 2353 [tlu-

252 2368 345 2459 dum]
370 2368 411 2434 de
431 2370 587 2458 Aegypto
612 2396 628 2429 a
646 2368 796 2456 reliqua,
818 2368 931 2453 magis
954 2368 1166 2434 occidentem
1187 2374 1359 2458 spectante
1383 2398 1398 2431 u
1420 2370 1591 2461 [consper-

251 2475 336 2563 sam]
352 2474 522 2554 tulerant,
545 2477 591 2559 [et
605 2476 776 2563 fecerunt-l
796 2472 1038 2540 subcinericias
1055 2496 1166 2563 panes
1185 2496 1346 2564 asperam·
1359 2499 1468 2567 neque
1495 2479 1588 2545 enim

248 2592 409 2673 poteraut
425 2581 644 2669 fermentari,
663 2580 864 2670 repentibus
889 2580 981 2646 eaire
996 2579 1177 2671 Aegyptiis
1200 2595 1232 2647 et
1251 2581 1386 2650 nullam
1401 2583 1521 2671 secere
1539 2585 1588 2651 si-

248 2688 409 2757 nentibus
426 2708 579 2771 moram,·
597 2708 659 2753 nee
671 2685 843 2777 pulmenti
864 2685 1058 2777 quidquam
1081 2688 1300 2776 [recturerat]
1320 2712 1532 2779 praeparare
1555 2722 1585 2759 ».

251 2796 364 2864 Prima
383 2794 457 2861 vice
475 2794 525 2860 ibi
542 2805 647 2860 tortas
667 2795 766 2883 panis
788 2792 902 2881 azymi
921 2799 1098 2861 coxerunt.
1116 2792 1167 2861 Ad
1186 2794 1342 2861 divinum
1364 2803 1464 2881 tata
1487 2820 1588 2865 man-

252 2903 371 2971 datum
387 2899 638 2968 observandum
654 2900 721 2967 hae
734 2899 848 2990 prima
862 2900 936 2967 vice
950 2922 990 2965 eo
1002 2900 1105 2967 etiam
1119 2900 1417 2969 mandueebantur
1429 2904 1584 2987 Hebraei,

254 3008 350 3099 quod
369 3008 468 3076 aliter
486 3029 589 3094 agere
611 3005 751 3073 omnino
766 3028 836 3073 non
853 3010 1003 3095 possent.

301 3122 385 3183 Cum
400 3113 624 3181 commoratio
640 3112 843 3202 aegyptiaca
856 3112 926 3180 iam
942 3112 1106 3181 adfinem
1122 3118 1257 3201 vergat,
1276 3116 1350 3181 eius
1362 3120 1434 3183 tota
1449 3117 1586 3185 duratio

254 3221 458 3289 describitur
481 3244 514 3287 v.
534 3227 575 3287 tc
598 3240 606 3287 :
626 3248 641 3280 a
658 3217 836 3285 Habitatio
861 3232 977 3286 autem
989 3218 1145 3309 filiorum
1160 3220 1280 3304 lsrael,
1304 3243 1374 3311 qua
1388 3238 1588 3291 manserunt

254 3329 292 3395 in
306 3331 479 3418 Aegypto,
494 3326 567 3415 suit
582 3324 911 3417 quadrinpentontm
924 3325 1069 3416 triginta
1082 3349 1252 3393 annorum
1266 3355 1297 3393 ».
1314 3351 1347 3394 v.
1366 3334 1406 3396 tt
1421 3358 1437 3390 u
1456 3331 1586 3411 Quibus

255 3434 414 3526 repletis,
435 3432 555 3501 eadem
575 3432 631 3499 die
648 3455 801 3522 opressus
820 3445 871 3499 est
886 3433 996 3499 omnis
1016 3433 1182 3500 euerritur
1200 3434 1342 3501 Domini
1356 3433 1398 3500 de
1419 3448 1509 3502 terra
1523 3441 1586 3503 rte·

252 3542 355 3632 pypti
366 3568 397 3609 ».
416 3544 590 3618 Quaenam
609 3539 682 3607 dies
698 3539 904 3626 intelligitur
924 3538 982 3630 (ci.
998 3544 1079 3608 Gen.
1103 3546 1199 3623 7‚13;
1221 3548 1333 3623 mae.
1352 3541 1430 3631 2⁶l'?
1447 3542 1584 3610 bieim-

253 3648 402 3716 mediate
427 3655 657 3736 consequente
681 3646 947 3735 completionem
972 3651 1036 3714 t30
1061 3669 1248 3730 annorum,
1275 3648 1389 3738 inquit
1414 3650 1486 3716 Cai.
1514 3672 1527 3715 .·
1550 3657 1586 3716 at

252 3776 377 3847 parum
391 3752 573 3844 probabile
586 3758 646 3833 est,
664 3752 712 3819 ita
727 3757 883 3820 accurate
898 3773 963 3842 per
978 3760 1040 3821 tao
1056 3775 1163 3821 annos
1177 3754 1347 3821 Hebraeos
1359 3756 1433 3823 dies
1442 3776 1583 3846 compu-

250 3870 350 3930 tasse.
372 3863 482 3928 lbet:
499 3882 617 3928 omnes
634 3859 738 3927 simul
753 3882 820 3926 nno
842 3858 914 3939 die,
932 3858 991 3925 sed
1008 3860 1038 3926 is
1056 3881 1126 3926 non
1146 3866 1196 3927 est
1213 3862 1438 3951 expressionis
1450 3884 1580 3932 sensus.

250 3972 297 4036 Sa
312 3991 324 4034 :
343 3998 359 4031 «
380 3969 456 4058 ipsa
472 3967 544 4050 die,
566 3966 609 4035 de
629 3991 699 4057 qua
718 3988 823 4057 supra
844 3994 874 4049 n,
896 3966 972 4055 ipsa
989 3966 1044 4033 die
1066 3972 1121 4033 15⁸
1136 3966 1261 4034 mensis
1279 3966 1383 4056 primi
1406 3968 1461 4055 (cf.
1482 3974 1580 4037 Num.

252 4079 343 4162 tae)
363 4076 407 4142 de
422 4098 492 4164 qua
510 4080 558 4142 tot
573 4097 635 4164 per
656 4074 723 4141 hoc
746 4077 849 4163 caput
873 4072 1090 4140 dicebantur.
1110 4076 1148 4140 Et
1162 4073 1318 4159 adverte,
1337 4097 1369 4142 v.
1396 4081 1437 4140 17
1460 4073 1582 4142 iisdem

248 4182 351 4269 plane
367 4180 480 4248 verbis
494 4186 600 4249 Deum
614 4180 650 4247 id
663 4183 818 4248 futurum
828 4179 1038 4269 promisisse,
1058 4180 1151 4267 quod
1165 4181 1201 4249 b.
1215 4180 1239 4245 l.
1256 4180 1413 4249 ellectum
1426 4203 1583 4270 pronun-

248 4286 355 4353 tiatur
372 4308 380 4356 :
399 4314 416 4350 «
428 4288 555 4355 uadem
569 4289 634 4355 hac
646 4274 702 4355 die
721 4286 867 4355 educam
880 4286 1047 4353 exercitus
1066 4291 1195 4354 vestros
1214 4284 1255 4353 de
1273 4292 1366 4354 terra
1380 4288 1525 4378 Aegypti
1547 4316 1577 4356 r.

286 4460 356 4512 Gen.
376 4461 469 4522 15,13;
487 4461 548 4511 Act.
561 4461 607 4522 7,6
622 4468 650 4511 et
662 4460 736 4525 apud
748 4462 797 4511 ios.
815 4461 881 4510 Ant.
895 4458 934 4509 il.
952 4460 993 4510 9.1
1010 4460 1140 4510 scribitur
1151 4472 1283 4511 numerus
1297 4460 1433 4511 rotundus
1443 4460 1579 4523 quadria-

248 4536 388 4612 qemorum
399 4558 547 4601 annornm.
561 4549 666 4600 Tamen
681 4550 733 4599 ior.
750 4561 897 4600 numerum
911 4547 962 4599 430
978 4550 1044 4599 Ani.
1061 4548 1097 4598 II.
1116 4548 1156 4600 15.
1170 4548 1287 4601 thabat..
1299 4552 1370 4599 Saue.
1384 4551 1449 4614 post
1459 4548 1578 4614 fitiorum

246 4639 332 4689 israel
348 4639 444 4689 scribit
462 4644 490 4689 et
502 4645 614 4703 patrum
632 4652 737 4698 eorum·
761 4639 827 4689 dein
849 4639 912 4701 ipse
932 4638 974 4688 nti
991 4638 1053 4687 m
1072 4636 1149 4687 addit
1175 4644 1198 4687 ct
1224 4638 1256 4687 ia
1271 4639 1414 4688 Cianaan.
1437 4638 1473 4689 Hi
1491 4639 1576 4701 igitur

245 4726 296 4778 iso
308 4739 399 4778 annos
410 4728 557 4792 assignant
570 4738 628 4779 non
642 4727 697 4779 soli
710 4726 834 4779 tiliorum
850 4726 937 4777 Israel
958 4727 987 4775 in
1009 4728 1152 4791 Aegypto,
1169 4726 1219 4778 sed
1234 4728 1349 4778 seminis
1366 4726 1446 4777 eiecti
1460 4726 1525 4777 inde
1540 4727 1575 4777 ab
