3534 5384
641 468 735 514 isoes
757 469 869 514 inuras
890 469 947 514 non
970 469 1082 516 uorsa.
1489 454 1524 512 21

193 603 328 685 quippe,
345 620 426 682 quae
446 601 486 663 ad
506 619 612 663 mores
632 606 792 686 spectant,
806 604 839 662 in
854 621 888 664 se
911 603 1041 681 quidem
1060 604 1189 666 minuta
1206 621 1276 665 esse
1294 604 1367 682 quis
1384 605 1528 682 reputet,

192 705 267 763 sunt
284 704 393 761 autam
408 717 470 761 nou
488 700 662 779 spernendi
678 701 834 762 momenti
849 701 1043 780 adpopulos
1061 703 1096 762 in
1111 702 1229 781 pietate
1244 706 1277 763 et
1289 701 1411 762 iustitia
1426 700 1527 761 conti-

192 797 326 860 nendos.

231 897 263 957 b.
279 896 364 956 luter
377 912 414 956 ea
426 911 507 972 quae
520 894 646 973 legibus
659 895 757 956 Exodi
769 900 801 957 et
814 896 944 958 levitici
958 896 1157 969 sanciuntur,
1171 900 1247 958 sunt
1258 896 1366 975 plura,
1380 912 1462 973 quae
1478 895 1529 954 vel

193 1011 211 1055 a
229 993 417 1072 patriarchis
431 992 481 1052 vel
502 994 541 1053 ab
559 992 631 1053 aliis
649 994 801 1071 gentibus
821 995 1039 1055 servabantur.
1055 994 1314 1056 Patriarcharum
1330 993 1402 1054 illos
1424 1007 1530 1053 mores

193 1090 277 1170 apud
286 1095 432 1168 posteros
447 1107 548 1168 usque
565 1091 694 1168 Moysen
709 1107 938 1170 perseverasse,
952 1108 1009 1169 per
1024 1108 1058 1152 se
1069 1095 1167 1171 patet.
1183 1091 1356 1163 Quaerere
1372 1089 1530 1151 Hebraeo-

192 1205 263 1249 rum
284 1205 360 1249 cum
381 1187 453 1246 aliis
475 1187 624 1267 gentibus
648 1192 724 1249 sunt
745 1189 944 1260 communia,
962 1205 998 1250 ea
1018 1206 1083 1249 non
1106 1189 1222 1268 Moysis
1241 1188 1373 1249 tandem
1391 1204 1468 1248 aero
1490 1187 1529 1249 ab

192 1284 256 1345 illis
271 1285 418 1363 gentibus
433 1285 570 1346 mutuati
586 1289 660 1346 sunt
679 1285 815 1346 Hebraei
833 1303 840 1344 :
855 1285 929 1363 quis
944 1286 1031 1346 enim
1045 1285 1269 1359 affirmaverit,
1286 1285 1403 1346 lehren
1422 1301 1530 1346 mores

193 1386 224 1443 et
242 1383 329 1462 leges
349 1381 473 1460 aliquas
489 1383 734 1461 Aegyptiorum,
752 1383 1016 1444 chananaeorum
1031 1387 1092 1444 etc.
1110 1400 1148 1444 eo
1165 1384 1236 1462 ipso
1255 1388 1402 1462 tempore
1421 1382 1454 1442 in
1468 1382 1529 1442 He-

191 1480 302 1541 braeos
317 1479 536 1553 transtulisse,
550 1497 615 1558 quo
630 1480 701 1541 illos
716 1481 755 1541 ab
776 1480 942 1542 imitandis
958 1497 1068 1542 earum
1084 1481 1230 1559 gentium
1246 1481 1391 1541 moribus
1407 1484 1440 1540 et
1456 1495 1530 1539 con-

192 1575 416 1638 suetudinibus
433 1581 499 1638 tam
514 1576 642 1638 assidue
661 1577 911 1639 dehortabatur?
925 1577 986 1639 Sed
1004 1578 1059 1639 illa
1080 1596 1097 1639 e
1115 1578 1281 1639 communi
1296 1577 1530 1638 Noachidarum

189 1680 264 1736 ante
279 1674 512 1753 dispersionem
531 1674 617 1736 tonte
636 1680 814 1737 manarunt.
832 1675 933 1736 Certis
947 1675 1079 1737 tandem
1101 1675 1224 1754 legibus
1240 1676 1290 1736 vel
1307 1681 1380 1735 ante
1401 1675 1531 1751 Moysen

191 1772 325 1833 Hebraei
348 1772 525 1833 vivebant:
548 1789 601 1833 eas
621 1772 731 1844 labae,
748 1772 803 1834 ubi
823 1789 905 1850 opus
926 1777 1012 1834 esset
1032 1772 1233 1844 emendatas,
1252 1772 1386 1834 retinuit
1406 1788 1528 1848 suaque

191 1869 294 1930 sanxit
311 1869 512 1930 auctoritate.

226 2050 387 2102 Generatim
401 2049 592 2101 conceduntur
605 2035 796 2101 Hebraeorum
811 2063 893 2101 sacra
910 2052 939 2100 iu
955 2050 1082 2115 pluribus
1096 2049 1192 2101 cilinia
1205 2049 1293 2101 luisse
1307 2061 1452 2100 sacrorum
1466 2062 1530 2099 oum

189 2139 391 2203 Aegyptiorum
400 2143 459 2189 tum
474 2139 623 2188 anterioris
642 2139 725 2190 Asiae
736 2137 919 2204 populorum,
935 2151 1028 2190 mores
1042 2152 1110 2190 vero
1123 2143 1152 2190 et
1166 2139 1245 2202 leges
1262 2139 1404 2190 exstitisse
1413 2150 1529 2201 prorsus

188 2227 319 2277 aemiliae.
336 2227 448 2278 Fratres
462 2229 527 2277 sunt
541 2225 774 2290 Babyloniorum,
791 2227 1026 2280 chananaeorum
1048 2229 1077 2279 et
1093 2228 1232 2292 imprimis
1252 2227 1374 2278 Arabum
1397 2225 1527 2277 Hebraei·

189 2316 373 2376 Holocausta,
389 2316 533 2377 miucbae,
550 2315 666 2380 pacifica
684 2316 729 2367 vel
748 2317 778 2366 in
800 2317 904 2367 Genesi
923 2319 1186 2368 commemorantur.
1209 2315 1321 2366 Hostias
1341 2328 1393 2380 pro
1412 2316 1528 2379 peccato

189 2403 630 2467 offerebat10n1,5,1icettotas
647 2405 776 2455 victimas
796 2405 982 2456 combureret.
1008 2404 1090 2456 Servi
1106 2417 1202 2455 aurem
1222 2403 1402 2469 perforabant
1422 2402 1529 2453 Arabes

189 2493 293 2558 aliique
303 2489 339 2561 (r.
349 2491 440 2560 inira).
450 2493 628 2544 Matrimonia
637 2493 778 2558 prohibita
788 2493 862 2558 apud
874 2493 981 2544 Arabes
989 2493 1048 2545 iere
1057 2493 1156 2544 eadem
1166 2495 1251 2557 atque
1262 2491 1331 2544 Lev.
1349 2491 1391 2542 18.
1401 2490 1461 2541 Etc.
1473 2492 1526 2541 etc.

228 2676 255 2720 c.
272 2659 371 2738 Finge
387 2662 487 2719 totam
505 2658 594 2719 illam
607 2659 730 2739 legem,
747 2676 819 2720 eum
836 2675 961 2720 sacram
975 2665 1044 2720 tum
1061 2659 1244 2737 protanam,
1259 2657 1411 2719 Hebraeis
1427 2657 1528 2734 impo-

189 2756 282 2816 sitam
302 2773 372 2816 esse
391 2774 512 2816 novom.
528 2757 642 2818 Recole
661 2774 771 2834 porro,
790 2761 869 2835 quot
883 2757 984 2816 nostri
1003 2757 1118 2817 levitae
1140 2757 1278 2829 tirones,
1294 2754 1371 2817 dum
1391 2754 1526 2817 rubricis

188 2854 379 2924 assuefiunt,
397 2870 514 2914 naevos
529 2853 748 2927 committant,
768 2859 844 2931 quot
859 2853 995 2915 absurda
1013 2853 1129 2915 rustici
1147 2854 1254 2932 legum
1269 2852 1368 2931 ignari
1384 2851 1527 2929 quando-

189 2966 249 3028 que
268 2953 467 3029 perpetrent3
490 2953 521 3010 et
545 2949 721 3030 imaginare
746 2951 929 3011 continuam
955 2951 1038 3012 circa
1062 2951 1193 3029 Moysen
1215 2949 1249 3009 in
1270 2949 1397 3009 deserto
1419 2965 1526 3008 rerum

188 3047 332 3108 omnium
366 3047 652 3127 perturbationem,
683 3047 841 3108 Aaronitis
873 3053 1056 3109 constanter
1088 3046 1380 3125 praevaricantibus
1416 3049 1527 3105 contra

188 3145 399 3205 caerimonias
417 3149 483 3205 tam
502 3162 601 3204 novas
621 3148 753 3223 tamque
772 3144 961 3224 impeditas,
979 3145 1104 3206 cunctis
1124 3162 1158 3205 se
1177 3143 1311 3205 infinitis
1330 3143 1525 3222 implicanti-

189 3242 248 3302 bus
266 3242 508 3320 impuritatibus
528 3241 695 3320 legalibus.
712 3244 781 3303 Non
796 3260 897 3303 unum
915 3243 1015 3304 altare
1035 3242 1214 3304 suffecisset
1233 3241 1442 3302 absorbendis
1463 3240 1525 3300 illis

189 3355 246 3416 pro
262 3343 392 3417 peccato
413 3344 445 3400 et
463 3356 520 3418 pro
542 3338 660 3400 delicto
679 3339 879 3400 hecatombis
892 3339 914 3413 ¹,
930 3358 995 3400 non
1014 3342 1139 3419 Moyses
1159 3356 1234 3400 cum
1249 3343 1352 3400 Aaron
1371 3343 1525 3415 quatuor·

189 3453 252 3514 que
267 3436 358 3510 filiis,
372 3437 438 3497 imo
451 3454 555 3515 neque
571 3437 790 3516 septuaginta,
803 3437 862 3515 qui
874 3439 931 3498 Er.
948 3439 987 3498 18
1004 3437 1171 3498 constituti
1184 3437 1326 3507 luerent,
1344 3435 1463 3498 iudices
1476 3438 1526 3495 tot

187 3533 416 3612 componendis
431 3534 551 3595 dubiis.

227 3631 257 3691 d.
271 3631 421 3693 Redimus
432 3630 471 3692 ad
482 3649 532 3702 ea,
550 3649 630 3710 quae
643 3631 683 3693 de
696 3632 804 3712 legum
818 3639 904 3692 tectu
916 3632 1114 3694 dicebamus.
1130 3631 1261 3693 Novella
1274 3631 1313 3692 de
1328 3630 1524 3693 laesionibus

188 3728 332 3807 corporis
352 3729 405 3788 Es.
426 3731 589 3804 ilde-36,
609 3746 707 3809 quam
729 3731 835 3808 Moyse
858 3730 1071 3808 antiquiorem
1093 3746 1163 3790 esse
1190 3729 1445 3801 affirmabamus,
1461 3727 1524 3788 ire·

188 3830 324 3903 quanter
343 3827 447 3904 capita
467 3826 620 3888 orationis
642 3827 768 3887 orditur
784 3845 861 3889 voce
883 3842 912 3891 aa
934 3827 978 3906 (v.
994 3829 1041 3887 li.
1060 3829 1110 3887 la.
1126 3828 1176 3887 20.
1193 3829 1242 3886 22.
1260 3828 1309 3886 26.
1325 3828 1375 3886 28.
1393 3827 1442 3886 33.
1459 3825 1522 3903 35).

188 3925 332 3984 membra
356 3940 431 3984 vero
454 3923 665 3986 subordinate
686 3943 763 3986 voce
787 3940 834 3989 na
859 3923 899 4004 (v.
921 3926 972 3985 27.
989 3927 1038 3985 29.
1054 3926 1104 3984 30.
1120 3923 1183 4003 32).
1200 3923 1342 3985 Eandem
1366 3923 1524 4004 rationem
1612 3915 1615 3919 ’

188 4020 230 4081 ib.
246 4038 275 4080 v.
293 4023 361 4082 a-li
380 4023 527 4100 sequitur
538 4022 664 4083 novella
681 4021 720 4083 de
737 4022 836 4083 servis
852 4022 895 4102 (tn
911 4041 941 4081 v.
957 4025 988 4084 2.
1003 4025 1020 4082 7
1034 4057 1074 4066 -
1089 4037 1136 4085 uu
1152 4041 1182 4081 v.
1199 4023 1265 4082 3-5.
1281 4020 1381 4100 8-ll),
1398 4019 1525 4081 novella

188 4117 226 4180 de
242 4117 501 4180 damnificatione
517 4122 570 4180 Ex.
585 4120 726 4196 eal-ir,
741 4137 824 4198 quae
839 4123 963 4198 septem
976 4119 1135 4198 capitibus
1151 4136 1227 4179 voce
1244 4133 1273 4181 in
1293 4117 1524 4197 incipientibus

220 4397 242 4440 i.
258 4395 394 4455 Perpetem
409 4405 441 4442 ex
455 4397 511 4442 Am.
532 4398 589 4456 5,25
604 4391 648 4456 (ci.
663 4396 718 4442 Act.
735 4394 800 4455 7,42)
814 4392 926 4444 intulere
944 4393 1039 4456 aliqui,
1054 4391 1180 4443 sacrificia
1194 4393 1219 4441 in
1234 4389 1336 4441 deserto
1350 4389 1382 4440 ab
1401 4389 1525 4440 Israelitis

188 4471 273 4522 offerri
297 4485 346 4522 nun
369 4472 542 4523 consuevisse.
562 4471 591 4523 ld
613 4472 690 4522 nimis
704 4476 791 4536 aperte
811 4471 966 4522 contradicit
987 4472 1103 4522 textibus
1117 4471 1193 4521 claris
1212 4472 1260 4521 Er.
1275 4474 1300 4520 et
1315 4473 1374 4520 Lar.
1389 4457 1539 4520 Praeterea

188 4555 273 4602 textus
285 4551 321 4601 illi
335 4551 413 4602 alium
428 4551 504 4602 lacile
519 4551 633 4602 iuduunt
649 4566 753 4602 sensum
769 4572 774 4602 :
794 4567 875 4602 nonne
887 4550 1010 4602 sacrificia
1024 4551 1158 4602 obtulistis
1173 4551 1238 4601 mibi
1252 4551 1279 4600 iu
1293 4550 1395 4601 deserto
1409 4548 1522 4614 quadra-

188 4631 256 4696 ginta
271 4632 361 4691 aunis;
376 4634 401 4680 et
414 4632 498 4682 simut
517 4630 640 4696 portastis
661 4631 856 4683 tabernaculum
876 4630 996 4682 Molochi
1011 4646 1071 4695 ergo
1089 4629 1213 4681 sacrificia
1231 4635 1329 4691 restra,
1346 4644 1412 4694 quae
1428 4629 1481 4692 jam
1496 4628 1521 4676 in

188 4711 289 4761 deserto
309 4709 528 4774 conspurcabatis,
548 4713 574 4762 in
594 4715 724 4776 posterum
742 4711 857 4776 repudio.
881 4711 927 4762 Vel
945 4711 981 4761 ita
996 4728 1002 4759 ε
1019 4713 1087 4760 Num
1101 4710 1212 4760 fideliter
1226 4711 1416 4774 quodraginta
1436 4709 1522 4758 cunti·

188 4794 249 4840 nais
263 4793 344 4840 anais
358 4791 421 4840 mibi
436 4789 486 4841 soli
505 4792 530 4841 in
545 4791 646 4842 deserto
659 4791 790 4842 obtulistis
809 4791 943 4849 sacrificia,
958 4805 991 4840 an
1005 4791 1046 4842 rel
1068 4790 1102 4841 ibi
1117 4804 1203 4839 meum
1220 4790 1320 4840 cultum
1334 4786 1518 4852 superstitione

189 4869 290 4920 Holocb
304 4869 442 4921 foedastis?
