3534 5384
738 396 802 439 aar.
830 381 1008 452 1111111.
1479 385 1535 443 tu

204 527 434 596 comedendae
469 551 515 597 sc.
551 534 666 619 partes
700 529 931 598 sacerdotibus
964 535 1167 599 reservatae.
1205 532 1298 598 Siout
1332 531 1440 620 igitur
1481 539 1538 616 9,7

204 639 331 724 lloyses
360 640 531 704 Aaronem
550 635 595 702 ad
618 637 684 703 hoc
703 636 855 727 primum
874 637 1081 705 sacrificium
1101 637 1316 705 offerendum
1341 639 1539 706 cohortatus

204 741 334 823 iuerat,
350 742 398 809 ita
419 749 520 825 tute
538 765 615 832 sqq.
637 744 797 810 hortatur
817 742 1017 812 adsacrum
1036 743 1179 835 epulum
1199 744 1410 812 obeundum.
1428 745 1540 812 dham

205 848 403 915 monitionis
422 849 592 916 rationem
607 849 706 916 affert
725 853 820 939 Lyn,
841 850 994 918 tardasse
1013 851 1192 918 baronitas
1210 853 1392 919 comedere
1412 853 1541 918 hostias

203 953 249 1020 ob
268 959 415 1022 mortem
434 956 554 1022 Nadab
572 961 607 1023 et
627 957 717 1022 Abiu
746 979 753 1024 :
772 956 920 1025 alnotus
937 957 1047 1043 signis
1068 956 1303 1042 abstinebant,
1326 963 1360 1024 at
1374 957 1451 1047 ipso
1470 959 1542 1025 lra-

203 1066 297 1128 trum
315 1061 448 1129 funesto
467 1062 525 1129 die
544 1062 650 1153 epulo
670 1065 875 1132 accumbere
896 1063 1130 1132 declinabant.

249 1192 282 1234 v.
309 1174 352 1234 ta
370 1196 386 1229 n
405 1173 619 1259 locutusque
636 1183 686 1236 est
700 1171 832 1260 Moyses
844 1169 894 1236 ad
906 1174 1024 1237 Aaron
1041 1183 1073 1236 et
1091 1169 1139 1236 ad
1152 1172 1302 1239 Eleazar
1322 1183 1356 1236 et
1373 1169 1537 1252 Ithemon,

202 1274 293 1364 lilios
310 1275 397 1360 eicis,
413 1276 477 1366 qui
497 1289 595 1342 crant
617 1276 776 1343 residui:
794 1275 916 1343 Tollite
936 1275 1145 1366 samficium
1163 1303 1199 1360 n,
1218 1315 1263 1327 -
1274 1275 1433 1364 intellige
1449 1277 1540 1344 utiu-

205 1380 303 1448 clam
313 1380 446 1472 (Heba.)
462 1421 507 1432 —
518 1411 534 1444 «
550 1381 643 1473 quod
653 1382 867 1450 rentansitde
882 1382 1054 1450 oblatione
1061 1382 1213 1466 Domini,
1230 1397 1262 1449 et
1275 1382 1441 1450 comedite
1452 1382 1542 1450 illud

206 1491 331 1577 absque
345 1490 517 1578 serviente
533 1489 633 1556 iusta
647 1489 758 1556 altare
782 1519 818 1572 s,
844 1512 928 1577 ergo
948 1490 985 1556 in
1003 1490 1109 1572 atrio,
1134 1515 1151 1551 n
1170 1490 1254 1580 quia
1267 1503 1425 1558 sanctum
1445 1513 1542 1556 saue-

206 1607 317 1662 tosum
336 1609 427 1665 est».
445 1620 477 1662 v.
493 1602 534 1664 13
552 1624 568 1658 «
589 1595 776 1664 Comedetis
791 1608 908 1663 autem
924 1624 940 1658 »
959 1619 1035 1664 eam
1050 1597 1226 1663 mincham
1240 1623 1256 1657 n
1273 1595 1310 1662 in
1321 1597 1394 1663 loco
1408 1609 1539 1682 saneta,

205 1701 372 1792 91111»-
396 1703 421 1771 i.
438 1726 469 1770 e.
487 1703 571 1792 quia
583 1741 628 1753 -
644 1731 660 1765 α
676 1703 797 1770 (latinu
810 1716 857 1769 est
873 1701 936 1770 tibi
952 1715 984 1768 et
996 1701 1083 1792 filiis
1097 1703 1165 1770 tuis
1177 1702 1219 1769 cle
1232 1701 1462 1770 oblationibus
1479 1707 1541 1770 Do-

205 1809 309 1895 mini,
333 1809 420 1875 sicut
429 1822 654 1900 praeceptum
673 1822 721 1876 est
740 1808 828 1876 neila
847 1838 879 1877 ».
900 1812 947 1876 Ne
969 1832 1002 1876 v.
1025 1815 1066 1876 13
1083 1808 1240 1876 otiosas.
1261 1815 1303 1876 ta
1318 1809 1477 1898 repetitio
1492 1811 1541 1875 n·-

206 1916 339 1997 dentur,
351 1915 472 1984 intime
487 1917 593 2004 iunge
601 1938 680 1983 cum
691 1941 724 1985 v.
744 1923 803 1984 tt:
818 1921 857 1983 ut
871 1916 1048 1984 mincham
1064 1913 1205 2004 quidem
1219 1913 1407 1982 comedetis
1420 1916 1457 1981 in
1467 1915 1542 1982 loco

206 2035 339 2103 sarecto,
355 2023 590 2112 pectusculum
604 2045 686 2089 vero
702 2029 736 2088 et
747 2044 885 2089 armum
899 2023 936 2089 in
950 2021 1027 2089 loco
1040 2020 1185 2105 meando,
1204 2049 1220 2082 α
1238 2026 1334 2088 extra
1348 2023 1474 2088 atrium
1491 2025 1543 2088 ta-

205 2127 399 2209 bernaculi,
416 2129 560 2196 sednon
579 2129 715 2219 procul,
737 2151 820 2196 nam
836 2128 1047 2196 iubebantur
1065 2127 1246 2195 comedere
1266 2149 1380 2195 coram
1399 2127 1543 2194 Domino

208 2241 302 2302 Deut.
323 2241 402 2318 12st
419 2264 435 2297 »
453 2235 604 2325 (Malu).
621 2237 762 2325 Utrique
780 2234 937 2302 membro
952 2234 1075 2302 eadem
1093 2235 1182 2302 ratio
1196 2233 1408 2325 appenditur
1434 2255 1442 2301 :
1461 2233 1543 2322 quia

208 2341 403 2430 lequinium
418 2355 514 2410 tritam
525 2356 558 2409 et
568 2341 720 2432 filiorum
728 2355 776 2409 est
787 2341 829 2409 cle
836 2341 1015 2430 sacrificiis
1025 2341 1169 2408 Domini
1174 2361 1186 2424 ;
1198 2362 1286 2430 quae
1301 2340 1388 2408 ratio
1399 2346 1462 2423 est,
1471 2362 1541 2407 non

207 2470 269 2516 cur
284 2447 320 2515 iu
337 2448 413 2516 loco
432 2456 550 2516 sancto
566 2448 620 2516 vel
633 2471 721 2539 puro
738 2449 782 2516 sit
797 2447 1069 2530 comedendum,
1086 2446 1148 2514 sed
1167 2471 1230 2514 cur
1244 2449 1386 2515 omnino
1407 2445 1539 2535 ahquid

207 2555 252 2622 de
265 2555 439 2622 sacrificiis
448 2556 627 2624 comedere
640 2555 758 2629 liceat,
772 2555 855 2645 quia
865 2578 911 2622 sc.
925 2560 1013 2622 Deus
1023 2553 1060 2621 id
1075 2553 1307 2622 sacerdotibus
1316 2559 1541 2644 permanente

205 2661 283 2749 lege
299 2664 515 2731 concesserit.
528 2667 569 2729 at
578 2662 688 2753 priori
698 2667 876 2753 praeterea
890 2685 921 2728 v.
937 2668 978 2729 13
991 2661 1147 2728 membro
1160 2660 1270 2728 altera
1286 2661 1373 2727 ratio
1387 2661 1542 2728 adnecti-

205 2775 264 2837 tur
280 2791 289 2837 :
305 2771 387 2859 qceia
399 2769 446 2836 sic
455 2782 675 2859 praeceptum
690 2781 739 2835 est
753 2769 842 2835 rutili
846 2789 861 2852 ,·
872 2790 963 2856 quac
973 2767 1062 2834 ratio
1071 2767 1198 2856 probat
1207 2768 1244 2833 in
1251 2767 1324 2833 solo
1338 2767 1414 2833 loco
1424 2771 1540 2834 sancto

206 2875 384 2943 mincham
404 2875 584 2943 comedere
604 2875 655 2942 ias
671 2897 761 2956 csse,
779 2896 864 2960 ergo
884 2875 989 2940 etiam
1004 2873 1083 2940 solis
1100 2871 1269 2954 maribus,
1292 2893 1370 2938 cum
1393 2861 1542 2938 feminae

206 2981 252 3046 ab
268 2983 426 3068 ingressu
441 2981 520 3048 atrii
534 2982 814 3072 prohiberentur.
832 2986 873 3047 Et
888 2979 970 3069 quia
985 2979 1104 3046 eadem
1117 2978 1205 3046 ratio
1220 3003 1254 3048 v.
1274 2985 1314 3046 tt
1330 2999 1400 3044 non
1417 2978 1543 3044 adscri-

207 3087 314 3169 bitur,
342 3088 454 3177 ipsum
478 3088 544 3155 hoc
568 3087 744 3155 silentium
768 3092 978 3174 argumento
1002 3091 1068 3168 cst,
1092 3085 1328 3176 pectusculum
1348 3089 1383 3150 et
1407 3105 1541 3152 armum

208 3193 343 3260 comedi
356 3195 408 3261 fas
422 3215 494 3261 esse
507 3194 545 3261 in
560 3194 635 3260 loco
650 3215 720 3260 non
732 3199 849 3260 sancto
864 3191 1071 3283 adscitisqac
1088 3191 1303 3259 mulieribus.
1320 3213 1354 3257 v.
1370 3195 1411 3256 11
1429 3218 1445 3252 α
1464 3193 1543 3256 Pee-

209 3299 382 3368 tusculum
398 3323 533 3391 quoque
550 3328 581 3386 n,
597 3338 643 3351 -
661 3300 784 3368 melius
798 3312 913 3367 aretem
926 3337 970 3350 --
988 3325 1004 3360 n
1022 3297 1116 3389 quod
1130 3297 1285 3364 ablatum
1300 3309 1349 3364 est
1370 3325 1401 3380 n,
1420 3311 1540 3369 untia,

211 3435 227 3468 α
246 3417 279 3473 et
295 3429 451 3489 armatae,
469 3407 530 3497 qui
550 3420 729 3497 separatus
746 3421 793 3474 est
811 3434 842 3488 »,
860 3419 971 3478 aaran,
991 3432 1007 3466 n
1024 3403 1130 3472 edetis
1146 3405 1183 3471 in
1199 3403 1272 3471 loeo
1294 3402 1539 3488 revendissime,

208 3527 245 3580 tu
260 3525 293 3582 et
302 3513 373 3604 filii
385 3513 438 3580 tui
450 3527 482 3580 et
495 3513 590 3603 filiae
607 3527 685 3581 tuae
704 3527 825 3580 tecum.
846 3511 923 3579 Tibi
936 3511 1028 3578 enim
1042 3533 1082 3578 ac
1099 3510 1215 3578 liberis
1237 3539 1253 3571 »
1275 3549 1320 3560 —
1337 3513 1437 3576 Hebe.
1456 3509 1543 3599 filiis·

208 3659 253 3670 -
278 3648 294 3683 «
321 3622 389 3687 tuis
416 3621 565 3711 reposita
587 3633 667 3687 stant
685 3620 727 3687 (le
746 3619 868 3686 hostiis
891 3618 1101 3687 salutaribus
1116 3616 1273 3706 filiarum
1292 3617 1403 3684 lsrael
1423 3644 1453 3682 ».
1481 3620 1544 3682 Pro

209 3742 306 3815 utum
319 3731 519 3815 11111111,
534 3749 639 3817 quam
651 3725 933 3794 lectionem-illud
948 3723 1183 3802 commendat,
1199 3745 1241 3790 ca
1253 3722 1387 3791 includi
1402 3743 1539 3800 uxores,

209 3855 298 3922 quae
319 3834 438 3923 utique
459 3835 528 3901 illis
548 3834 659 3925 epulis
682 3832 952 3900 adhibebantur.
974 3853 1006 3898 v.
1031 3837 1072 3898 15
1097 3857 1113 3891 «
1139 3833 1203 3917 [Ea
1228 3829 1333 3919 quod]
1358 3849 1493 3895 armum
1512 3839 1543 3892 et

205 3951 325 4029 [iectus
340 3953 373 4006 et
387 3941 522 4031 adipes,
537 3939 599 4031 qui
612 3953 809 4006 enascantur
823 3938 862 4004 in
875 3937 999 4021 altari,
1015 3936 1233 4004 elevaverant
1248 3958 1362 4002 coram
1378 3933 1542 4006 Doctrina,

209 4057 241 4112 et
249 4045 449 4136 pertineant
463 4046 511 4114 ad
526 4061 558 4112 te
577 4059 609 4114 et
629 4045 677 4112 ud
686 4045 780 4135 filios
795 4057 869 4111 tuos
889 4045 962 4132 leqe
974 4055 1156 4133 perpretata,
1175 4044 1263 4108 siccet
1273 4040 1453 4131 praecepit
1478 4043 1544 4106 Da·

208 4154 325 4219 mincis
347 4180 378 4218 a.
403 4154 615 4220 Sententiam
641 4152 741 4241 Vulq.
763 4150 847 4218 tacit
867 4173 887 4218 a
911 4173 945 4218 v.
968 4155 1008 4217 tt
1034 4148 1308 4240 dependentem,
1326 4147 1386 4214 sed
1404 4153 1453 4214 est
1468 4168 1545 4213 scn-

209 4261 317 4326 tentia
337 4258 583 4349 independens,
602 4259 731 4326 iterum
745 4257 1004 4340 demonstrans,
1022 4255 1114 4323 unde
1129 4257 1181 4323 ius
1194 4253 1431 4322 sacerdotibus
1444 4254 1546 4320 obve-

210 4365 283 4432 niat
303 4365 493 4455 pectusculi
511 4373 545 4434 et
566 4367 653 4433 armi
674 4364 846 4432 rotinendi
868 4387 876 4433 :
903 4366 1047 4430 anunm
1066 4361 1237 4452 portianis
1257 4375 1290 4427 et
1308 4359 1545 4451 pectusculum

211 4471 394 4538 oblationis
408 4494 483 4538 cum
501 4471 558 4562 (ci.
576 4475 665 4558 ’1,30)
685 4471 846 4561 adipibtts
862 4469 1266 4559 eatitburendisassenent
1277 4467 1325 4533 ad
1339 4467 1544 4534 allationem

207 4578 407 4667 [uelandam
428 4600 543 4645 coram
558 4578 660 4646 labae
676 4602 689 4644 .·
704 4577 752 4645 acl
771 4591 803 4643 te
819 4577 932 4666 iqitcu·
951 4590 984 4644 et
1003 4575 1050 4644 ad
1060 4575 1152 4665 filias
1173 4589 1249 4642 tuas
1264 4588 1377 4642 tecum
1390 4571 1544 4663 pertiue-

211 4688 296 4752 bnnt
315 4684 390 4774 lepe
401 4697 585 4775 perpetua,
606 4686 694 4752 sieut
707 4683 888 4775 praecoepit
907 4683 1083 4750 Dominus.

255 4816 288 4859 v.
308 4798 348 4859 16
366 4822 382 4854 «
402 4794 508 4880 [luter
522 4791 618 4878 llaec]
633 4790 783 4877 tircano,
801 4789 875 4879 [qui
891 4788 1023 4856 oblatus
1030 4788 1157 4876 [iterati
1172 4810 1235 4876 pro
1247 4797 1387 4877 peceato
1407 4811 1422 4844 n
1441 4783 1542 4872 (9,3),
