3534 5384
274 331 332 392 116
765 342 955 389 exararem
979 342 1010 386 ru
1031 343 1125 387 sinu.

276 479 447 548 litraline?
463 506 479 541 a
499 482 585 544 Note
598 476 899 564 exaggerationem
917 474 1080 545 :vindici
1100 480 1259 566 poterant
1278 475 1316 543 in
1330 475 1513 543 solitudine
1532 499 1606 544 ver-

276 588 360 671 sari,
384 591 434 654 tot
454 585 538 652 locis
561 584 724 651 habitatis
749 588 792 671 (v.
817 586 848 670 2)
869 580 998 649 circum
1018 581 1209 651 iacentibus
1226 581 1359 673 (1111).
1390 612 1405 644 a
1434 582 1527 664 Quid
1543 582 1605 651 boc

270 697 386 784 secere
402 691 559 771 rolrcisti,
575 703 614 757 ut
627 688 786 757 educeres
799 711 859 755 uos
869 712 913 756 ear
926 691 1105 780 Aeqqpto?
1123 717 1138 749 r
1158 688 1390 777 Sapientiores
1407 689 1476 779 ipsi
1490 690 1606 759 onmia

275 808 434 869 accurate
447 796 704 889 praedixerant,
730 818 819 885 qliae
839 795 910 862 iam
934 795 1163 863 eveniebant:
1188 819 1220 863 v.
1246 802 1286 863 12
1302 824 1318 856 a
1337 798 1459 863 Nonne
1478 796 1540 863 iste
1557 812 1605 864 est

275 929 401 989 sermo,
416 928 517 995 quem
528 904 751 994 loquebamur
762 902 811 969 ad
821 914 852 969 te
864 903 1062 992 indeqqpto
1070 955 1080 986 ,
1095 902 1404 970 dicentes'.·ltecede
1416 926 1438 969 a
1456 904 1553 970 nobis
1568 932 1583 963 2>
1592 958 1602 990 ,

278 1021 373 1103 πάρες
396 1019 493 1097 ἡμᾶς,
519 1009 640 1077 desiste
659 1032 681 1075 1
706 1008 821 1092 nobis,
844 1036 860 1070 a
889 1020 926 1075 ut
947 1007 1134 1075 ¹serviamus
1159 1008 1364 1101 Aeqqptiis?
1384 1009 1493 1076 Multo
1513 1010 1605 1078 enim

280 1120 404 1188 melius
420 1131 493 1184 erat
508 1116 632 1183 seruire
652 1116 713 1201 eis,
736 1138 841 1206 quam
862 1115 951 1182 mori
975 1115 1011 1181 in
1031 1114 1220 1183 solitudine
1241 1144 1272 1182 a.
1288 1115 1430 1184 Easdem
1449 1116 1605 1185 verbote-

279 1250 344 1295 nus
358 1224 514 1317 querelas
533 1229 609 1313 post
630 1228 687 1305 6,9
709 1221 883 1290 inserebat
902 1224 997 1291 Sarte.
1021 1244 1034 1289 :
1056 1228 1108 1298 et,
1126 1222 1259 1289 etiamsi
1277 1222 1314 1289 in
1337 1224 1512 1313 prioribus
1535 1246 1605 1292 non

281 1330 651 1413 commemorabantur,
668 1328 749 1396 satis
762 1336 819 1413 6,9
834 1333 867 1395 et
892 1334 970 1411 531
988 1328 1145 1396 innuitur
1164 1336 1267 1420 atque
1286 1352 1304 1395 e
1324 1334 1448 1397 natura
1468 1330 1517 1397 rei
1534 1332 1605 1398 lere

279 1438 456 1525 colligitur
470 1436 603 1525 aliquos
624 1435 786 1503 exstitisse
805 1441 1088 1503 murmuratores.
1113 1459 1145 1503 v.
1172 1440 1210 1501 13
1229 1464 1244 1498 a
1271 1437 1315 1503 m
1336 1436 1387 1503 ait
1413 1438 1545 1527 Moyses
1560 1437 1608 1505 acl

272 1546 444 1637 populum
464 1566 477 1609 :
498 1542 612 1611 Nolite
633 1542 764 1621 timere,
779 1554 868 1608 state
888 1570 923 1625 a,
943 1570 958 1603 «
983 1564 1052 1609 non
1071 1542 1228 1629 fugiatis,
1251 1548 1323 1610 non
1338 1544 1546 1611 moveamini
1561 1543 1606 1612 ad

276 1651 536 1744 pugnandum»
556 1649 693 1738 (Toou),
712 1678 728 1711 «
745 1660 778 1714 et
787 1646 898 1714 1111111
910 1648 1091 1738 maqnalia
1106 1649 1261 1737 Domini,
1280 1672 1370 1739 quae
1379 1651 1538 1738 [actenus
1557 1664 1605 1717 rsl

277 1758 379 1826 bodie
403 1781 416 1825 .·
436 1756 623 1846 Aeqqptios
642 1754 750 1839 entim,
772 1777 856 1844 qnos
880 1778 973 1822 stunc
998 1754 1134 1843 ridetis,
1157 1778 1377 1847 reoquaquam
1401 1756 1495 1824 ultra
1514 1756 1607 1823 eidr-

275 1865 354 1933 bitis
368 1888 474 1955 usque
491 1865 528 1930 in
540 1862 786 1953 sempiternum
803 1889 832 1927 r.
850 1866 916 1928 Seu
931 1862 1045 1952 potius
1060 1884 1138 1929 cum
1154 1866 1245 1930 LXX
1255 1868 1348 1931 verte
1364 1887 1433 1938 111
1450 1887 1479 1938 1)
1497 1864 1605 1936 :sieut

276 1971 412 2040 vidistis
429 1970 546 2057 bodie,
571 1992 617 2036 sc.
640 1968 751 2049 vivos;
770 1974 802 2035 et
822 1969 866 2036 cf.
888 1990 921 2036 v.
945 1974 1000 2035 31.
1018 1991 1050 2035 v.
1070 1975 1110 2036 11
1134 1996 1149 2030 a
1170 1969 1338 2037 Dominus
1346 1970 1522 2061 peeqnabit
1539 1994 1604 2061 pro

278 2078 381 2164 cobis,
405 2089 437 2143 et
456 2100 512 2144 eos
529 2074 733 2160 tacebitis»,
757 2102 773 2135 «
798 2074 992 2164 quiescetis,
1010 2074 1116 2142 otiose
1137 2080 1170 2142 et
1189 2076 1337 2144 iucunde
1358 2077 1448 2144 hanc
1468 2078 1526 2145 Dei
1541 2101 1605 2168 pro

280 2185 377 2252 vobis
390 2204 545 2273 pugnem
560 2180 745 2271 spectando
763 2209 777 2240 »
798 2182 929 2269 (Men).

386 2411 417 2471 2
436 2407 668 2470 Hebraeorum
681 2402 773 2469 salus
788 2415 820 2466 et
835 2404 1083 2492 Aeqqptiorum
1098 2415 1230 2493 straqes
1244 2410 1301 2471 Ex.
1322 2412 1495 2490 tuta-31.

317 2614 402 2699 Arq.
420 2648 464 2659 -
478 2614 565 2676 Deus
578 2608 746 2675 Hebraeos
764 2605 862 2674 siccis
883 2606 1031 2697 pedibus
1049 2609 1221 2697 promittit
1234 2632 1330 2676 mare
1354 2633 1424 2679 esse
1448 2614 1607 2681 traiectu·

273 2740 344 2799 ros3
362 2715 444 2808 quid
459 2715 636 2806 Aegyptiis
650 2715 693 2781 sit
712 2714 904 2782 inflicturus
918 2714 1116 2800 generalius
1134 2716 1375 2784 tantummodo
1396 2718 1526 2804 innuit,
1548 2742 1605 2787 co-

274 2825 430 2915 gnituros
443 2823 519 2889 illos
531 2824 706 2890 allirmans
713 2821 826 2910 ipsum
842 2842 913 2887 csse
926 2821 1040 2889 lahve.
1057 2822 1216 2912 Aegyptii
1228 2823 1396 2891 Hebraeos
1405 2848 1468 2917 per
1479 2826 1606 2894 siccum

272 2932 377 2999 maris
390 2930 527 2997 alveum
541 2930 758 3017 insequentes
773 2927 923 3017 primum
940 2928 1197 3017 perturbantur,
1216 2935 1333 3019 postea
1348 2932 1447 3021 aquis
1461 2934 1606 3001 redeun-

275 3039 367 3106 tibus
384 3036 638 3127 opprimuntur.

320 3168 352 3211 v.
372 3150 411 3210 15
426 3170 441 3202 «
466 3141 629 3229 Dicitque
643 3140 807 3206 Dominus
822 3139 871 3206 od
887 3143 1028 3227 Moysen
1045 3162 1056 3207 .·
1079 3140 1173 3222 Quid
1190 3143 1320 3210 clamas
1338 3143 1386 3210 acl
1406 3148 1512 3211 1112)»
1535 3152 1604 3214 lam

274 3272 367 3319 cessa
380 3248 527 3316 clamare
539 3247 646 3337 (Gai.)
653 3297 664 3328 ,
681 3248 764 3335 quia
774 3246 978 3314 exaudieris.
997 3248 1215 3316 Claruamrat
1228 3254 1352 3339 Moyses
1372 3274 1449 3318 cum
1464 3252 1606 3342 reliquis

273 3381 306 3424 v.
326 3364 366 3424 10
381 3355 460 3421 viris
470 3355 550 3443 piis,
564 3375 677 3441 neque
689 3350 838 3419 inserere
854 3374 932 3419 cum
949 3356 1035 3439 Syro
1049 3354 1099 3421 fas
1111 3361 1160 3421 est
1172 3369 1204 3421 rt
1221 3357 1333 3423 orauit
1346 3361 1480 3447 Moyses
1491 3383 1604 3427 coram

274 3463 429 3530 Domino.
446 3460 641 3526 efferuntur
655 3480 739 3545 ergo
755 3481 786 3524 v.
811 3465 914 3526 15-18
934 3481 990 3543 ea,
1012 3481 1099 3550 quae
1116 3466 1200 3529 Deus
1217 3464 1317 3551 Moysi
1333 3488 1365 3531 v.
1389 3468 1605 3535 reclamanti

276 3568 461 3659 respondit.
483 3572 524 3632 nt
538 3588 570 3631 v.
588 3571 625 3632 11
643 3587 696 3654 sq.
715 3566 745 3630 ei
760 3566 904 3631 clamori
925 3564 1123 3633 immediate
1139 3569 1431 3638 subnectebantur
1445 3596 1606 3663 quorum-

274 3678 354 3743 dam
370 3672 546 3764 querelae,
565 3677 599 3738 ct
613 3672 762 3761 querelis
774 3696 805 3736 v.
826 3677 865 3738 13
881 3694 932 3760 sq.
952 3672 1202 3741 subiiciebatur
1218 3678 1335 3763 Moysis
1350 3678 1394 3744 ad
1415 3702 1471 3747 ras
1487 3704 1605 3770 quere-

274 3784 324 3850 las
336 3780 522 3870 responsio.
541 3783 591 3846 Mn
606 3777 745 3863 singula
762 3800 819 3858 eo,
844 3800 913 3867 quo
933 3786 1121 3846 narrantur
1135 3780 1274 3864 ordine,
1301 3784 1405 3852 etiam
1429 3794 1505 3853 acte
1519 3788 1602 3867 sint,

274 3890 442 3957 nescimus
455 3908 567 3975 neque
579 3889 716 3951 tenetur
730 3886 933 3951 narratorin
949 3885 1099 3953 minimis
1112 3888 1305 3979 quibusque
1321 3892 1435 3959 ordini
1450 3900 1605 3963 actorum

275 3998 468 4063 inhaerere.
492 4020 508 4053 «
530 3995 681 4081 loquere
695 3990 782 4080 siliis
802 3991 920 4077 tecet,
944 3992 1308 4081 supreminentem».
1329 3999 1483 4066 Mandeto
1502 4001 1606 4092 expli-

276 4104 342 4169 cito
355 4123 440 4191 opus
452 4105 540 4180 crat,
558 4120 635 4165 cum
651 4098 716 4164 hac
731 4096 804 4164 vice
819 4098 929 4165 nubes
948 4120 1018 4164 non
1034 4106 1120 4166 esset
1138 4106 1217 4167 ante
1235 4104 1403 4193 populum
1418 4105 1602 4175 incessum.

280 4232 312 4275 v.
332 4214 372 4275 16
391 4236 406 4267 «
426 4208 472 4270 Tu
487 4218 602 4271 auum
624 4232 656 4286 a,
676 4203 732 4270 cui
754 4203 830 4270 voci
844 4228 877 4270 v.
901 4211 940 4271 17
965 4205 1150 4294 respondet
1173 4234 1189 4268 «
1207 4202 1271 4295 ego
1286 4217 1400 4277 autem
1424 4240 1459 4296 »‚
1479 4242 1495 4275 «
1512 4215 1605 4281 eleva

283 4315 415 4404 rirqam
432 4326 528 4378 tuam
543 4309 732 4377 1111111111
747 4333 890 4377 marem
907 4324 1001 4378 tetam
1019 4335 1121 4401 serper
1136 4336 1246 4401 marr,
1269 4328 1301 4381 et
1315 4316 1430 4385 divide
1442 4318 1547 4405 illud,
1567 4334 1604 4387 ut

282 4420 491 4512 qradiantur
498 4417 569 4508 filii
581 4416 689 4483 lsrael
701 4417 738 4482 in
752 4416 864 4483 medio
879 4417 970 4484 mari
980 4440 1046 4507 per
1060 4420 1188 4487 siccum
1204 4448 1233 4489 n.
1252 4445 1284 4489 v.
1303 4430 1341 4491 11
1367 4454 1382 4486 «
1398 4428 1474 4515 qu
1490 4439 1604 4494 autem

281 4526 451 4594 indurabo
477 4547 534 4592 cor
554 4524 821 4613 Aeqqptiorum,
847 4536 887 4590 ut
904 4539 1160 4614 persequantur
1179 4550 1251 4609 ros,
1280 4542 1312 4596 et
1328 4530 1547 4621 qlorificabor
1568 4536 1602 4601 in

282 4634 458 4701 Pharaone
469 4643 502 4698 11
512 4631 546 4697 in
560 4631 654 4697 omni
666 4630 818 4697 caercitu
831 4631 905 4697 elus
916 4644 947 4697 et
962 4633 996 4698 in
1011 4632 1166 4699 curribus
1176 4647 1207 4701 et
1223 4636 1257 4701 in
1275 4637 1449 4727 equitibus·
1464 4638 1560 4707 illius
1573 4670 1601 4707 n.

278 4766 309 4808 v,
335 4746 375 4809 18
397 4768 412 4801 «
429 4742 475 4806 Et
492 4738 598 4805 scient
618 4738 796 4828 Aeqqqrtr'i,
813 4738 898 4828 qaia
918 4762 980 4828 eqo
1001 4762 1074 4805 sum
1091 4742 1272 4825 Dominus,
1295 4766 1371 4811 cum
1391 4746 1604 4836 qlorificatm¹
