3534 5384
803 430 852 473 ex.
879 415 925 473 17.
1471 420 1527 479 179

191 563 392 652 Rephidim.
414 568 608 653 intorques
625 564 699 631 loca
717 566 815 631 Num.
839 570 880 630 33
900 562 986 629 ditas
1004 564 1124 631 inserit
1145 564 1322 645 stationeS,
1339 567 1476 655 Daphne
1495 572 1528 632 et
1592 631 1596 639 ,

190 669 282 737 Aius.
306 675 396 748 Quas
420 670 456 737 h.
475 670 498 737 l.
519 668 758 752 discutiemus,
776 692 845 759 quo
867 670 1099 737 Hebraeorum
1119 672 1164 738 ad
1184 677 1335 738 montem
1350 672 1442 739 Sinai
1463 676 1528 740 iter

191 798 456 867 perspiciamus.

236 967 325 1029 igitur
338 968 452 1031 liopbco
467 966 541 1017 idem
555 967 666 1017 videtur
684 980 747 1017 csse
766 979 870 1018 nomen
885 972 969 1030 atque
984 979 1046 1030 aeg.
1068 966 1172 1030 multat
1185 980 1249 1029 seu,
1266 967 1378 1031 derupta
1393 971 1527 1021 termina·

194 1058 277 1106 tione
299 1054 448 1115 leminina,
473 1054 568 1119 motio
591 1061 632 1117 et,
653 1054 780 1119 praefixo
798 1056 916 1105 articulo
930 1056 1080 1117 iemlnlna,
1106 1054 1210 1121 tmatto
1233 1069 1242 1105 .·
1264 1058 1378 1107 nomina
1397 1061 1528 1121 aegyptia

192 1142 390 1207 saepeaddito
405 1144 524 1194 articulo
539 1146 568 1194 in
582 1145 654 1194 allas
673 1144 785 1207 linguas
804 1147 951 1206 transiere,
972 1157 1044 1207 quae
1065 1145 1132 1195 item
1153 1158 1178 1192 m
1196 1150 1260 1208 post
1279 1146 1418 1197 dentalem
1434 1147 1525 1197 elimi-

194 1238 275 1283 nant.
297 1233 352 1283 Pro
373 1232 467 1297 masto
488 1235 653 1297 saepissime
668 1233 799 1283 scribitur
819 1231 922 1298 motet,
944 1235 983 1283 ita
997 1240 1028 1283 ut
1047 1246 1148 1284 nomen
1168 1234 1385 1297 correspondeat
1403 1236 1525 1286 hebraeo

193 1328 287 1403 ripen,
308 1322 419 1372 etiamsi
440 1329 460 1377 rt
482 1328 655 1386 supponatur
676 1334 739 1372 esse
758 1322 857 1372 locale.
876 1321 966 1373 Porro
987 1321 1080 1385 masto
1098 1328 1159 1373 erat
1177 1336 1279 1374 nomen
1296 1336 1438 1387 gemmae,
1456 1338 1526 1388 quae

194 1411 359 1461 malac-bites
377 1416 502 1470 vocatur,
519 1416 548 1461 et
560 1412 633 1474 cepio
647 1410 741 1475 masto
756 1410 904 1474 Aegyptiis
922 1416 982 1460 erat
998 1424 1031 1461 ea
1048 1410 1192 1461 Sinaitidis
1207 1424 1286 1475 pars,
1303 1413 1348 1463 ubi
1364 1413 1427 1463 illas
1442 1427 1521 1476 gem-

194 1513 254 1549 mas
266 1498 510 1563 trequentissimas
529 1499 711 1549 excavabant.
730 1499 784 1559 Qui
804 1499 883 1549 loeus
903 1500 986 1549 hodie
1005 1498 1082 1549 audit
1096 1498 1181 1549 Wadi
1196 1500 1344 1563 Maghara,
1361 1500 1407 1551 ubi
1426 1504 1522 1553 etiam-

193 1601 260 1638 num
276 1572 479 1651 aegyptiorum
494 1590 692 1651 inscriptiones
707 1593 734 1638 et
755 1588 877 1637 cuniculi
898 1590 925 1637 in
946 1601 1031 1652 rupes
1049 1590 1104 1639 acti
1125 1590 1342 1651 conspiciuntur.
1359 1590 1469 1641 Primus
1489 1593 1524 1641 ibi

193 1689 322 1740 gemmas
336 1678 505 1741 conquisivit
526 1676 642 1737 Suelru,
659 1677 774 1726 ultimus
793 1678 892 1727 tertiae
912 1676 1056 1740 dynastiae
1073 1688 1136 1738 rex;
1153 1690 1314 1740 supremus,
1331 1682 1409 1729 culus
1424 1694 1523 1743 reper-

193 1770 239 1816 tae
259 1772 326 1816 sunt
347 1767 559 1829 inscriptiones,
578 1769 621 1817 est
642 1765 763 1817 Ramsea
783 1765 825 1825 ll,
847 1766 1039 1816 Hebraeorum
1061 1766 1090 1815 in
1112 1767 1240 1828 Aegypto
1258 1779 1417 1830 oppressor.
1437 1770 1526 1818 Erant

193 1859 287 1906 autem
308 1867 413 1918 graves
427 1857 564 1916 rationes,
582 1866 632 1906 our
650 1868 715 1905 eum
730 1853 822 1905 locum
837 1853 948 1916 Moyses
969 1867 1026 1904 non
1049 1856 1222 1916 praeteriret.
1241 1855 1347 1918 Prima,
1363 1858 1438 1920 quod
1454 1860 1525 1919 pba-

192 1956 295 1994 raones
314 1944 514 1993 consueverint
532 1955 619 2007 prope
639 1942 776 1993 eiusmodi
795 1942 906 1992 fodinas
925 1944 953 1992 iu
973 1942 1091 1993 desertis
1110 1944 1178 1993 sitas
1198 1956 1333 2007 aquarum
1347 1948 1522 2008 receptacula

192 2044 358 2097 procurare;
375 2032 453 2092 dein,
471 2032 547 2095 quod
572 2033 737 2082 innumeros
761 2030 827 2080 illuc
850 2044 948 2081 servos
971 2034 999 2082 et
1022 2033 1148 2094 captivos
1169 2032 1204 2081 ad
1228 2032 1391 2083 durissimos
1412 2035 1522 2085 labores

195 2122 353 2181 mitterent,
370 2123 443 2171 inter
456 2104 528 2185 quos
546 2120 645 2184 plures
666 2125 723 2169 tum
743 2118 830 2169 tuisse
845 2118 990 2170 Hebraeos
1009 2134 1067 2171 non
1081 2120 1220 2171 immerito
1239 2123 1394 2172 coniicitur.
1411 2121 1453 2175 ci.
1472 2124 1523 2173 los.

195 2222 220 2259 c.
241 2211 341 2273 Apion.
359 2209 381 2259 I.
396 2208 429 2258 to
445 2213 473 2259 et
491 2209 574 2258 Ebers
590 2223 620 2273 p.
640 2208 688 2258 135
704 2220 767 2272 sqq.
785 2208 836 2258 539
850 2220 913 2272 sqq.
930 2208 1016 2259 Wadi
1031 2208 1165 2271 Maghara
1179 2223 1196 2259 a
1210 2210 1296 2261 Wadi
1310 2211 1426 2262 Taiibeb
1440 2212 1524 2261 distat

195 2300 272 2349 boris
286 2312 343 2349 non
357 2299 442 2361 plane
456 2297 682 2362 quatuordecim.

232 2386 286 2437 Ubi
299 2385 365 2437 llus
382 2386 480 2448 luerit,
497 2388 670 2449 ignoramus
694 2386 729 2435 nt
748 2386 895 2451 Rephidim
911 2386 1038 2449 plerique
1053 2386 1210 2437 concedunt
1230 2400 1292 2439 csse
1306 2387 1392 2439 Wadi
1411 2388 1525 2449 Feirau,

195 2477 276 2526 oasin
290 2477 416 2525 omnium
435 2477 588 2525 maximam
607 2479 636 2525 et
654 2473 869 2537 fertilissimam,
887 2486 970 2538 quam
994 2474 1029 2524 ad
1050 2474 1127 2525 Sinai
1147 2478 1296 2539 pergentes
1318 2479 1455 2541 attingere
1477 2478 1527 2528 de-

194 2564 296 2625 buere,
313 2578 364 2627 pro
378 2577 434 2628 qua
450 2565 511 2614 sinc
525 2562 614 2614 dublo
633 2563 806 2614 amalecitae
821 2563 1001 2614 dimicavere.
1017 2564 1174 2627 Antequam
1189 2566 1268 2615 oasin
1283 2566 1463 2628 ingrediaris,
1481 2567 1527 2616 dtr·

195 2655 354 2703 monstrant
368 2653 475 2703 Arabes
491 2666 592 2716 rupem
608 2651 684 2715 Hesy
698 2652 724 2702 el
741 2652 898 2713 Khattatln,
915 2664 930 2701 e
945 2665 1001 2717 qua
1015 2650 1125 2715 Moyses
1140 2666 1241 2716 aquam
1257 2654 1392 2704 elicuerit.
1407 2655 1438 2704 ln
1454 2658 1523 2713 oasi,

195 2742 270 2792 iuter
282 2742 370 2792 Wadi
388 2736 496 2805 ‘Ajeleh
507 2747 535 2791 et
547 2740 637 2792 Wadi
651 2742 754 2805 Alejat,
768 2742 798 2789 in
808 2740 902 2790 media
911 2741 986 2790 valle
999 2743 1122 2804 assurgit
1136 2742 1170 2791 ad
1183 2741 1359 2793 altitudinem
1373 2742 1431 2793 lere
1445 2744 1476 2793 33
1490 2759 1524 2791 m.

195 2844 279 2895 rupes
293 2830 446 2892 Meharret,
464 2832 492 2880 ln
512 2843 568 2894 qua
588 2830 701 2892 Moyses
721 2828 810 2879 lertur
828 2830 947 2883 durante
967 2830 1074 2892 proelio
1094 2843 1204 2891 orasse,
1220 2830 1298 2881 locus
1318 2836 1392 2883 certe
1412 2835 1525 2894 aptissi-

196 2932 272 2981 mus,
291 2920 418 2969 hostibus
439 2931 457 2969 a
477 2919 594 2969 meridie
613 2918 792 2969 venientibus
812 2918 986 2977 inaccessus
1006 2917 1079 2968 unde
1099 2918 1172 2967 latus
1192 2920 1220 2967 in
1240 2919 1341 2970 vallem
1363 2926 1439 2982 patet
1462 2934 1525 2983 pro-

195 3013 318 3071 spectus.
333 3007 374 3059 Oi.
389 3008 472 3058 libers
486 3022 514 3071 p.
534 3007 582 3057 188
597 3020 660 3071 sqq.

531 3224 561 3284 1.
579 3220 682 3307 Aqua
697 3240 714 3283 e
724 3229 827 3305 petra
842 3215 960 3283 elicita
979 3220 1037 3283 Ex.
1062 3222 1191 3297 izi-7.

241 3427 325 3511 Arq.
346 3427 474 3489 -lam
492 3428 601 3489 Marce
620 3427 707 3488 [teus
725 3442 838 3510 aquae
853 3419 1018 3510 penuriae
1036 3420 1257 3505 subvenerat,
1278 3422 1394 3490 cibum
1414 3427 1450 3491 in
1466 3428 1524 3493 de-

197 3535 286 3597 serto
301 3530 360 3597 Sin
377 3529 607 3619 suppleverat.
628 3527 856 3594 Nihilominus
869 3524 1019 3615 populus
1034 3525 1090 3592 siti
1107 3526 1268 3595 laborans
1287 3528 1323 3595 in
1338 3532 1522 3620 Rephidim

198 3637 360 3703 conviciis
378 3641 511 3723 Moysen
526 3637 559 3702 et
573 3640 680 3701 Deum
701 3632 847 3722 impetit.
869 3637 956 3710 Quos
976 3630 1155 3709 illustriori
1171 3634 1274 3699 etiam
1297 3658 1399 3724 quam
1416 3642 1523 3705 Maure

198 3742 364 3809 miraculo
377 3764 441 3832 per
466 3740 616 3828 virgam,
641 3745 690 3806 tot
709 3744 948 3829 portentorum
965 3746 1244 3823 monumentum,
1262 3747 1397 3830 patrato
1415 3747 1523 3811 reiicit

198 3854 298 3931 licus,
326 3848 456 3937 aquise
476 3868 561 3937 rupe
576 3846 622 3913 ad
636 3850 771 3935 tempus
785 3844 919 3912 elicitis

234 4025 260 4061 v.
278 4014 403 4062 tecnset
418 4011 511 4060 Dillm.
526 4024 584 4061 non
599 4024 661 4061 esse
676 4011 731 4059 nisi
745 4023 773 4058 v.
789 4008 803 4058 3
819 4010 1041 4070 corruptionem,
1059 4009 1158 4058 eadem
1172 4010 1253 4059 edici.
1270 4011 1334 4062 Nou
1353 4014 1450 4063 eadem
1466 4017 1525 4065 cdi-

198 4105 308 4151 cuntur.
322 4114 349 4150 v.
371 4101 387 4150 l
410 4100 545 4164 populus,
566 4101 606 4149 uti
629 4098 808 4156 crediderim,
832 4099 859 4146 in
884 4098 976 4147 locum
1000 4110 1098 4149 recens
1120 4098 1252 4149 advectus
1276 4113 1377 4163 aquam
1402 4108 1525 4167 postulat

198 4191 358 4253 importune
364 4202 371 4250 ;
387 4202 458 4253 quos
472 4189 583 4251 Moyses
597 4193 706 4246 monet,
721 4186 843 4251 querelis
858 4199 915 4236 non
931 4191 987 4235 tam
1000 4198 1030 4235 se
1045 4187 1135 4247 ipsum
1152 4188 1246 4249 impeti
1262 4201 1345 4252 quam
1361 4190 1446 4243 labro
1459 4209 1523 4257 pro·

197 4279 361 4330 videntiam.
378 4280 414 4328 nt
429 4292 508 4337 rnox,
524 4279 572 4328 ubi
591 4279 619 4326 iu
639 4276 738 4327 eodem
752 4276 814 4325 loco
835 4273 883 4341 (ibi
898 4288 925 4324 v.
943 4272 968 4339 3)
990 4276 1104 4324 increvit
1125 4275 1200 4335 sitis,
1217 4275 1332 4339 Moysen
1346 4291 1379 4329 ac
1394 4282 1445 4331 Dei
1460 4298 1525 4347 pro-

199 4367 351 4419 videntiam
374 4368 507 4417 conviciis
528 4369 641 4430 petunt,
658 4378 730 4429 quae
751 4377 778 4413 v.
792 4364 807 4414 7
823 4364 875 4413 hac
895 4362 1014 4413 lormula
1032 4370 1232 4414 resumuntur:
1251 4365 1365 4419 »Estne
1388 4368 1473 4421 labro
1500 4376 1525 4422 iu

200 4456 292 4506 medio
307 4458 405 4517 nostri,
423 4455 560 4507 annoni»
577 4455 658 4504 Nunc
674 4453 786 4503 tandem
800 4453 911 4516 Moyses
926 4452 1027 4502 clamat
1042 4452 1076 4502 ad
1094 4452 1187 4503 lahve.

249 4598 332 4685 Cap.
348 4596 430 4663 XVI
442 4616 475 4661 v.
494 4600 510 4660 1
527 4620 542 4654 u
563 4592 676 4683 Iqitur
684 4592 842 4681 profecto
863 4590 974 4656 curuis·
991 4588 1178 4657 multitudo
1191 4590 1345 4679 filiorum
1362 4599 1468 4664 iuuet
1487 4600 1527 4665 de

202 4702 333 4769 deserto
348 4701 410 4770 Sin
421 4723 487 4791 per
502 4700 695 4766 mansiones
709 4721 788 4764 sirus·
801 4726 816 4757 »
834 4736 875 4746 -
889 4725 905 4759 u
926 4695 1120 4785 peritinera
1134 4718 1195 4764 sua
1208 4726 1223 4757 υ
1240 4698 1365 4791 (Vct),
1383 4704 1425 4770 cf.
1442 4709 1522 4774 Gen.

205 4816 281 4893 13,3
298 4814 346 4893 et,
366 4810 392 4875 si
409 4828 583 4898 compares
598 4810 696 4875 Num.
720 4810 822 4887 caia
841 4825 912 4893 sq.,
935 4802 1113 4870 commode
1134 4803 1189 4870 hio
1204 4803 1350 4872 indicari
1364 4807 1528 4880 fateberis
