3534 5384
727 376 778 474 ei.
801 415 891 485 rear
914 431 977 481 suo.
1464 420 1520 475 ru

188 561 325 643 batum,
343 560 402 628 sed
422 560 466 627 ad
490 562 594 643 illud,
614 584 682 652 quo
705 564 857 652 primum
877 585 1004 630 manna
1023 561 1295 632 desiderabatur.
1315 592 1331 625 u
1358 566 1521 657 Veuuqu·

189 667 335 759 septimo
357 667 448 751 dies,
462 680 494 735 et
515 668 639 758 equessi
659 668 701 736 de
717 669 849 759 populo
877 681 915 735 ut
938 668 1154 758 colliqereut,
1173 691 1242 737 riou
1265 670 1467 739 inuenerunt
1489 702 1518 739 u.

190 798 223 841 v.
241 781 284 844 28
305 801 321 836 u
337 774 435 841 Dicit
450 787 566 841 autem
582 775 749 842 Dominus
773 774 822 843 cd
841 778 984 865 Moyseo
1006 802 1037 860 u,
1059 776 1201 843 sortasse
1226 782 1409 867 antequam
1432 780 1523 869 quis-

192 903 296 971 quam
311 885 354 968 (r.
372 883 425 966 22)
440 880 493 948 illi
507 886 679 949 narrasset
696 904 704 950 :
722 908 739 944 «
759 884 938 973 Usquequo
959 904 1028 949 nou
1046 881 1152 949 uultis
1171 882 1339 951 custodiro
1358 885 1521 953 mandatu

192 1008 268 1054 mea
278 1000 311 1055 et
322 988 430 1077 leqem
442 990 578 1055 meum?
591 1017 606 1049 u
621 990 722 1056 Hedr.
740 995 927 1079 utrumque
941 1011 1069 1083 nomen
1082 989 1212 1079 plurali
1224 990 1353 1058 scribit.
1367 995 1422 1057 Est
1434 997 1464 1060 ἓν
1479 998 1522 1061 διὰ

193 1102 284 1162 tuctu.
302 1098 373 1161 Una
396 1096 462 1161 bac
487 1094 524 1161 in
544 1117 653 1162 unum
680 1094 880 1163 mandatum
902 1094 1140 1163 inobedientia
1164 1096 1349 1164 ostendunt
1369 1098 1522 1165 animum

193 1199 238 1267 ad
253 1199 482 1268 obediendum
502 1201 673 1269 mandatis
687 1201 812 1269 divinis
825 1223 951 1293 parum
966 1223 1126 1291 pronum.
1146 1226 1177 1270 v.
1193 1209 1235 1271 29
1250 1230 1266 1265 u
1286 1202 1415 1284 Videte,
1432 1206 1527 1294 quod

193 1307 359 1374 Dominus
377 1306 507 1375 dederit
526 1308 618 1376 uobis
637 1310 816 1376 sabbatum
842 1336 871 1392 u,
897 1308 984 1376 illud
1006 1308 1101 1376 vobis
1119 1308 1376 1377 observandum
1396 1333 1524 1402 propo-

192 1413 314 1498 suerit,
333 1442 349 1475 «
367 1425 400 1481 et
413 1426 557 1505 propter
570 1414 633 1482 itoc
647 1412 704 1481 die
717 1427 814 1481 scoto
834 1414 953 1481 tribuit
969 1414 1061 1482 uobis
1079 1414 1172 1483 cibos
1188 1414 1342 1506 duplices
1358 1439 1370 1481 :
1385 1434 1524 1485 ritoueut

194 1520 428 1610 tenusquisque
446 1520 543 1611 opud
552 1520 780 1611 seruaturum,
803 1521 921 1589 utullus
942 1520 1137 1612 eprediutur
1155 1520 1197 1590 de
1216 1521 1288 1588 loeo
1303 1545 1363 1589 suo
1379 1522 1435 1592 die
1452 1548 1525 1615 sep-

194 1626 276 1693 timo
294 1654 324 1708 u,
343 1626 387 1694 ad
406 1626 639 1714 colligendum
653 1648 782 1696 manna
797 1628 949 1717 (Boufr.)
964 1634 1023 1695 aut
1037 1628 1229 1715 generatim
1250 1629 1293 1696 ad
1308 1652 1394 1720 opus
1403 1633 1524 1698 servile

193 1732 442 1823 peragendum.
460 1734 554 1819 Unde
566 1734 721 1824 sequitur
738 1758 767 1801 v.
790 1741 833 1802 30
850 1756 859 1800 ε
878 1763 894 1797 u
912 1736 956 1801 Et
974 1733 1200 1802 sabbatizavit
1213 1737 1364 1825 populus
1384 1735 1440 1807 die
1455 1762 1525 1827 arp-

195 1840 277 1907 tt'mo
299 1868 329 1907 u.

298 2097 330 2157 t.
358 2088 571 2180 supplentur
593 2088 713 2180 aliqua
737 2088 785 2157 od
806 2111 938 2157 munuc
959 2090 1151 2181 spectantia
1174 2097 1232 2157 Er.
1260 2098 1429 2176 iuti-36.

242 2306 324 2395 Arp.
348 2342 393 2353 —
420 2302 580 2370 Traditur
604 2324 747 2386 nomen,
772 2302 865 2393 quod
889 2303 1002 2370 fuerat
1017 2326 1048 2371 v.
1068 2309 1108 2372 15
1137 2303 1340 2373 indicatum.
1366 2310 1528 2374 Narratur

200 2431 345 2478 mannae
368 2408 500 2500 aliquid
522 2409 560 2476 in
583 2410 810 2477 tabernaculo
828 2415 995 2500 perpetuo
1022 2431 1093 2477 esse
1116 2416 1335 2479 asservatum.
1362 2413 1528 2480 Definitur

199 2522 348 2606 tempus,
366 2538 436 2606 quo
450 2537 580 2583 manua
596 2516 685 2605 pasti
698 2521 777 2583 sunt
791 2515 952 2599 Hebraei,
965 2522 999 2583 et
1015 2538 1194 2583 mensurae
1209 2539 1332 2605 gomor
1342 2518 1525 2608 capacitas,

243 2644 274 2688 v.
290 2629 332 2699 31
349 2650 365 2685 «
382 2621 648 2712 Appellouitque
661 2622 783 2690 domus
801 2622 910 2689 lsrael
921 2645 1044 2689 nomeu
1055 2622 1126 2691 eius
1140 2624 1225 2690 Mau
1240 2651 1256 2684 u
1270 2624 1326 2713 (of.
1344 2625 1388 2691 ad
1405 2647 1438 2693 v.
1458 2632 1526 2713 15).

201 2757 218 2789 u
238 2727 341 2811 Quod
353 2740 428 2795 erut
442 2728 544 2818 qiuari
561 2749 673 2796 semen
688 2722 864 2796 coriandri
876 2728 994 2795 albanu
1001 2782 1011 2814 ,
1026 2742 1217 2821 positisque
1232 2728 1306 2797 eius
1317 2730 1419 2819 qreust'
1432 2730 1528 2797 uuu-

121 2831 126 2838 ’
200 2836 255 2903 loe
268 2857 346 2902 cum
362 2833 461 2901 melle
477 2863 508 2900 u.
523 2839 610 2902 Dum
625 2857 658 2902 v.
678 2839 718 2901 1t
730 2857 857 2903 manna
871 2833 1090 2903 describebat
1104 2835 1255 2926 primurn
1270 2841 1303 2903 et
1316 2837 1440 2927 procul
1450 2860 1529 2903 cou-

198 2946 370 3032 speetum‚
392 2963 425 3007 v.
448 2947 503 3023 31,
520 2942 581 3030 qui
597 2963 629 3007 v.
652 2946 692 3007 ti
705 2963 756 3032 sq.
777 2941 897 3009 intime
912 2940 1080 3028 iungitur,
1097 2939 1192 3008 idem
1206 2942 1311 3009 veluti
1330 2964 1434 3009 manu
1447 2965 1527 3032 pro-

203 3048 348 3115 heusum
361 3052 395 3115 et
408 3068 466 3114 ore
475 3044 696 3134 degustatum
710 3046 889 3131 describit3
906 3048 1011 3115 tradit
1024 3048 1183 3129 formam,
1198 3049 1359 3131 colorem,
1375 3052 1524 3137 gustum.

238 3256 416 3308 coucudrum
426 3256 481 3319 (L.)
494 3257 591 3320 planta
602 3256 778 3307 umbeiliiere
791 3256 858 3307 bina
868 3256 1026 3319 producens
1038 3255 1159 3321 granula
1172 3256 1286 3307 interae
1299 3258 1402 3309 iuncta.
1418 3263 1525 3317 nutas.

201 3347 274 3397 Som-
295 3351 395 3406 ruitur
408 3346 452 3397 est
464 3340 527 3403 ἅπαξ
539 3342 685 3413 λεγόμενον.
703 3344 784 3408 Vuip.
799 3346 883 3396 vertit
897 3344 1017 3395 simitum
1031 3359 1081 3396 seu
1096 3345 1231 3406 triticum;
1248 3347 1311 3395 LXX
1324 3341 1413 3414 ἐγκρίς,
1431 3348 1525 3397 cuitu.

203 3440 351 3520 timim
367 3432 408 3500 t:
432 3430 589 3504 ἐσχαρίτης),
602 3436 652 3498 iq.
673 3429 793 3501 ἀμύλιον,
814 3437 914 3497 symm.
936 3422 1041 3502 ἄμυλός,
1060 3447 1132 3498 quae
1151 3435 1245 3485 omnia
1259 3438 1324 3486 eunt
1338 3436 1528 3499 placentarum

201 3532 315 3589 genera.
332 3523 419 3574 Porro
439 3536 457 3573 a
475 3523 666 3588 placentarum
690 3536 707 3573 e
732 3523 824 3574 iarina
844 3534 901 3572 non
922 3521 1088 3574 termentata
1105 3522 1294 3575 coniectarum
1312 3528 1396 3588 gustu
1414 3538 1471 3576 nou
1491 3528 1526 3573 itu

202 3612 320 3665 multum
339 3611 432 3662 diiiert
450 3614 549 3676 gustus
567 3610 640 3675 scri,
657 3612 676 3661 i.
691 3624 717 3662 e.
731 3619 813 3663 cerae
826 3611 882 3661 mei
901 3612 1074 3663 continentis
1090 3625 1096 3661 :
1110 3624 1194 3676 quem
1212 3611 1307 3663 iarum
1326 3613 1457 3677 exprimit
1476 3616 1531 3662 aiio

202 3704 302 3764 Surum.
318 3701 401 3751 lectio
416 3695 559 3767 μελικήριον
576 3697 619 3768 (ci.
637 3695 794 3768 μελίκηραν).
811 3698 920 3759 Qubus
935 3700 1064 3751 omnibus
1078 3704 1178 3763 giletus
1192 3712 1296 3751 manna
1314 3704 1383 3753 satis
1402 3711 1529 3753 accurato

202 3789 377 3852 describitur,
394 3796 423 3840 ut
442 3789 566 3841 imitetur
579 3792 692 3853 grisium
711 3791 793 3852 panis
811 3802 869 3841 non
889 3788 1048 3839 teimautati
1067 3789 1151 3840 maile
1165 3789 1259 3849 tincti,
1275 3796 1323 3841 aut
1336 3788 1394 3841 lavi
1409 3791 1463 3841 mei
1479 3792 1528 3839 iiu-

203 3879 304 3929 bentia
320 3878 341 3928 E
363 3882 461 3929 contra
480 3880 544 3941 Sur.
560 3883 690 3939 tirum,
705 3880 725 3927 i.
741 3891 767 3928 e.
784 3879 840 3928 mei
863 3876 1059 3941 liqueiactum,
1079 3890 1143 3928 oum
1164 3864 1240 3928 illico
1262 3878 1316 3930 mei
1341 3884 1527 3929 recenseatur.

204 3966 337 4018 abundat.
349 3994 386 4003 -
400 3980 427 4018 r.
441 3967 475 4017 29
492 3965 539 4033 (ci.
550 3980 579 4018 v.
593 3966 638 4030 28)
656 3968 733 4018 Deus
752 3965 893 4017 inducitur
911 3965 946 4017 de
964 3978 995 4017 ee
1015 3967 1077 4029 ipso
1095 3966 1215 4029 loquens
1235 3967 1264 4015 iu
1286 3968 1368 4017 tertia
1386 3979 1528 4030 persona:

202 4058 252 4106 aut
264 4055 371 4121 aliquid
384 4057 414 4106 in
433 4058 511 4107 textu
529 4055 645 4116 excidit,
660 4057 708 4107 aut
726 4054 832 4118 aliquid
849 4058 1011 4118 corruptum
1033 4056 1090 4115 est,
1107 4060 1156 4107 aut
1174 4056 1259 4105 etiam
1278 4057 1371 4107 textus
1390 4055 1530 4119 talis-pri·

203 4146 287 4195 mitus
301 4144 421 4205 exstitit,
438 4145 531 4209 qualis
550 4156 624 4195 nunc
642 4143 757 4207 iegitur.
773 4142 845 4194 cum
864 4156 904 4193 ec.
918 4144 1013 4194 omnia
1027 4142 1077 4195 iiia
1095 4142 1193 4194 divina
1206 4142 1291 4195 citata
1305 4144 1426 4208 primum
1440 4158 1457 4195 a
1472 4146 1531 4196 Deo

203 4232 352 4284 dictasint
370 4232 473 4296 Moysi,
494 4232 596 4284 deinde
614 4245 633 4283 a
650 4232 746 4295 Moyse
762 4232 867 4296 populo
888 4232 1022 4295 repetita,
1043 4231 1115 4282 bene
1136 4232 1226 4295 potuit
1248 4232 1307 4283 atili
1331 4234 1531 4297 inaequalitate

204 4323 300 4386 alium
313 4326 411 4373 auctor
423 4323 507 4373 etiam
520 4321 672 4385 inspiratus
685 4322 808 4385 priorem
822 4320 899 4371 etiati
913 4327 1031 4385 partam,
1047 4325 1079 4370 ut
1092 4333 1110 4371 a
1123 4320 1184 4373 Deo
1198 4320 1234 4371 ad
1249 4321 1378 4387 Moysen,
1391 4325 1531 4386 posteriu-

204 4422 274 4472 rem,
290 4415 321 4461 ut
333 4422 351 4461 a
362 4410 458 4473 Moyse
471 4409 507 4461 ad
518 4410 653 4475 populum
668 4409 910 4474 pronuntiabatur,
927 4408 1094 4461 describere.

247 4615 280 4660 v.
303 4598 347 4661 32
366 4621 382 4655 «
400 4592 498 4661 Dicit
509 4606 625 4661 autem
637 4596 771 4683 Moyses
789 4612 802 4661 .·
820 4596 885 4660 Iste
905 4605 953 4659 est
965 4614 1091 4677 sermo,
1114 4614 1215 4682 quem
1225 4594 1403 4685 proecepit
1416 4599 1532 4662 Douu'-

205 4723 271 4766 uus
285 4721 297 4766 .·
313 4701 421 4791 [uuile
444 4728 461 4763 u
482 4738 527 4751 -
540 4702 665 4769 illusor.
691 4705 856 4790 punctant
870 4699 1044 4790 triptotu-
1057 4700 1152 4767 Sum.
1174 4701 1266 4766 LXX
1276 4689 1372 4771 iubis,
1397 4701 1533 4791 impleo

204 4844 250 4859 -
275 4835 292 4871 u
318 4829 573 4897 pomeretam,
596 4819 628 4873 et
647 4805 856 4875 custodiatur
879 4806 916 4872 iu
937 4808 1088 4895 [futurus
1105 4812 1205 4889 retro]
1225 4806 1476 4897 perieratioues,
1499 4825 1534 4873 ut

599 4935 771 4972 nuntiaturi.
790 4948 821 4957 ···
838 4933 864 4971 iii
880 4934 922 4971 iix.
941 4934 972 4970 iii
989 4934 1046 4970 btv.
1063 4946 1094 4957 ···
1114 4926 1139 4969 12
