3534 5384
215 324 276 384 311
617 333 760 378 novenos
781 332 940 378 sscnoaun
961 332 1145 377 msmrurro.

215 494 308 540 cessa
327 470 480 561 precari,
511 494 526 528 «
553 481 591 534 611
610 467 783 534 irascatur
801 467 902 556 soror
923 488 1018 533 meus
1038 478 1157 533 contra
1178 489 1232 533 666
1238 516 1249 549 ,
1272 477 1305 532 et
1324 465 1455 533 deleam
1470 489 1542 555 eos,

214 578 413 669 sociamque
431 588 463 641 te
479 574 516 640 ia
529 586 665 663 quatem
684 596 848 663 moynom
868 601 884 635 a
903 573 958 663 (ef.
980 576 1081 640 Num.
1100 572 1228 661 maa).
1244 572 1442 641 Secundum
1461 576 1543 641 Gen.

217 691 333 768 17‚20;
358 689 473 765 rma.
497 686 555 761 183
579 688 657 762 aaa
686 679 912 769 expressionis
932 700 1048 746 sensus
1070 684 1120 746 est
1146 680 1287 747 omnino
1303 679 1381 761 bic,
1400 702 1418 747 e
1436 685 1545 767 Moyse

215 790 430 879 gignendam
443 810 515 855 esse
531 790 670 875 gentem
682 807 847 873 magnam
865 808 873 855 :
891 785 1111 877 habebatque
1125 790 1249 873 Moyses
1258 807 1377 876 reapse
1391 786 1461 853 iam
1473 793 1547 854 tum

214 919 355 965 uxorem
371 902 404 963 et
423 896 525 962 filios.
543 898 617 961 Non
633 893 749 981 agitur
765 892 808 959 de
824 898 934 981 Moyse
948 893 1007 959 alii
1020 894 1115 979 genti
1133 892 1361 981 praeficiendo
1378 892 1543 982 (Beata),

214 1027 326 1096 neque
347 1031 363 1064 «
386 1003 537 1093 pertinet
560 999 597 1067 id
617 999 662 1068 ad
682 998 952 1090 assumptionem
974 999 1129 1085 gentium
1152 1028 1168 1061 >r
1192 999 1278 1089 (Se).
1298 998 1409 1067 Verba
1429 1006 1543 1068 autem

216 1111 353 1177 dimitte
372 1132 425 1176 ure
447 1135 463 1170 «
484 1112 563 1174 sunt
580 1106 687 1173 verba
705 1106 831 1196 partim
851 1105 1051 1188 indicantis,
1073 1111 1221 1195 quantae
1241 1104 1334 1195 apud
1352 1110 1459 1174 Deum
1478 1107 1546 1173 sint

215 1216 390 1284 efficaciae
405 1216 596 1294 orationes,
613 1234 698 1302 quas
715 1211 825 1279 sancti
838 1234 898 1279 seu
913 1213 987 1279 eins
1001 1210 1103 1279 amici
1118 1210 1163 1279 ad
1179 1234 1258 1279 eum
1272 1211 1441 1295 fundunt3
1462 1235 1542 1302 par-

217 1325 280 1391 tim
299 1321 466 1389 hortantis
486 1319 531 1387 ad
550 1317 809 1409 deprecandum
823 1339 888 1407 pro
908 1318 1037 1407 populo
1055 1344 1071 1381 »
1091 1318 1228 1407 (Syia).
1251 1346 1267 1381 a
1285 1318 1402 1387 Amico
1417 1318 1478 1386 illo
1495 1320 1545 1386 al-

216 1430 338 1519 loquio
353 1433 487 1514 Moysen
502 1425 711 1505 cohortatur,
728 1446 771 1491 ne
786 1429 966 1492 cunctetur
979 1424 1121 1493 Domino
1139 1424 1327 1514 supplicari
1345 1448 1408 1516 pro
1423 1424 1548 1493 delicto

216 1535 338 1626 populi
358 1562 374 1594 «
395 1533 541 1622 (Prae).
563 1532 611 1599 Gt.
632 1537 695 1599 ler.
716 1537 811 1613 7,1s;
831 1537 846 1596 1
863 1536 946 1617 Reg.
966 1538 1056 1614 16‚1.
1074 1536 1177 1597 Porro
1192 1533 1287 1599 Sum.
1304 1533 1341 1600 h.
1359 1531 1383 1598 l.
1404 1554 1548 1622 sequen·

217 1649 287 1709 tem
304 1640 408 1709 habet
428 1638 632 1707 sententiam
650 1660 658 1707 :
680 1639 725 1703 Et
741 1638 777 1703 in
796 1638 914 1704 Aaron
932 1636 1042 1703 iratus
1057 1650 1106 1704 est
1126 1637 1293 1705 Dominus
1309 1638 1410 1705 ualde
1429 1638 1478 1705 ed
1491 1637 1549 1705 de-

216 1746 417 1815 struendum
429 1731 520 1827 eam,
535 1757 567 1811 61
583 1742 695 1810 orauit
707 1745 841 1833 Moyses
846 1766 914 1833 pro
930 1745 1075 1810 Acrone.
1093 1747 1218 1832 Moyses
1232 1766 1326 1828 vero,
1342 1746 1442 1812 misso
1455 1767 1487 1812 v.
1508 1748 1546 1811 11

217 1860 360 1935 narone,
382 1874 446 1943 pro
464 1850 592 1942 populo
612 1848 808 1917 intercedit.

260 1984 292 2026 v.
313 1966 348 2026 11
376 1989 391 2021 «
415 1962 550 2047 Moyses
566 1970 682 2024 erstem
700 1955 821 2023 orabat
843 1955 1029 2023 [turstinum
1050 1960 1158 2023 Deum
1177 1980 1277 2024 serum
1295 1957 1412 2024 diceas
1433 1981 1446 2024 .·
1465 1960 1545 2042 Cur,

217 2067 377 2146 Domine,
392 2063 555 2131 irascitur
568 2062 671 2149 furor
695 2074 774 2129 treus
799 2075 918 2129 contro
933 2060 1106 2153 populum
1129 2073 1226 2129 terrem
1253 2092 1268 2125 s
1289 2066 1417 2151 magis,
1440 2085 1544 2155 quam

216 2194 344 2255 meum,
355 2192 458 2260 quem
468 2165 532 2236 tibi
542 2167 751 2258 acquisivisti
762 2168 934 2258 imprimis
944 2168 1043 2235 exodi
1055 2168 1238 2258 portentis,
1256 2195 1272 2230 «
1286 2192 1387 2259 quem
1398 2170 1550 2237 eduxisti

218 2278 260 2345 de
275 2292 364 2345 terro
378 2276 529 2365 Aeqypti
543 2273 797 2362 infortitudine
812 2298 941 2363 moytia
953 2286 985 2340 61
998 2274 1035 2341 ire
1049 2297 1155 2341 manu
1170 2278 1329 2343 robusta?
1341 2304 1355 2336 6
1372 2277 1550 2345 Humiliter

219 2405 334 2452 eoram
349 2386 416 2449 Deo
432 2381 608 2471 disquirit,
624 2403 669 2447 an
683 2385 862 2469 peccatum
883 2380 1070 2447 admissum
1088 2381 1260 2449 sufficiens
1274 2386 1318 2449 sit
1335 2385 1422 2452 ratio
1444 2406 1549 2475 repu-

219 2489 341 2557 diandi
363 2488 500 2579 populi,
521 2510 587 2577 pro
611 2492 769 2576 quotam
793 2508 923 2573 magna
939 2491 1017 2553 ante
1039 2486 1189 2556 effecerit
1213 2495 1311 2557 Deua.
1337 2496 1376 2557 m
1398 2492 1549 2581 primum

221 2601 462 2682 argumentum
478 2616 608 2681 negans
625 2593 755 2684 petitur
769 2616 810 2659 ex
821 2592 1030 2685 opprobrio,
1049 2594 1143 2684 quod
1161 2595 1197 2661 in
1216 2601 1323 2663 Deum
1342 2596 1549 2665 redundaret

224 2704 268 2771 ab
295 2700 441 2770 ethnicis
460 2722 527 2767 non
548 2699 776 2788 quibuslibet,
797 2699 858 2765 sed
881 2699 926 2767 ab
949 2699 1072 2767 iisdem
1092 2701 1160 2768 illis
1179 2702 1372 2793 Aegyptiis,
1398 2704 1458 2793 qui
1480 2710 1549 2771 tam

220 2809 367 2896 gloriose
387 2807 516 2874 luerint
533 2807 597 2872 sub
617 2828 720 2872 mann
742 2805 800 2871 Dei
820 2804 1006 2871 humiliati.
1028 2828 1060 2873 v.
1073 2813 1124 2873 ‘12
1147 2836 1162 2869 «
1184 2806 1252 2889 Ne,
1269 2830 1413 2897 quaeso,
1434 2809 1551 2876 dieunt

220 2914 386 3005 Aeyyptir'
405 2936 417 2979 .·
448 2911 582 2980 Callida
601 2910 720 2978 ediscit
739 2934 804 2997 eos,
834 2923 873 2976 ot
895 2911 1097 3001 interficeret
1118 2913 1155 2978 ia
1174 2914 1347 2982 montibus
1368 2928 1400 2983 61
1423 2914 1551 2983 deleret

219 3046 236 3085 6
251 3034 341 3088 terre
362 3048 390 3085 ».
417 3019 485 3085 Sed
502 3023 748 3104 argumentum
766 3017 859 3095 illico
879 3018 1131 3107 supplicatione
1150 3019 1293 3089 fulcitur
1319 3046 1327 3090 :
1350 3051 1365 3084 α
1391 3023 1554 3104 Quieseut

223 3129 276 3193 iro
291 3140 366 3211 166,
385 3139 418 3192 61
436 3137 504 3191 6616
518 3124 700 3213 placabilis
714 3146 819 3212 super
833 3124 991 3213 nequitia
1000 3126 1128 3216 populi
1143 3127 1196 3191 tui
1213 3154 1243 3193 6,
1270 3127 1424 3196 Alterum
1447 3152 1553 3215 argu-

221 3238 376 3300 mentum
400 3232 481 3298 inde
494 3230 635 3320 petitur,
655 3230 747 3319 quod
764 3230 801 3296 in
819 3231 933 3298 medio
956 3232 998 3300 sit
1020 3254 1121 3299 causa
1143 3255 1214 3299 non
1237 3234 1429 3302 viventium
1449 3236 1553 3310 modo

221 3339 469 3419 Hebraeorum,
491 3335 552 3403 sed
572 3335 812 3403 defunctorum
839 3338 1135 3425 patriarcharum,
1164 3339 1290 3427 quibus
1312 3341 1420 3408 sactae
1444 3342 1512 3408 sint
1534 3364 1554 3407 a

222 3452 287 3513 Deo
301 3443 544 3536 promissiones
563 3464 571 3510 ε
596 3466 628 3509 v.
649 3450 689 3510 13
709 3472 723 3504 «
741 3443 931 3510 Recordare
946 3443 1136 3531 Abrohom,
1155 3448 1251 3513 lsccc
1271 3459 1304 3513 et
1318 3446 1429 3514 lsrael
1442 3471 1554 3514 screo—
1633 3430 1643 3451 ⁸

222 3575 300 3619 rtem
326 3564 481 3631 trcorurrr,
505 3549 627 3635 quibas
653 3549 777 3615 1166611
800 3570 863 3638 per
885 3550 1103 3640 terretipsurrr
1128 3550 1244 3618 diceres
1270 3576 1282 3619 .·
1312 3553 1550 3643 rtlullipliealo

222 3681 334 3726 666161)
351 3669 515 3736 oestrum,
531 3656 620 3723 sieut
633 3655 749 3721 stellas
771 3655 877 3736 eoeli;
892 3669 923 3721 et
942 3657 1401 3744 66166666661666611666,
1422 3659 1463 3726 de
1485 3683 1554 3751 qua

226 3767 355 3833 lucre-tus
379 3786 466 3844 6666,
491 3761 577 3829 (labo
602 3762 728 3828 acarini
748 3774 907 3829 restruet
925 3762 1149 3852 possidebilis
1167 3788 1241 3833 6666
1263 3788 1396 3855 serrrpcr
1417 3794 1446 3832 )).
1466 3771 1556 3833 Hane

224 3870 484 3961 promissionem
496 3870 567 3936 iam
579 3868 766 3957 inspirante
781 3874 848 3935 Deo
867 3870 968 3935 lacob
984 3892 1052 3936 non
1070 3870 1113 3936 de
1128 3871 1198 3938 solo
1212 3871 1399 3939 universim
1414 3873 1556 3963 populo,

226 3979 288 4045 sed
313 3978 488 4067 speciatim
521 3978 601 4042 Gen.
626 3980 727 4055 18,19
752 3974 794 4041 (16
821 3974 901 4041 filiis
926 3977 1045 4065 loseph
1075 3976 1381 4066 interpretabatur.
1408 3985 1490 4047 Gen.
1518 3984 1559 4046 19

225 4106 306 4149 vero
321 4105 389 4149 non
415 4083 527 4148 solum
546 4082 733 4147 universim
750 4102 867 4147 semen
883 4082 1002 4163 lacob,
1020 4082 1080 4147 sed
1100 4082 1166 4149 filii
1184 4084 1314 4171 singuli
1337 4085 1561 4175 perduratum

226 4211 299 4255 6666
319 4188 619 4277 promittebantur.
640 4190 729 4272 Ergo
745 4192 855 4253 totum
870 4189 1039 4277 populum
1055 4194 1140 4256 Deus
1156 4189 1257 4256 salvis
1275 4192 1563 4281 promissionibus

227 4294 342 4361 delere
366 4317 437 4360 non
455 4297 605 4384 poterat,
629 4293 690 4359 sed
712 4295 934 4361 comminatio
954 4318 986 4362 v.
1013 4301 1031 4359 9
1051 4302 1184 4383 Moysen
1212 4297 1256 4361 ad
1279 4296 1562 4365 intercedendum

229 4401 390 4468 sollicitat
401 4422 564 4489 spemque
577 4399 725 4465 ostendit
735 4399 856 4466 veniae
867 4400 1115 4489 impetrandae.
1133 4426 1165 4469 v.
1180 4409 1219 4470 11
1238 4429 1254 4463 a
1269 4403 1499 4495 Placatusque
1514 4417 1562 4470 661

229 4507 411 4590 ltorrtinus,
435 4529 478 4572 rte
497 4505 630 4593 faceret
647 4505 792 4590 rrrulrurr,
812 4506 1059 4594 quod-loeutus
1075 4509 1193 4595 [cerm
1217 4510 1375 4577 udcersus
1390 4510 1561 4601 populoru

230 4636 328 4679 suum
346 4642 377 4691 n,
394 4634 440 4679 66.
458 4634 502 4678 ne
518 4610 756 4679 deleretillum
777 4612 921 4702 (Sylrss
940 4613 1043 4681 aliam
1059 4635 1207 4708 poenam
1222 4622 1340 4706 postea
1354 4620 1477 4703 exegit.
