3534 5384
1462 373 1556 415 Ex.
1605 357 1743 427 6,17
1790 372 1919 426 soo.
2950 363 3023 420 77

360 505 548 587 Levi,
585 508 829 588 Caat-h,
860 513 1139 574 Amram
1183 506 1416 596 aliqua
1456 505 1771 572 membra
1808 528 1947 572 esse
1981 507 2259 589 omissa,
2293 509 2578 576 concedi
2621 533 2761 576 non
2796 510 3019 577 solum

359 619 597 701 potest,
634 613 752 679 sed
777 613 1050 680 attentis
1081 621 1207 681 &30
1239 613 1374 680 illis
1404 611 1603 679 annis
1627 612 1915 702 aliisque
1942 613 2321 681 rationibus
2349 616 2553 682 etiam
2574 616 2799 683 debet.
2830 640 2894 683 V.
2937 625 3016 684 17

366 746 396 777 «
431 717 602 783 Filii
645 720 896 786 Ger-son
932 742 957 785 .·
987 721 1204 786 Lobni
1225 733 1290 786 et
1323 719 1550 786 Semei
1571 771 1591 801 ‚
1614 740 1747 808 per
1780 720 2221 808 coquationes
2258 744 2417 787 suas
2454 749 2513 787 ».
2552 746 2614 788 v.
2655 729 2734 790 18
2778 752 2810 785 «
2847 722 3022 790 Filii

366 825 583 892 Caatlt
610 847 635 888 .·
664 828 948 893 Amr-am
987 839 1051 893 et
1084 829 1274 893 Isaar
1303 838 1364 892 et
1404 824 1676 892 Hebron
1710 837 1777 890 et
1812 825 2025 893 Oziel.
2056 826 2246 894 Anni
2284 850 2554 917 quoque
2582 828 2765 895 vitae
2800 830 3014 896 Caatlz

363 945 633 997 centum
660 932 949 1021 triqinta
972 945 1104 999 tres
1129 962 1189 998 ».
1210 956 1274 1001 v.
1307 940 1388 1000 19
1422 963 1452 992 α
1481 931 1655 998 Filii
1675 933 1931 998 Merari
1950 957 1976 1001 .·
2001 934 2261 1000 Mokolz'
2280 947 2346 1000 et
2365 935 2571 1001 Masi.
2602 938 2749 1001 Hae
2769 959 3023 1024 coqua-

361 1037 578 1103 tiones
603 1039 764 1104 Levi
785 1062 918 1129 per
941 1039 1261 1129 familias
1285 1064 1443 1107 suas
1474 1070 1531 1109 ».
1564 1058 1602 1104 Π
1632 1028 1812 1107 inSn
1839 1044 2143 1129 ignorat
2174 1041 2455 1131 quidem
2486 1040 2761 1121 Chald.;
2786 1048 3021 1109 tamen

361 1145 446 1210 cs.
479 1149 673 1211 Num.
701 1153 857 1225 3,20
883 1147 1043 1236 (sec.
1073 1147 1307 1238 Hebr.)
1334 1154 1402 1215 et
1422 1154 1618 1217 Deut.
1652 1149 2240 1237 10,8,itemqueh.
2272 1149 2312 1214 Ι.
2342 1169 2405 1212 v.
2433 1152 2518 1213 2ἱι
2538 1163 2732 1240 imp-7
2760 1155 2911 1216 etv.
2939 1156 3020 1216 25

362 1240 562 1316 nn‘vn.
607 1257 783 1338 Ergo
809 1257 997 1319 verte
1034 1255 1448 1322 Levitarum.
1498 1261 1811 1325 Ceterum
1853 1257 1937 1321 de
1980 1253 2411 1340 singulorum
2455 1253 2766 1322 virorum
2796 1256 3022 1323 nomi-

358 1357 562 1423 nibus
597 1357 899 1425 dicemus
933 1359 1023 1426 ad
1065 1365 1260 1427 Num.
1317 1371 1379 1429 3.
1443 1363 1783 1450 Neglectis
1828 1361 1971 1428 iam
2010 1360 2296 1451 posteris
2342 1364 2595 1427 Gerson
2639 1366 2706 1427 et
2748 1361 3013 1445 Merari,

359 1463 686 1532 elenchus
736 1465 914 1532 solos
981 1469 1418 1557 prosequitur
1476 1476 1780 1559 posteros
1850 1469 2098 1553 Caath,
2153 1466 2616 1557 progenitoris
2666 1470 2897 1534 Aaron
2953 1474 3020 1534 et

357 1570 622 1658 MoysiS‚
659 1572 912 1660 quibus
952 1595 1018 1639 v.
1070 1580 1153 1641 20
1202 1576 1392 1642 Sam.
1432 1579 1617 1643 LXX
1659 1576 1925 1642 addunt
1969 1586 2035 1640 et
2079 1573 2378 1640 Mariam
2414 1595 2714 1640 sororem
2746 1595 3012 1655 eorum,

354 1678 510 1765 Syr.
560 1689 626 1744 et
668 1679 963 1745 Mariam
997 1701 1023 1744 .·
1068 1681 1154 1746 cf.
1194 1685 1394 1748 Num.
1438 1689 1668 1766 26,59.
1719 1681 1990 1748 Hebron
2036 1679 2305 1747 nonnisi
2344 1686 2498 1769 post
2525 1681 2737 1747 nostri
2773 1703 3018 1748 narra-

354 1783 522 1851 toris
566 1791 878 1875 tempora
929 1787 1004 1852 in
1039 1788 1272 1874 plures
1304 1788 1574 1855 videtur
1613 1789 1987 1855 effloruisse
2038 1785 2368 1866 familiaS,
2415 1808 2705 1875 quarum
2746 1787 3018 1854 Davidis

354 1896 665 1980 tempore
688 1893 750 1980 (1
778 1897 930 1960 Par.
960 1899 1198 1974 23,19;
1238 1895 1322 1960 cf.
1364 1895 1549 1983 15,9)
1581 1894 2128 1961 numerabantur
2165 1898 2484 1981 quatuor.
2521 1914 2586 1959 ν.
2628 1900 2711 1959 20
2749 1921 2779 1953 κ
2817 1895 3018 1960 Acce-

349 1999 454 2087 pit
482 2010 714 2064 autem
739 2000 1020 2065 Amram
1045 2023 1327 2066 umorem
1361 2000 1701 2067 [achabesl
1714 1998 2103 2090 patruelem
2145 2021 2342 2064 suam
2380 2026 2445 2082 »,
2492 2028 2521 2059 «
2565 1997 2781 2066 filiam
2813 1999 3009 2081 Levi,

355 2127 532 2193 quae
570 2111 727 2171 nata
752 2111 852 2172 est
877 2106 937 2172 ei
976 2105 1046 2172 in
1078 2113 1390 2196 Aegypto
1429 2135 1460 2168 »
1507 2109 1729 2196 (Num.
1765 2107 1997 2194 26,59)
2038 2127 2053 2172 :
2088 2128 2179 2171 an
2208 2126 2375 2192 ergo
2406 2105 2634 2171 fratris
2666 2105 2810 2171 filio
2836 2128 3016 2195 nup-

352 2211 441 2276 sit
477 2212 850 2308 iochabed,
889 2212 1077 2301 quod
1116 2213 1414 2300 coniugii
1456 2234 1675 2300 genus
1712 2212 2150 2304 postmodum
2185 2215 2339 2278 Lev.
2380 2218 2579 2290 18,12
2625 2211 2735 2277 lex
2777 2233 3016 2300 repro-

352 2317 573 2401 bavit,
611 2319 986 2385 obtinuerit
1023 2324 1252 2385 tamen
1283 2326 1485 2387 antea
1529 2320 1714 2410 (Gen.
1747 2320 1979 2408 20,12)
2010 2317 2236 2407 quoad
2265 2318 2613 2386 Abraham
2645 2323 2712 2384 et
2736 2322 3017 2385 Saram‘?

351 2429 498 2490 Non
537 2429 768 2492 tamen
818 2427 1082 2512 cogeris
1129 2426 1527 2506 admittere,
1566 2426 1911 2493 lochabed
1963 2423 2356 2492 immediate
2408 2447 2450 2490 a
2485 2424 2642 2491 Levi
2682 2447 2822 2492 esse
2852 2447 3043 2515 pro--

353 2536 682 2613 creatam,
715 2555 802 2598 ne
831 2532 918 2599 ob
957 2532 1302 2599 adiectum
1333 2531 1610 2624 quidem
1650 2538 1847 2600 Num.
1879 2539 2081 2617 26,59
2114 2560 2145 2593 «
2190 2532 2260 2597 in
2291 2536 2603 2621 Aegypto
2641 2560 2696 2596 ».
2743 2560 2774 2592 «
2825 2535 3014 2612 Quae

341 2639 613 2726 peperit
649 2639 715 2704 ei
765 2642 999 2705 Aaron
1042 2652 1105 2706 et
1138 2642 1447 2728 Moysen.
1488 2642 1929 2728 Fueruntque
1981 2638 2155 2705 anni
2187 2638 2368 2703 vitae
2414 2640 2699 2703 Amram
2740 2650 3011 2704 centum

352 2744 643 2832 triqinta
667 2759 923 2835 septem
956 2773 1016 2814 n.
1063 2749 1247 2813 LXX
1284 2753 1411 2813 132
1447 2746 1560 2812 vel
1588 2753 1737 2813 136.
1770 2768 1835 2812 ν.
1876 2752 1956 2811 21
1995 2773 2024 2805 «
2058 2743 2224 2810 Filii
2260 2765 2530 2832 quoque
2555 2745 2748 2809 [saar
2777 2764 2803 2808 .·
2844 2747 3011 2811 Core

347 2862 412 2916 et
439 2852 720 2941 Nepheq
743 2865 808 2918 et
838 2853 1080 2919 Zeclzri
1111 2882 1167 2919 n.
1210 2877 1275 2919 v.
1311 2860 1397 2919 22
1417 2880 1447 2914 «
1484 2851 1651 2919 Filii
1679 2873 1952 2942 quoque
1983 2849 2178 2917 Oziel
2205 2871 2227 2916 .·
2259 2851 2508 2916 Misael
2532 2862 2597 2916 et
2626 2849 3008 2939 Elisapltan

348 2970 413 3022 et
459 2957 689 3024 Sethri
741 2987 803 3026 ».
857 2965 1114 3026 Nomen
1166 2959 1405 3026 Setlzri
1445 2958 1674 3049 (lectio
1732 2961 1918 3024 LXX
1963 2956 2204 3045 Σεγρεί)
2261 2978 2456 3023 secus
2502 2978 2643 3022 non
2686 2957 3005 3022 occurri&

346 3064 568 3131 Alium
598 3088 800 3154 porro
831 3064 1130 3151 gradum
1157 3066 1272 3132 des
1285 3065 1517 3132 cendit
1547 3065 1906 3146 elenchu8,
1942 3064 2245 3131 filiorum
2279 3069 2554 3129 Amram
2593 3062 2813 3128 solum
2848 3084 3013 3152 pro-

347 3193 636 3259 sequens
685 3177 942 3251 Aaron,
993 3195 1148 3238 cum
1191 3175 1424 3259 Moysis
1463 3173 1744 3261 nuptiae
1783 3173 1921 3236 iam
1958 3175 2114 3238 ante
2159 3167 2416 3234 fuerint
2453 3175 2799 3249 narratae,
2831 3166 3014 3235 filio-

348 3299 500 3345 rum
551 3283 732 3345 lsaar
769 3279 989 3345 solum
1030 3284 1226 3359 Cere,
1274 3278 1502 3344 turbis
1535 3277 1609 3344 in
1652 3282 1921 3365 Moysen
1965 3277 2267 3343 excitatis
2301 3277 2668 3356 famosum3
2712 3275 3015 3342 filiorum

345 3389 571 3451 Aaron
597 3386 876 3451 tandem
914 3385 1098 3451 solus
1127 3385 1508 3474 explicatur
1548 3385 1847 3466 Eleazar,
1893 3406 2036 3449 non
2074 3381 2163 3448 ob
2194 3382 2399 3449 aliam
2439 3404 2599 3448 sane
2639 3382 3007 3462 rationem,

346 3513 557 3580 quam
585 3493 673 3557 ob
705 3498 1138 3581 procreatum
1166 3491 1254 3558 ab
1282 3490 1429 3581 ipso
1453 3491 1742 3557 Phinees
1781 3489 1866 3555 ob
1903 3488 2186 3575 egregie
2213 3490 2468 3555 sactum
2497 3491 2692 3555 Nu‘m.
2729 3495 2812 3554 25
2841 3488 3013 3554 cele-

347 3599 646 3664 bratum.
712 3603 888 3684 Ergo
932 3610 1092 3688 post
1142 3598 1267 3664 illa
1315 3597 1452 3664 duo
1491 3598 1672 3664 facta
1710 3595 2034 3662 elenchus
2084 3601 2313 3661 noster
2357 3616 2541 3673 eam,
2578 3615 2785 3682 quam
2827 3616 3012 3660 nunc

347 3704 587 3781 habet,
623 3703 915 3771 formam
936 3703 1187 3771 induit.
1219 3728 1287 3771 v,
1322 3711 1405 3771 23
1440 3731 1471 3764 «
1495 3703 1775 3793 Accepit
1796 3714 2028 3768 autem
2055 3705 2286 3767 Aaron
2313 3723 2596 3766 uxorem
2624 3698 3001 3781 Elisabeth,
3033 3701 3044 3710 ‘

339 3810 567 3902 filiam
596 3810 1012 3891 Aminaclab‚
1037 3832 1335 3877 sororem
1377 3809 1732 3877 Nalias‘so‘n
1757 3837 1788 3870 »
1808 3862 1824 3890 ,
1854 3808 2077 3876 tribus
2098 3807 2266 3874 luda
2295 3807 2517 3895 (Num.
2549 3807 2689 3894 1,7)
2710 3859 2726 3888 ‚
2766 3835 2797 3868 «
2832 3829 3007 3896 quae

340 3916 607 4007 peperit
644 3918 709 3984 ei
742 3915 985 3984 Nadab
1017 3929 1082 3983 et
1111 3916 1290 3982 Abiu
1341 3944 1372 3977 >›
1395 3969 1410 3998 ,
1446 3916 1536 3982 ob
1566 3915 2003 4002 sacrilegium
2034 3919 2187 3980 Lev.
2229 3919 2308 3979 10
2346 3912 2826 4002 interemptOS‚
2867 3942 2897 3970 «
2941 3924 3008 3978 et

344 4022 640 4090 Eleazar
668 4037 731 4089 et
768 4023 1072 4090 Itlzamar
1114 4051 1175 4092 ».
1213 4047 1275 4088 ν.
1320 4030 1403 4090 2ῐι
1458 4050 1489 4085 «
1525 4022 1700 4089 Filii
1738 4044 2010 4112 quoque
2044 4024 2208 4088 Core
2247 4041 2272 4084 .·
2320 4024 2487 4085 Aser
2537 4031 2602 4086 et
2644 4018 2913 4086 Eleana
2945 4031 3009 4085 et

345 4131 713 4220 Abiasaplz.
746 4133 893 4197 Hae
926 4143 1085 4197 sunt
1114 4129 1555 4219 eoquationes
1585 4128 1973 4196 Coritarum
2012 4155 2068 4194 ».
2098 4125 2477 4209 Elisabeth,
2509 4125 2610 4192 uti
2642 4147 2794 4191 mox
2826 4127 3008 4192 Plau-

344 4236 493 4323 ciel,
532 4259 722 4304 secus
748 4260 887 4304 non
924 4241 1571 4304 commemorantur.
1607 4239 1737 4300 Pro
1768 4250 2023 4327 qemun
2051 4235 2269 4317 Sam„
2310 4233 2408 4298 uti
2443 4240 2473 4299 1
2508 4237 2659 4299 Par.
2696 4239 2853 4315 6,23
2881 4233 3004 4322 (8),

342 4359 571 4435 noma.
619 4368 678 4411 v.
725 4350 808 4412 25
849 4370 880 4405 «
922 4347 1013 4410 At
1042 4366 1195 4409 vero
1223 4342 1519 4409 Eleazar
1531 4341 1725 4430 filius
1753 4343 1989 4408 Aaron
2019 4339 2276 4428 accepit
2309 4362 2594 4406 umorem
2624 4338 2705 4403 a'e
2734 4339 3010 4428 filiabus

340 4450 619 4517 Plzatiel
634 4503 650 4531 ,
677 4473 855 4540 quae
877 4450 1148 4540 peperit
1173 4449 1236 4514 ei
1267 4448 1550 4515 Pliinees
1581 4476 1640 4515 ».
1664 4447 1988 4534 Sug-gerit
2010 4445 2245 4514 Dillm.
2274 4445 2546 4512 Phutiel
2580 4467 2718 4513 esse
2758 4466 3010 4512 nomen

341 4558 737 4647 aegyptium
787 4556 876 4623 ad
909 4557 1128 4624 instar
1157 4555 1457 4622 nominis
1497 4554 1835 4644 Putiphar
1869 4577 1884 4623 :
1936 4581 1967 4615 «
2008 4556 2449 4621 consecratus
2478 4551 2607 4618 deo
2652 4551 2724 4617 El
2768 4580 2827 4618 ».
2878 4550 3003 4617 Ubi

337 4687 570 4732 rursus
605 4663 827 4753 potuit
853 4651 934 4727 ‘m
974 4661 1194 4730 suffici
1239 4662 1310 4729 in
1345 4662 1577 4728 locum
1617 4661 1923 4728 numinis
1966 4659 2321 4726 cuiusdam
2360 4657 2691 4747 aegyptii.
2737 4662 2998 4723 Nomen

337 4772 561 4839 uxoris
591 4770 829 4860 utique
863 4776 1150 4837 noverat
1181 4770 1465 4859 antiqua
1493 4767 1775 4836 traditio
1809 4791 1826 4834 ε
1862 4790 1951 4835 an
1979 4765 2157 4831 illud
2175 4768 2453 4832 fortasse
2485 4765 2650 4831 latet
2679 4766 2749 4830 in
2768 4764 2997 4852 primo
