3534 5384
592 435 710 482 TURBAE
732 436 763 479 ΙΝ
784 437 920 496 nussam
941 437 1142 482 concitarat).

200 570 372 650 pendente.
389 572 547 649 Pauperes
567 569 703 648 operarii
722 587 786 632 non
806 571 955 631 carnibus
971 571 1207 641 reficiebantur,
1224 570 1280 631 sed
1300 570 1458 651 imprimis
1474 571 1538 650 pis·
1655 557 1677 634 t'
1693 554 1746 644 {a

201 670 292 730 cibus
307 666 442 747 (Ermaia
457 685 489 744 p.
508 667 589 746 182).
1588 671 1590 675 ’
1670 715 1674 727 ,
1696 662 1732 755 ‘J'j
1754 667 1764 679 ”

239 765 367 845 Sopitae
380 765 419 826 ad
436 769 563 844 tempus
578 765 718 826 invidiae
732 767 836 845 prima
851 765 926 826 data
939 765 1107 826 occasione
1124 765 1159 842 in,
1173 770 1318 844 apertum
1337 782 1449 826 rursus
1464 782 1538 845 pro·
1621 823 1625 837 ,
1665 757 1678 833 J
1690 762 1739 857 ,ᾗῇ
1760 838 1764 857 Ι

200 869 367 942 ruperunt.
389 862 447 923 Ubi
473 863 613 942 primum
634 863 797 942 conspecti
820 868 895 923 sunt
918 862 1126 941 insequentes
1152 863 1297 943 Aegyptii
1322 881 1328 922 ι
1352 887 1367 918 a
1392 863 1537 926 Forsitan

201 978 263 1021 non
284 965 372 1021 erant
393 960 537 1038 seprilcra
557 962 590 1022 in
609 962 751 1040 Aegypto
768 983 799 1029 a,
818 959 970 1038 inquiunt
985 962 1075 1030 tall
1093 978 1155 1038 sq„
1175 985 1189 1016 «
1213 961 1286 1021 ideo
1304 961 1406 1022 tulisti
1421 978 1480 1021 nos
1501 965 1554 1022 ut.
1593 1029 1597 1037 .
1675 947 1710 1034 :²11
1728 971 1742 1026 Ἄ

200 1075 399 1120 moreremur
420 1057 452 1118 in
477 1058 674 1119 solitudine?
695 1056 777 1130 Quid
801 1058 861 1119 hoc
882 1057 986 1119 lacere
1012 1058 1160 1128 voluisti,
1183 1062 1218 1118 ut
1244 1057 1396 1120 educeres
1420 1075 1477 1118 nos
1499 1075 1538 1119 ax
1623 1052 1638 1123 ,’
1656 1047 1711 1142 ''fia-³¹

201 1156 363 1236 Aegypto?
378 1158 490 1215 Nonne
502 1156 566 1232 iste
582 1159 630 1216 est
645 1173 767 1227 sermo,
785 1174 882 1235 quem
898 1155 1111 1234 loquebamur
1125 1155 1164 1216 ad
1180 1160 1211 1215 te
1228 1155 1261 1216 in
1272 1158 1416 1236 Aegypto
1431 1155 1536 1216 dicen·
1589 1180 1590 1183 ¹
1695 1144 1740 1248 '332
1760 1198 1761 1203 η

132 1313 138 1325 ,
201 1259 249 1314 166
267 1272 273 1312 :
293 1252 417 1314 Recede
434 1253 575 1326 anobis,
591 1256 628 1313 ut
643 1254 821 1314 serviamus
836 1254 1020 1332 Aegyptiis?
1037 1253 1137 1314 Multo
1155 1254 1242 1314 enim
1257 1254 1375 1314 melius
1390 1257 1458 1314 erat
1472 1270 1537 1314 ser·
1692 1241 1698 1251 ⁴

175 1340 178 1351 ¹
201 1353 267 1412 vire
283 1351 346 1424 eis,
361 1368 457 1429 quam
472 1351 556 1411 mori
573 1351 607 1410 iu
619 1351 792 1412 solitudine
809 1375 838 1410 ».
854 1353 922 1412 Non
937 1350 995 1412 hos
1010 1350 1131 1412 humile
1144 1350 1258 1428 vulgus
1273 1351 1459 1430 excogitavit
1474 1367 1537 1412 ser·

200 1466 326 1520 moneS,
352 1448 438 1526 quod
468 1448 606 1526 angariis
635 1448 843 1520 exhaustum,
869 1448 978 1509 inedia
1008 1434 1229 1510 exanimatum
1260 1448 1442 1509 inconditos
1471 1447 1537 1509 edit
1601 1441 1604 1445 ’
1664 1434 1764 1526 ’ᾖξ’ἳχ

198 1546 325 1625 rugitus
337 1550 368 1606 et
384 1546 503 1606 atrocia
515 1546 703 1606 maledieta:
719 1550 792 1608 sunt
804 1546 884 1607 haec
895 1546 1082 1618 cultiomm,
1098 1550 1339 1619 enervatorum,
1354 1546 1408 1624 qui
1420 1545 1537 1608 hones·
1720 1534 1745 1570 '⁶⁵

199 1649 266 1704 tarn
280 1643 468 1704 servitutem
484 1643 660 1703 anteferant
679 1644 790 1713 morti,
808 1661 871 1722 qua
887 1644 1009 1704 malurn
1026 1643 1170 1704 acerbius
1186 1647 1304 1705 norunt
1323 1642 1461 1705 nullum.
1478 1644 1538 1703 Per

201 1745 342 1803 oratores
355 1740 545 1802 crediderim
557 1741 637 1801 haec
646 1741 685 1801 ad
697 1743 827 1820 Moysen
838 1758 908 1802 esse
919 1741 1036 1802 delata.
1049 1741 1107 1801 Vix
1122 1741 1237 1820 insigni
1250 1744 1398 1819 portento
1411 1740 1538 1802 liberati
1701 1814 1703 1817 .
1748 1793 1759 1814 ,.

202 1839 328 1899 inerant
347 1838 498 1913 Hebraei,
515 1855 587 1900 cum
610 1839 779 1900 deficiente
801 1840 902 1899 llarae
930 1856 1014 1918 aqua
1035 1838 1171 1917 potabili
1194 1841 1286 1909 1533
1304 1838 1338 1898 in
1357 1855 1538 1899 murmura·
1616 1860 1617 1865 ¹

202 1936 305 1997 tiones
328 1940 544 2015 prorumpunt
564 1937 858 2016 innumerisque
879 1935 1059 1997 interiectis
1079 1935 1192 1997 diebus
1211 1938 1283 2009 16,3
1304 1953 1433 1997 rursum
1461 1953 1540 2013 que·

202 2033 284 2094 relas
299 2031 417 2094 edunt:
432 2034 585 2095 «Utinam
596 2033 714 2095 mortui
727 2050 872 2095 essemus
886 2051 945 2111 per
959 2050 1092 2093 manum
1103 2033 1232 2093 Domini
1247 2034 1280 2093 in
1290 2038 1376 2094 terra
1390 2033 1537 2113 Aegypti,

203 2129 329 2209 quando
345 2131 535 2192 sedebamus
556 2148 653 2208 super
664 2130 743 2193 ollas
760 2131 908 2192 carnium
923 2136 955 2192 et
975 2131 1223 2191 comedebamus
1238 2147 1354 2210 panem
1369 2131 1402 2191 in
1423 2132 1540 2191 saturi-

202 2232 279 2288 tate.
296 2229 357 2290 Cur
377 2227 515 2289 eduxisti
533 2245 592 2288 nos
617 2228 650 2288 in
674 2227 838 2289 desertum
862 2229 965 2298 istud,
982 2232 1017 2290 ut
1034 2227 1223 2289 occideretis
1243 2245 1373 2289 omnem
1393 2227 1540 2289 multitu-

204 2325 312 2387 dinem
327 2325 435 2413 ·fame‘?
454 2349 469 2379 »
492 2326 639 2387 Oratores
658 2324 691 2385 hi
714 2343 747 2386 se
773 2325 860 2405 ipsos
880 2344 898 2387 a
919 2349 933 2379 «
955 2324 1160 2386 multitudine
1182 2350 1197 2380 »
1220 2325 1437 2405 distinguunt,
1455 2343 1538 2403 quae

203 2428 287 2484 certe
302 2440 367 2484 non
382 2423 426 2484 ita
438 2424 522 2485 laute
537 2424 569 2484 in
582 2425 724 2501 Aegypto
739 2422 877 2484 vivebat.
890 2424 993 2485 Verba
1008 2428 1081 2484 sunt
1096 2423 1265 2484 hominum
1280 2439 1410 2484 omnem
1427 2440 1541 2502 quere-

202 2519 306 2581 larum
321 2522 523 2583 occasionem
537 2520 750 2600 captantium,
768 2520 950 2581 molestiam
965 2537 1123 2599 quamque
1140 2521 1413 2600 exaggerantium.
1428 2521 1538 2581 Paucis

203 2618 318 2697 elapsis
334 2618 447 2680 diebus
462 2620 533 2690 111
548 2635 657 2679 rursus
673 2617 867 2679 seditionem
883 2623 1100 2679 commovent.

247 2813 349 2881 Adest
374 2813 516 2881 tandem
538 2813 651 2879 fatalis
673 2812 732 2879 ille
750 2817 808 2880 Ex.
833 2818 873 2879 19
894 2812 966 2879 dies
988 2812 1132 2879 solemni
1151 2812 1266 2879 triduo
1285 2811 1449 2879 initiatus.
1475 2813 1537 2891 Qui

203 2920 306 2986 modo
320 2943 353 2986 v.
368 2925 389 2986 8
404 2941 438 2986 se
454 2921 499 2988 ad
511 2919 687 3009 quaelibet
701 2920 908 3008 praestanda
922 2924 1060 3009 paratos
1074 2920 1253 3008 protestati
1267 2924 1366 2985 erant
1377 2919 1534 2997 Hebraei,

203 3025 310 3093 iidem
335 3031 465 3093 terrore
495 3026 621 3092 montis
646 3025 810 3093 fumantis
835 3031 868 3092 et
895 3025 1045 3092 tonantis
1068 3025 1277 3092 cohibentur
1302 3031 1351 3107 et,
1376 3025 1538 3092 accedere

203 3131 300 3215 iussi,
327 3138 447 3200 astant
466 3131 587 3223 procul
609 3159 643 3217 a,
664 3133 884 3221 locatumque
905 3132 1112 3200 submittunt
1127 3132 1391 3199 exeusationem.
1412 3132 1538 3199 Ceteris

204 3239 334 3306 anteire
360 3243 560 3329 oportuerat
588 3238 756 3328 promptis
780 3238 905 3305 animis
927 3239 1061 3329 antiqui
1086 3223 1217 3304 ordinis
1248 3238 1456 3320 sacerdotes,
1479 3238 1539 3328 qui

202 3345 390 3435 praemissa
408 3344 551 3434 speciali
563 3369 595 3412 v.
611 3352 654 3412 22
669 3344 908 3435 purificatione
923 3350 956 3412 et
973 3346 1116 3435 propius
1135 3344 1180 3411 ad
1198 3345 1302 3411 lahve
1316 3343 1459 3412 fuissent
1480 3367 1536 3412 ac·

145 3489 148 3495 ·
204 3453 327 3519 cessuri
342 3458 375 3519 et
389 3452 533 3542 reliquis
544 3453 698 3542 exemplo
713 3451 930 3519 obedientiae
945 3451 1064 3518 futuri.
1084 3449 1209 3517 Pedem
1224 3473 1297 3518 non
1307 3457 1445 3518 movent
1457 3451 1534 3541 ipsi,

203 3557 352 3648 reliquos
372 3559 535 3626 cohibent
555 3564 615 3625 aut
634 3557 981 3625 solo'inobedientiac
1001 3557 1154 3648 exemplo
1174 3557 1351 3626 autetiam
1369 3556 1533 3624 sollieita-

202 3664 363 3732 tionibus.
389 3670 442 3732 An
461 3665 593 3732 israelis
607 3671 677 3733 tam
693 3665 850 3755 publica,
868 3671 940 3731 tam
960 3664 1166 3731 universalis
1185 3665 1401 3731 contumacia
1420 3663 1536 3753 impu·

203 3771 276 3837 nita
295 3770 467 3838 manebit?
481 3775 640 3838 Fucatam
661 3771 912 3839 excusationem
928 3794 961 3838 v.
996 3776 1037 3836 21
1058 3770 1239 3837 admittere
1263 3770 1401 3837 videtur
1418 3771 1531 3837 lahve.

204 3877 335 3968 Populo
348 3877 599 3960 reconciliatur,
621 3877 691 3944 imo
712 3877 861 3944 seniores
880 3877 925 3944 ad
944 3877 996 3943 sui
1011 3876 1194 3966 quemdam
1212 3877 1371 3944 obtutum
1386 3876 1537 3942 admittit

205 3983 276 4071 (Ex.
295 3984 640 4073 2b,10):sacerdotes
659 3985 751 4064 illos,
775 3984 869 4074 quod
882 4006 988 4073 supra
1002 3983 1340 4065 demonstrabamus,
1367 3982 1535 4061 excludit,

204 4091 359 4177 ignorat,
380 4091 416 4156 in
431 4090 599 4158 laicorum
619 4091 726 4158 veluti
747 4090 907 4157 ordinem
921 4089 1066 4177 relegat.
1088 4092 1268 4177 Praesagia
1282 4090 1370 4157 haec
1386 4095 1465 4156 sunt
1482 4089 1538 4156 in-

205 4197 357 4281 gruentis
372 4199 585 4287 tempestatis
602 4204 634 4264 ei
650 4199 785 4265 ruinae.

247 4306 339 4370 llanc
357 4307 431 4370 tum
450 4305 661 4372 imminuisse
679 4304 816 4394 plenius
839 4303 1027 4393 perspicies
1042 4303 1267 4371 consideratis
1280 4302 1427 4394 lepidas,
1447 4327 1536 4393 quae

208 4416 427 4490 war-naas
456 4411 663 4479 inseruntur.
697 4410 806 4477 Habes
839 4415 1004 4492 maa-to
1035 4409 1149 4497 legem
1177 4409 1220 4477 de
1247 4409 1469 4478 admittendis
1495 4410 1538 4476 ad

204 4517 310 4585 Phase
336 4516 594 4584 celebrandum.
619 4521 685 4584 Cur
708 4539 749 4584 ea
774 4517 829 4583 len
853 4518 889 4585 h.
916 4517 956 4599 l.,
973 4518 1044 4583 fere
1063 4523 1140 4608 post
1160 4517 1372 4585 celebratum
1387 4517 1537 4607 primum

206 4624 330 4704 Phase,
346 4623 528 4690 inseritur?
542 4625 767 4713 Respondeo:
790 4628 929 4714 praeter
947 4624 1038 4713 ipsos
1061 4623 1231 4691 llebraeos
1249 4645 1285 4690 66
1300 4624 1402 4711 lloysi
1421 4623 1539 4688 iunxe-

205 4734 257 4797 rat
277 4735 378 4811 11311
403 4758 420 4790 «
443 4732 566 4816 vulgus
585 4730 819 4820 promiscuum
840 4729 1032 4820 plurimum
1054 4757 1089 4812 »,
1107 4731 1166 4819 qui
1185 4730 1325 4796 seminis
1338 4729 1439 4796 electi
1453 4729 1535 4794 iuri·
1648 4807 1650 4817 Α

205 4835 268 4903 bus
279 4857 351 4902 non
365 4836 580 4919 fruebantur,
593 4859 614 4904 a
627 4836 860 4904 sacerdotibus
873 4837 1018 4927 aliisque
1031 4837 1166 4903 facilius
1175 4835 1473 4924 opprimebantur.
1487 4837 1540 4901 Eis
1637 4918 1644 4931 ἱ
