3534 5384
763 382 813 426 ax.
836 368 919 441 3,15.
1472 375 1509 434 at

177 515 236 582 Dei
253 537 388 583 nornen.
409 521 479 583 uuo
498 513 639 582 nomina
654 515 889 584 confusionem
903 517 1118 607 peperissent
1138 526 1210 587 tam
1232 520 1326 610 apud
1344 523 1508 612 populum

177 643 280 712 quam
308 622 400 710 apud
422 623 646 690 Pharaonem.
671 627 783 712 Neque
807 623 939 714 populo
962 646 1077 713 neque
1099 625 1268 693 Pharaoni
1292 630 1521 696 annuntiavit-

176 733 301 816 Noyses
319 751 447 796 nomen
469 729 570 812 Sum,
594 731 778 816 ignoratur
796 729 885 795 illud
905 732 950 796 ab
965 733 1124 799 universo
1140 737 1177 800 V.
1199 737 1296 800 Τ.Εο
1311 735 1396 823 ipso,
1415 735 1511 825 quod

178 857 207 901 v.
229 841 268 903 15
285 837 346 902 Est
359 836 552 926 emphatice
568 834 803 925 proclamatur
821 837 880 903 Dei
898 859 968 904 esse
979 859 1106 904 nomen
1125 843 1158 905 et
1173 841 1389 924 memoriale,
1404 842 1510 928 signi·
1597 898 1604 906 .

175 941 297 1008 fioatur
311 942 493 1031 quodlibet
516 941 613 1009 aliud
633 964 760 1008 nomen
780 964 851 1009 non
868 941 989 1009 eodem
1016 945 1212 1033 emphatico
1231 968 1331 1014 sensu
1356 969 1427 1013 esse
1445 970 1509 1015 no-

175 1069 254 1114 men
274 1053 307 1114 et
328 1048 541 1116 memoriale.
561 1052 700 1128 Verum,
723 1070 837 1115 annon
853 1070 939 1116 voce
955 1051 1040 1116 Sura
1062 1073 1093 1116 v.
1113 1057 1153 1118 it
1174 1057 1260 1117 Ileus
1275 1074 1311 1118 se
1331 1054 1511 1140 designat?

177 1156 337 1239 Omnino,
360 1155 421 1223 sed
443 1177 511 1221 non
533 1176 636 1221 omne
654 1154 711 1238 id,
734 1176 802 1244 quo
830 1177 883 1222 res
907 1156 963 1222 vel
978 1178 1124 1246 persona
1143 1156 1357 1244 designatur,
1376 1181 1415 1226 eo
1435 1161 1510 1250 ipso

175 1264 224 1326 est
237 1260 289 1327 rei
306 1261 360 1329 vel
384 1284 550 1353 personae
573 1283 700 1328 nomen
723 1261 916 1350 proprium.
933 1267 1054 1329 Nonne
1076 1267 1162 1330 Ileus
1182 1265 1286 1330 etiam
1307 1265 1510 1352 designatur

176 1367 316 1436 vocibus
337 1368 589 1458 «omnipotens
611 1395 644 1449 »,
668 1395 684 1429 a
706 1367 870 1457 antiquus
891 1367 1027 1434 dierum
1047 1369 1085 1435 »t
1101 1372 1214 1436 Potest
1232 1373 1310 1460 quis
1334 1372 1509 1460 designari

175 1474 354 1542 enuntiata
362 1475 576 1565 proprietate
589 1473 723 1564 aliqua,
742 1496 830 1563 quae
846 1474 912 1563 ipsi
931 1497 1015 1564 prae
1031 1477 1153 1542 ceteris
1171 1479 1336 1565 competit
1352 1479 1384 1567 (a
1401 1481 1511 1546 omni-

173 1586 294 1670 potens
311 1584 362 1670 a),
381 1587 490 1671 potest
507 1581 682 1668 designari
696 1602 790 1662 core,
804 1602 910 1669 quam
923 1579 998 1670 ipse
1013 1581 1105 1648 solus
1117 1583 1220 1673 pleno
1236 1606 1335 1651 sensu
1357 1587 1509 1655 et'ahso-

173 1687 340 1754 luto'iure
360 1710 526 1778 usurpare
545 1692 655 1776 potest
673 1693 767 1753 -et
786 1686 833 1753 sic
857 1692 942 1753 Deus
963 1710 997 1755 r.
1017 1694 1057 1755 rt
1079 1689 1280 1775 designatur
1303 1715 1385 1759 voce
1408 1695 1506 1760 Sunt.

173 1799 301 1861 Nomen
317 1797 376 1860 Dei
391 1793 569 1884 proprium
596 1793 827 1879 interrogatus
849 1797 984 1881 Moyses
1002 1793 1155 1883 primum
1173 1794 1313 1863 iubetur
1327 1821 1410 1865 suae
1429 1802 1508 1868 mis

172 1901 276 1967 sionis
298 1900 458 1968 Israelitis
477 1900 624 1967 reddere
649 1901 843 1967 rationem:
870 1901 974 1983 Sum,
991 1900 1084 1966 misit
1104 1923 1159 1968 me
1177 1902 1223 1969 ad
1245 1925 1322 1988 voa,
1343 1905 1507 1995 vobisque

172 2009 329 2089 mandat,
348 2015 385 2073 ut
402 2007 540 2074 nomine
561 2005 742 2074 Eccillum
762 2005 896 2074 colatis.
923 2010 990 2086 Ita,
1007 2007 1058 2073 uti
1084 2029 1118 2074 v.
1140 2012 1196 2074 1ῐιιι
1218 2014 1305 2076 Ileus
1324 2010 1389 2077 soli
1403 2014 1507 2098 Noysi

173 2114 321 2180 nominis
349 2113 449 2181 Iahve
471 2114 638 2180 rationem
663 2111 957 2194 manifestaverat,
977 2112 1025 2179 ita
1044 2137 1076 2180 v.
1104 2115 1160 2180 w
1182 2115 1326 2181 eandem
1349 2117 1509 2184 Israelitis

172 2221 254 2286 ilem
273 2221 449 2310 propalat,
467 2219 582 2287 minus
600 2225 715 2286 tamen
735 2219 864 2285 directe
883 2223 918 2284 et
936 2219 1128 2308 perspicue.
1155 2220 1319 2305 Adverte,
1338 2231 1505 2310 quantum
1552 2214 1553 2217 ¹

172 2327 307 2416 pondus
324 2327 548 2414 gravIssimae
564 2349 598 2391 r.
622 2330 661 2392 Il
682 2347 732 2416 sq.
755 2324 904 2392 orationi
923 2325 1031 2392 addat
1046 2325 1170 2414 triplex
1186 2326 1274 2393 illud
1298 2343 1416 2394 thau:
1438 2336 1507 2397 tres

171 2432 250 2499 illas
269 2433 356 2500 tanti
371 2433 535 2500 momenti
547 2432 749 2512 sententias,
767 2453 788 2497 a
803 2430 929 2520 quibus
946 2432 1109 2498 universa
1126 2432 1197 2500 iam
1216 2435 1330 2520 gentis
1344 2435 1506 2504 Israeliti-

172 2562 230 2607 cae
245 2541 315 2607 fata
329 2540 492 2628 pendent,
511 2543 596 2605 Deus
615 2537 768 2625 singulas
783 2537 939 2624 singulis,
957 2543 995 2605 ut
1012 2537 1061 2605 ita
1078 2538 1204 2620 dicam,
1221 2540 1506 2629 respirationibus

171 2648 337 2734 protatur.
349 2650 476 2713 Nomen
492 2644 635 2735 petitum
650 2666 721 2709 non
736 2643 830 2710 illico
845 2644 1047 2735 pronuntiat
1064 2667 1072 2713 ε
1089 2647 1257 2734 primum,
1274 2649 1351 2736 quis
1364 2648 1438 2738 ipse
1448 2650 1502 2730 sit,

171 2752 286 2820 verbis
300 2751 434 2820 areanis
447 2751 594 2833 indicat3
617 2748 741 2816 deinde
755 2771 838 2817 voce
854 2773 889 2816 se
911 2750 1026 2839 ipsum
1047 2750 1221 2838 designat,
1240 2775 1327 2841 quae
1343 2752 1424 2820 lieet
1440 2778 1504 2821 no-

171 2880 250 2925 men
278 2859 456 2950 proprium
477 2881 546 2925 non
568 2855 626 2939 sit,
646 2861 764 2923 tamen
788 2857 849 2923 uni
876 2860 943 2922 Deo
964 2857 1067 2946 plene
1087 2858 1272 2947 adaptatur
1286 2858 1503 2950 nominisque

170 2965 305 3055 proprii
321 2989 395 3032 mox
413 2963 592 3032 revelandi
606 2963 718 3030 sensui
737 2961 967 3048 intelligendo
982 2962 1074 3030 viam
1089 2970 1205 3052 parat3
1220 2963 1360 3031 tandem
1376 2988 1502 3033 nomen

169 3071 282 3161 ipsum
302 3071 513 3162 pronuntiat.
536 3069 650 3136 Totius
664 3091 746 3135 vero
765 3069 935 3135 sermonis
954 3068 1039 3135 duas
1058 3069 1175 3136 tertias
1188 3070 1405 3138 solummodo
1424 3095 1504 3161 par-

170 3183 220 3244 tes
234 3178 362 3268 populo
379 3177 571 3244 renuntiari
590 3175 705 3258 iubet,
726 3198 798 3242 non
812 3177 963 3266 primam
984 3198 992 3241 :
1011 3198 1081 3264 quo
1094 3181 1226 3263 Moysen
1240 3176 1410 3263 significet
1423 3179 1503 3245 inti-

170 3285 258 3351 mius
272 3283 411 3373 reliquis
423 3284 468 3351 ad
483 3282 683 3350 divinorum
698 3303 906 3349 arcanorum
925 3281 1168 3348 conscientiam
1191 3281 1344 3349 adscisci.
1362 3289 1428 3352 Deo
1448 3293 1502 3352 to-

169 3394 224 3456 tus
243 3389 300 3456 hic
319 3411 432 3457 sermo
446 3394 496 3456 est
516 3411 685 3479 perquam
705 3387 844 3474 dignus.
865 3393 910 3455 Ex
926 3387 1023 3455 cuius
1038 3387 1218 3454 artificiosa
1230 3394 1403 3457 structura
1413 3391 1502 3459 illud

170 3497 274 3563 etiam
298 3496 423 3580 discas,
446 3496 551 3563 verba
572 3518 647 3560 sum
669 3495 731 3584 qui
753 3517 828 3560 sum
852 3516 923 3560 non
951 3515 1021 3560 esse
1041 3493 1189 3580 glossam
1208 3495 1314 3562 textui
1340 3497 1501 3565 insertam

171 3625 254 3671 aevo
267 3604 384 3692 aliquo
399 3601 602 3692 posteriore,
620 3601 713 3691 quod
727 3599 973 3690 philosophicis
987 3602 1133 3687 argutiis
1146 3598 1384 3670 delectaretur.

205 3827 283 3876 nina
298 3825 365 3876 aava
380 3825 469 3876 nina.
486 3820 559 3868 Attea
573 3819 642 3868 Esra
656 3819 776 3882 primum
791 3822 869 3872 :tina
884 3817 971 3866 sumit
983 3828 1034 3879 pro
1044 3818 1152 3866 notatae
1166 3819 1290 3881 proprio,
1302 3822 1330 3869 et
1343 3825 1421 3875 mnu
1434 3827 1501 3877 amn

169 3923 220 3974 pro
230 3909 338 3960 adiecta
348 3910 443 3973 aliqua
453 3907 651 3971 explanatione
666 3921 672 3955 :
691 3922 702 3954 r
721 3905 789 3956 Sum
801 3903 914 3970 (etenim
924 3903 995 3970 sum>
1008 3920 1036 3966 r,
1050 3905 1120 3954 vel«
1136 3905 1191 3956 Ero
1206 3908 1280 3962 lnam
1292 3909 1390 3970 utique
1403 3909 1460 3972 ero)
1475 3926 1498 3959 r.

171 3998 313 4049 Remotior
331 3996 501 4060 significatio
516 3996 612 4045 etenim
631 4008 688 4044 non
710 4001 753 4044 est
772 3995 836 4044 voci
855 3997 923 4051 iutra
938 3995 978 4043 ita
997 3993 1081 4042 Iacile
1103 3992 1254 4057 affigenda.
1271 3995 1342 4045 Dein
1356 3997 1443 4046 verba
1462 3999 1503 4046 sic

169 4088 329 4137 constructa
339 4086 453 4136 minime
466 4085 533 4135 dant
547 4096 712 4147 responsum
725 4083 760 4132 ad
770 4083 966 4146 quaestionem
980 4082 1141 4132 immediate
1154 4083 1387 4145 praecedentem:
1403 4101 1414 4132 ι
1429 4085 1500 4144 Quiri

170 4175 260 4226 dicam
270 4175 329 4225 eis?
344 4190 355 4222 r
368 4173 458 4238 Igitur
469 4179 548 4229 nina
557 4177 624 4229 tutu
636 4179 713 4228 rima
723 4171 917 4234 accipiendum
927 4173 970 4221 est
980 4175 1012 4221 ut
1026 4172 1160 4220 sententia
1171 4173 1266 4235 aliqua
1275 4173 1418 4235 explicans
1430 4175 1501 4226 alte-

169 4275 231 4314 rum
243 4271 322 4319 mna
329 4277 336 4324 ;
349 4265 495 4327 responsio
505 4274 572 4313 vero
583 4261 618 4311 ad
631 4261 825 4324 quaestionem
838 4263 965 4311 extremo
977 4273 1004 4308 r.
1021 4260 1051 4309 13
1063 4261 1235 4309 enuntiatam
1246 4261 1399 4311 habeturv.
1415 4264 1455 4313 15.
1467 4291 1503 4299 —

172 4353 268 4404 Plures
282 4354 451 4404 sententiam
465 4351 541 4400 illam
556 4352 669 4400 vertunt
681 4365 692 4396 a
706 4360 763 4410 ero,
780 4351 827 4413 qui
843 4362 892 4400 ero
907 4364 931 4409 r,
944 4343 1033 4414 tcaput
1048 4343 1136 4416 ἔσομαι
1150 4346 1207 4413 (Aq.
1221 4349 1337 4416 Theca),
1350 4352 1423 4401 inter
1433 4365 1503 4416 quas

172 4441 240 4492 duas
252 4455 337 4492 voces
351 4439 523 4505 probabilius
535 4437 637 4490 excidii
649 4435 683 4496 ὃς.
702 4437 757 4488 Ubi
772 4437 844 4488 Clar.
863 4441 939 4487 recte
953 4436 1098 4497 iudicansr,
1115 4438 1205 4488 Deum
1221 4451 1325 4488 nomen
1341 4453 1422 4490 suum
1439 4447 1502 4491 tan-

172 4531 235 4582 dcm
248 4545 275 4580 v.
291 4532 321 4582 15
338 4531 484 4581 enuntiare
499 4533 577 4588 nint,
593 4529 672 4592 putat
687 4540 751 4578 eum
770 4539 845 4575 nnnc
859 4526 963 4588 Moysis
978 4527 1172 4588 quaestionem
1187 4527 1273 4577 velrrti
1294 4529 1503 4580 transmittere:

174 4620 266 4670 «Non
278 4625 335 4680 est,
356 4619 432 4683 quod
451 4630 554 4667 nomen
573 4629 705 4681 quaeras,
723 4616 797 4679 quod
813 4615 921 4665 nullum
936 4615 1006 4664 mihi
1029 4617 1165 4665 hactenus
1183 4617 1282 4676 tribui;
1300 4618 1324 4667 ts
1343 4630 1391 4667 cro
1406 4617 1502 4668 israeli

173 4709 261 4770 Deus,
285 4710 334 4772 qui
355 4721 417 4767 ero;
432 4719 600 4770 quocunque
618 4719 663 4756 me
682 4707 795 4755 nomine
814 4705 994 4768 adpellitcnt,
1010 4704 1128 4768 perinde
1138 4710 1180 4755 est
1201 4720 1225 4754 r.
1239 4705 1295 4755 Sed
1309 4708 1349 4756 tta
1363 4708 1504 4756 sententia

175 4815 185 4847 r
203 4799 257 4850 Ero
271 4797 348 4849 misti
362 4809 406 4847 me
421 4796 457 4846 ad
468 4808 520 4846 ros
537 4810 548 4842 r
563 4799 606 4846 est
620 4796 745 4846 illusoria
759 4794 876 4858 Deoque
892 4793 1016 4855 indigna.
1030 4793 1133 4843 Raschi
1144 4794 1297 4856 respiciens
1311 4807 1340 4844 v.
1355 4795 1403 4845 ta:
1425 4795 1505 4844 «Ero
