3534 5384
714 383 763 427 1111.
787 368 880 440 33,18
902 383 968 435 seo.
1449 371 1508 430 327

175 517 299 587 taciem
322 517 456 584 Domini
477 517 658 584 servatoris
680 517 960 603 transfiguratam
982 516 1018 582 iu
1039 520 1156 584 monte
1179 517 1315 586 Thabor
1340 524 1505 587 contuen-

176 626 256 693 dam
275 625 371 691 fuere
391 622 541 691 admissi.

212 789 381 839 Petitionem
403 787 472 838 illud
489 786 609 837 iortasse
631 785 733 848 Moysis
755 787 841 838 menti
863 787 1021 848 suggessit,
1041 785 1116 849 quod
1135 800 1199 836 cum
1218 787 1277 836 Deo
1296 793 1509 840 conversaretur

176 877 420 942 (cuicalitanus,
438 875 568 940 quodque
588 875 663 925 Deus
683 875 874 938 promisisset,
892 875 990 940 [eciem
1008 877 1118 927 suomi.
1136 887 1161 926 0.
1178 888 1209 926 00
1228 877 1320 939 ipsum
1335 890 1398 927 eum
1412 877 1508 941 Moyse

176 979 238 1017 esse
249 967 431 1016 incessurum.
448 963 519 1014 ilinc
533 963 691 1014 inauditum
709 963 821 1014 divinae
839 961 922 1014 iaeiei
940 964 1116 1014 contuendae
1130 963 1255 1014 iavorem
1273 977 1291 1014 a
1304 964 1364 1015 Deo
1378 967 1509 1028 precibus

176 1055 335 1118 extorqueri
349 1066 433 1117 posse
450 1053 607 1116 suspicatus
622 1055 675 1102 est.
698 1053 790 1102 Foetes
808 1053 961 1117 opponitur
978 1066 1005 1102 v.
1022 1053 1056 1102 tt
1076 1053 1273 1118 posterioribus
1291 1067 1299 1102 ι
1320 1066 1388 1116 ergo
1407 1055 1509 1106 intelli·

150 1155 151 1158 ¹
176 1145 252 1208 gitur
266 1155 334 1194 vera
348 1142 445 1208 iacies.
461 1141 537 1192 Haec
551 1141 650 1192 eadem
664 1141 765 1192 dicitur
778 1141 871 1203 pieria
888 1138 931 1206 (oi.
947 1155 976 1190 11.
993 1141 1023 1192 18
1039 1139 1126 1206 0120)
1144 1154 1151 1192 :
1167 1142 1328 1193 00110000
1343 1143 1415 1194 iacie
1429 1145 1508 1194 visus

176 1245 256 1284 00010
272 1231 460 1282 contuendam
478 1230 593 1295 praebet
614 1229 748 1293 gloriam;
771 1242 829 1280 non
850 1230 932 1290 item,
949 1230 974 1280 si
993 1242 1011 1280 a
1029 1231 1109 1293 tergo
1130 1231 1331 1294 conspiciatur.
1354 1247 1367 1279 1
1388 1231 1451 1282 Nou
1466 1239 1510 1283 est

176 1309 251 1371 enini
265 1321 361 1385 aliqua
374 1332 440 1385 pars
454 1319 588 1383 corporis,
604 1331 656 1382 per
670 1331 755 1382 quam
770 1321 857 1369 bomo
871 1318 1002 1370 distincte
1009 1323 1211 1382 cognoscatur,
1228 1321 1301 1370 sicut
1315 1332 1365 1384 per
1377 1319 1478 1372 taciem
1495 1339 1506 1369 1

178 1407 283 1475 (lost).
302 1422 329 1459 v.
347 1409 381 1459 tt
400 1421 443 1472 sq.
463 1410 577 1457 omnino
592 1407 714 1470 produnt
735 1408 854 1471 intelligi
868 1405 970 1457 taciem
986 1409 1015 1457 et
1033 1408 1144 1471 tergum
1162 1409 1348 1472 apparitionis
1365 1408 1509 1460 cuiusdam

177 1499 288 1549 divinae
306 1499 357 1548 sub
375 1497 465 1548 iorma
479 1497 617 1558 bumana,
634 1509 691 1560 qua
704 1498 832 1560 proxime
846 1508 947 1546 sensus
965 1496 1201 1560 percellebantur,
1222 1502 1252 1546 at
1271 1497 1306 1547 110
1323 1497 1510 1549 mediantibus

176 1589 237 1638 sine
254 1587 338 1638 dubio
355 1586 450 1636 anima
471 1586 554 1636 etiam
572 1585 733 1650 rapiebatur
751 1583 787 1634 ad
804 1585 929 1634 divinam
950 1584 1138 1635 contuendam
1154 1588 1183 1635 et
1201 1585 1350 1635 amandam
1371 1587 1509 1638 excellen-

177 1677 255 1727 tiam.
271 1675 359 1739 igitur
373 1675 519 1739 petitionis
533 1685 634 1724 sensus
648 1687 705 1723 non
720 1676 763 1723 est
785 1686 790 1721 :
810 1688 821 1721 1
836 1674 1011 1725 Demonstro
1030 1677 1057 1724 te
1072 1673 1141 1722 mibi
1155 1675 1261 1724 laetum
1279 1689 1303 1735 r,
1320 1674 1369 1725 sed
1390 1677 1486 1739 potius
1502 1689 1508 1725 :

179 1781 190 1812 1
209 1764 333 1815 Ostende
348 1765 416 1813 mibi
436 1769 464 1813 te
478 1764 579 1826 ipsum,
593 1763 666 1812 sicut
680 1762 878 1825 cognoscibilis
893 1775 911 1812 a
925 1775 971 1812 me
983 1775 1014 1812 es
1030 1776 1042 1808 1
1060 1759 1164 1828 trost).

220 1934 253 1978 v.
279 1917 319 1978 18
343 1939 360 1974 11
384 1908 452 1992 Qui
468 1909 520 1976 nit
544 1931 557 1975 .·
585 1908 730 1976 Ostende
754 1908 843 1975 milti
863 1907 1016 1998 gloriam
1040 1936 1070 1990 »‚
1095 1910 1119 1974 i.
1146 1932 1176 1976 0.
1201 1909 1325 1976 faciem
1354 1910 1410 2000 (ci.
1439 1916 1506 1998 20),

179 2046 193 2080 11
218 2030 313 2085 terem
330 2045 360 2086 u,
378 2022 465 2084 Deus
479 2037 514 2083 se
527 2037 590 2106 pro
604 2021 724 2103 Moyse,
740 2015 913 2105 quidquid
925 2015 1001 2081 fieri
1015 2014 1137 2104 possit,
1150 2015 1321 2083 iacturum
1336 2039 1405 2084 esse
1418 2039 1509 2085 asse-

175 2129 271 2192 verat
281 2127 325 2207 et,
343 2122 429 2212 quid
444 2122 576 2210 gratiae
591 2122 778 2190 concedere
794 2123 901 2211 possit
915 2127 949 2190 et
963 2143 1184 2189 concessurus
1197 2122 1253 2199 sit,
1270 2147 1302 2190 v.
1320 2130 1373 2190 19.
1391 2130 1447 2192 20.
1465 2131 1507 2192 21

176 2229 304 2320 triplici
319 2243 353 2297 et
366 2228 457 2295 elisit
472 2228 670 2297 solemniter
686 2228 878 2296 annuntiat.
896 2251 929 2294 v.
949 2234 990 2294 19
1009 2250 1016 2297 :
1041 2256 1057 2289 «
1075 2228 1262 2317 Respondit
1280 2251 1293 2294 .·
1311 2232 1511 2318 1190001011-

178 2336 259 2404 dam
273 2359 371 2403 otnne
387 2338 511 2403 benum
528 2361 545 2397 n
568 2373 613 2386 -
631 2357 744 2401 neeuen
761 2335 887 2424 reliqui
907 2357 1027 2402 omnes
1042 2336 1173 2402 habent
1191 2375 1236 2384 -
1251 2363 1267 2396 a
1291 2336 1354 2403 tibi
1374 2365 1405 2403 u.
1424 2343 1509 2406 Deus

178 2465 253 2510 eam
268 2443 321 2511 sui
333 2442 530 2510 sensibilem
550 2441 902 2531 repraesentationem
917 2441 1103 2532 producet,
1125 2463 1212 2530 quae
1225 2443 1414 2510 bonitatem
1435 2446 1508 2512 eius

175 2572 246 2616 non
260 2572 300 2616 ex
311 2549 428 2639 aliqua
438 2553 537 2639 parte
552 2552 704 2631 tantum,
723 2547 794 2631 sed,
808 2555 978 2638 quantum
988 2547 1064 2614 fieri
1075 2547 1192 2637 possit,
1206 2552 1312 2616 totam
1324 2549 1483 2618 exhibeat
1498 2571 1506 2618 :

176 2663 212 2722 at
231 2657 303 2724 eius
324 2654 648 2746 repraesentationis
671 2659 796 2742 Moyses
823 2676 895 2722 non
913 2654 1055 2737 faciem,
1079 2653 1139 2721 sed
1162 2655 1351 2745 posteriora
1374 2660 1508 2723 tantum

177 2762 330 2854 aspiciet.
353 2764 455 2828 Hebe.
480 2782 490 2828 :
511 2763 587 2850 qu
604 2759 751 2828 transire
764 2760 901 2850 seciam
922 2783 1021 2826 eirene
1041 2759 1169 2827 dentem
1184 2785 1297 2828 11101011
1314 2784 1429 2829 eorem
1448 2775 1481 2829 te
1496 2785 1508 2828 .·

177 2875 255 2952 etp
276 2891 394 2958 reapse
413 2873 499 2936 Deus
515 2867 639 2934 transit
657 2888 773 2934 eoram
792 2870 914 2954 Moyse.
937 2865 1144 2933 Conceditur
1164 2867 1276 2935 videri
1295 2872 1382 2934 Deus
1395 2891 1467 2935 non
1488 2892 1509 2936 a

176 2977 261 3043 facie
271 2975 329 3042 sed
342 2998 363 3042 a
375 2979 486 3061 tergo,
499 2995 610 3064 neque
623 2971 773 3060 longiori
784 2979 951 3064 tempore,
964 2972 1024 3040 sed
1036 2971 1227 3040 intransitu
1238 2979 1371 3041 1001001
1384 2974 1506 3065 (Coi).

176 3086 317 3148 Sensum
340 3102 421 3148 vere
446 3082 551 3148 etiam
573 3079 686 3146 reddit
702 3082 793 3146 LXX
815 3101 829 3146 .·
849 3081 925 3169 Epo
950 3079 1100 3146 transibo
1121 3092 1201 3146 ente
1225 3092 1257 3146 te
1281 3080 1505 3170 gloriantes.

180 3219 195 3248 (ι
212 3190 257 3254 Et
269 3189 393 3254 corabo
409 3186 625 3253 innomine»
640 3225 685 3234 -
696 3208 771 3253 meo
785 3184 850 3254 soli
864 3185 1067 3254 adscribunt
1082 3188 1172 3252 Lxx
1185 3187 1265 3274 Syr.
1281 3225 1326 3237 -
1341 3217 1357 3249 «
1369 3187 1511 3255 Domini

176 3307 336 3361 seruitute
349 3321 380 3361 u.
399 3297 524 3361 Sensus
535 3293 722 3361 verborum
735 3294 857 3360 obvius
867 3299 930 3376 est,
944 3298 1052 3359 Deum
1062 3294 1242 3360 certiorem
1253 3294 1425 3361 facturum
1438 3317 1509 3362 esse

176 3405 308 3490 Moysen
327 3399 483 3491 proxime
509 3400 645 3467 futurae
667 3421 747 3466 suae
767 3399 926 3482 visionis,
948 3399 1155 3466 clamantem
1182 3420 1190 3466 :
1214 3400 1318 3467 lahve
1336 3423 1454 3468 eoram
1475 3407 1508 3468 tc

177 3506 272 3574 adest
287 3507 375 3596 (Se).
390 3510 514 3572 Tamen
529 3512 603 3596 post
618 3509 710 3595 detq.
726 3505 846 3595 plures
857 3527 1018 3574 censuere
1032 3508 1158 3573 veredo
1175 3507 1211 3572 h.
1226 3506 1251 3571 l.
1266 3505 1358 3573 idem
1374 3529 1506 3589 sonare,

176 3619 278 3702 atque
300 3639 316 3674 «
335 3613 507 3680 faciamte
527 3614 690 3682 invocare
705 3635 742 3695 »;
762 3612 854 3678 unde
871 3612 1012 3678 fortasse
1029 3611 1201 3699 originem
1216 3611 1312 3680 duxit
1332 3613 1434 3680 lectio
1453 3637 1509 3680 eo-

176 3722 276 3786 cabot·
291 3741 353 3810 pro
368 3721 505 3786 corate.
523 3723 564 3786 nt
578 3717 673 3808 prior
685 3720 796 3785 versio
811 3719 952 3784 omnino
964 3717 1204 3808 praeferenda.
1225 3746 1242 3780 n
1255 3721 1300 3785 Et
1312 3719 1505 3806 miserebor,

177 3824 403 3909 reiecturus,
422 3837 455 3892 et
469 3823 614 3892 elentens
629 3847 697 3911 ero,
717 3825 755 3890 in
774 3847 876 3913 quem
896 3824 985 3891 milti
993 3823 1169 3914 [edocuerit
1184 3853 1214 3893 ».
1231 3826 1280 3893 Ci.
1297 3830 1395 3892 Rom.
1413 3833 1505 3908 9,15.

175 3933 334 3999 Formula
344 3933 431 3998 haec
444 3931 596 4023 proxime
610 3929 770 4021 exprimit
781 3931 840 3998 Dei
851 3931 1049 3998 libertatem
1062 3931 1100 3997 in
1112 3931 1298 4018 seligendis
1310 3931 1363 4012 iis,
1379 3933 1506 4021 quibus

176 4039 304 4126 gratias
331 4059 409 4105 suas
430 4037 596 4117 conserat3
621 4037 770 4104 mediate
796 4038 957 4127 exprimit
984 4037 1042 4104 [tei
1065 4036 1264 4105 libertatem
1288 4039 1325 4104 in
1347 4059 1508 4105 mensura

176 4145 280 4212 etiam
300 4145 432 4232 gratiae
453 4143 728 4212 determinanda.
748 4149 791 4210 Ea
805 4144 914 4232 igitur
927 4145 965 4211 h.
980 4144 1003 4210 1.
1023 4144 1174 4212 formula
1187 4144 1337 4212 affirmat
1347 4148 1456 4228 11000,
1471 4166 1507 4212 00

175 4251 278 4339 bioysi
293 4251 444 4317 favorem
459 4273 530 4318 esse
544 4251 748 4318 collaturum
763 4273 833 4318 uon
847 4251 960 4317 solum
976 4250 1159 4336 grandem,
1176 4271 1257 4318 nam
1272 4252 1404 4338 grande
1422 4253 1506 4342 quid

175 4356 348 4446 generalis
368 4357 454 4424 haec
474 4357 625 4424 formula
641 4363 755 4438 sonat,
776 4356 835 4425 sed
850 4358 998 4424 eundem
1019 4358 1161 4423 omnino
1184 4359 1393 4444 gratuitum,
1412 4359 1508 4427 cuius

175 4486 219 4531 ne
238 4469 315 4555 post
335 4468 405 4530 tam
425 4463 576 4531 assiduas
595 4464 736 4554 quidem
757 4487 875 4555 preces
893 4463 1120 4554 intimamque
1140 4485 1220 4531 cum
1239 4468 1308 4532 Deo
1327 4465 1508 4534 familiari-

176 4575 282 4638 tatem
295 4569 405 4637 ullum
419 4569 521 4657 Moysi
532 4569 575 4638 sit
588 4571 653 4636 ius
671 4570 766 4637 111100
781 4576 896 4638 autem
913 4570 1078 4660 explicat,
1096 4591 1176 4636 00111
1186 4571 1339 4638 favorem
1355 4573 1399 4639 ad
1408 4571 1508 4638 faciei

176 4677 343 4745 visionem
358 4699 429 4744 non
443 4678 639 4766 pertingere
655 4699 661 4744 :
675 4699 707 4744 v.
726 4683 768 4744 20
785 4704 800 4738 «
820 4679 1055 4766 [litorumque]
1069 4674 1120 4743 eit
1133 4697 1146 4741 .·
1162 4679 1242 4744 Nou
1249 4678 1384 4768 poteris
1397 4675 1510 4743 ridere

176 4783 303 4851 seriem
328 4805 440 4852 menen
450 4801 465 4870 ‚⁶
484 4805 554 4850 non
575 4785 665 4851 enim
686 4781 813 4850 uidebit
835 4805 889 4848 me
910 4782 1079 4866 1101110,οί
1099 4782 1187 4848 vivet
1213 4811 1229 4846 u
1251 4783 1322 4851 vita
1343 4782 1513 4872 corporali
