3534 5384
744 417 793 460 ax.
818 402 891 470 itta
913 419 976 471 soc.
1467 413 1524 471 101

193 555 302 635 στύλῳ.
322 575 337 631 u
355 546 484 614 idcirco
499 552 612 616 autem
628 572 690 639 per
704 549 872 617 eiusmodi
887 551 1015 618 nubem
1031 555 1223 643 praesentia
1235 558 1292 623 itei
1309 558 1522 647 designatur,

193 653 490 740 utintelligamus,
504 655 633 722 nullam
650 678 723 722 esse
739 659 863 723 mentis
877 658 986 724 aciem
1001 664 1072 725 tam
1087 665 1223 727 acutam
1233 667 1265 728 et
1274 664 1522 754 perspicacem,

191 781 280 849 quae
293 760 400 849 possit
420 761 521 828 illum
532 761 658 829 intueri
678 790 695 823 n
713 762 899 851 (8110)-
916 794 931 825 «
957 777 992 830 ut
1011 764 1137 832 ouilia!
1153 789 1206 833 me
1218 752 1526 862 populas'loquen-

193 879 259 932 tem
273 865 321 933 ad
332 880 379 950 te,
403 879 436 933 et
454 867 570 934 credat
585 867 650 934 tibi
661 871 909 959 aiperpetuam
927 899 957 936 a.
976 873 1186 940 Suavitatem
1205 875 1340 942 Domini
1354 899 1524 945 commen-

191 972 251 1039 dat
278 973 368 1054 cca,
394 995 519 1040 novum
543 975 609 1040 hoc
629 974 712 1042 fidei
734 977 961 1065 praestandae
986 985 1230 1064 argumentum
1249 983 1379 1071 populo
1406 1007 1525 1050 concc-

191 1077 320 1161 dentis,
351 1080 524 1170 sapienter
559 1082 696 1170 utique,
723 1103 801 1148 cum
824 1088 988 1170 ageretur
1017 1083 1060 1151 de
1096 1087 1213 1172 Moysis
1246 1088 1337 1177 apud
1361 1092 1524 1180 populum
1626 1075 1627 1078 ¹

191 1185 393 1253 auctoritate
419 1198 664 1275 permanenter·
697 1187 901 1256 stabilienda
938 1195 1115 1280 tamquam
1149 1192 1354 1280 legislatoris
1397 1196 1522 1287 (Lapa).

194 1320 209 1351 u
229 1291 413 1359 Ntcntiacit
425 1315 503 1382 erpo
521 1295 654 1382 Moyses
669 1297 768 1361 carba
776 1295 905 1386 populi
915 1295 963 1362 ad
976 1298 1159 1365 Dominum
1178 1326 1207 1366 n.
1257 1379 1260 1384 Ι

226 1500 332 1551 Ultima
345 1502 486 1551 sententia
498 1502 526 1550 h.
542 1502 561 1551 i.
578 1502 689 1554 videtur
702 1502 863 1563 abundare,
880 1519 942 1554 oiim
956 1519 984 1554 v.
1002 1505 1017 1555 8
1032 1507 1102 1556 nihil
1123 1507 1261 1558 eiusmodi
1278 1509 1427 1561 verborum
1447 1525 1521 1562 nun-

190 1589 315 1640 tiaitdum
328 1591 481 1653 reliquerit.
498 1589 590 1642 Gratis
603 1591 724 1641 adstruit
737 1593 801 1656 lap.
813 1592 903 1642 Deum
920 1595 1103 1658 interrupisse
1117 1595 1246 1658 Moysen,
1261 1610 1324 1648 cum
1339 1612 1366 1648 v.
1384 1599 1523 1650 Slamiam

191 1683 265 1728 esset
284 1678 369 1728 verba
387 1679 483 1742 populi
508 1680 661 1737 relaturus,
678 1679 799 1743 ideoque
820 1681 937 1742 Moysen
959 1683 1059 1734 eadem
1079 1684 1163 1734 verba
1181 1690 1244 1748 post
1265 1687 1316 1736 Dei
1332 1700 1358 1737 v.
1373 1687 1389 1737 9
1406 1683 1521 1740 effatum

190 1767 304 1817 tandem
318 1769 473 1817 nuntiasse.
491 1769 560 1817 Tost.
583 1768 717 1829 aiiirmat,
731 1769 805 1819 idem
818 1783 847 1818 v.
865 1770 879 1818 8
897 1773 925 1820 et
940 1784 967 1818 v.
985 1771 1000 1821 9
1022 1771 1126 1821 lactum
1148 1772 1192 1823 bis
1206 1776 1347 1824 enuntiari
1362 1789 1368 1824 ι
1385 1778 1460 1840 qnod
1473 1791 1523 1827 ve-

190 1858 330 1906 rissimum
347 1861 398 1906 est.
421 1855 569 1914 Quomodo
585 1869 653 1908 vero
672 1856 700 1906 id
715 1857 867 1919 acciderit,
884 1858 1007 1922 explicat
1020 1861 1094 1922 liupo
1107 1873 1265 1924 suggerens
1279 1866 1448 1915 sententiam
1463 1880 1489 1916 v.
1509 1867 1522 1916 8

190 1944 324 1994 mendose
335 1946 428 2007 repeti
441 1957 469 1992 v.
491 1945 515 1994 a.
533 1944 719 1996 Probabiiiter
733 1945 805 1997 duae
823 1947 972 1997 exstabant
985 1949 1099 1999 ultimae
1116 1962 1142 1998 v.
1161 1950 1176 2000 8
1192 1953 1352 2002 sententiae
1372 1954 1522 2015 lectiones

189 2034 258 2084 sciis
272 2033 364 2084 verbis
377 2037 450 2089 nuti
463 2024 565 2091 et'uti
580 2034 653 2085 inter
667 2047 698 2084 se
710 2034 867 2085 distinctae.
884 2037 980 2088 Altera
990 2049 1006 2087 c
1018 2039 1145 2101 margine
1157 2039 1309 2104 aliquando
1320 2042 1349 2090 in
1365 2045 1469 2092 textum
1486 2046 1523 2092 ir-

188 2123 288 2186 repsit,
305 2122 458 2186 etquidem
480 2124 509 2171 in
523 2136 550 2172 v.
568 2123 593 2172 0.

367 2355 399 2415 2.
425 2352 535 2431 Deera,
560 2361 598 2415 at
621 2373 656 2415 se
677 2363 899 2440 praeparent,
928 2351 1053 2418 indicit
1077 2357 1134 2419 Ex.
1163 2316 1337 2436 iam-15.

232 2555 317 2641 Arp.
337 2592 382 2602 —
397 2553 561 2622 indicitur
579 2553 733 2620 triduum
747 2555 1043 2636 sanctificationis,
1062 2578 1131 2645 quc
1142 2557 1298 2626 homines
1312 2561 1520 2629 matrimonii

188 2683 250 2727 usu
269 2659 464 2728 abstineant
478 2664 512 2726 ct
526 2659 723 2735 abluantur,
742 2683 841 2728 mons
853 2684 965 2751 neque
981 2663 1133 2730 hominis
1148 2685 1260 2753 neque
1273 2664 1417 2734 iumenti
1433 2669 1519 2758 pede

188 2767 421 2853 contingatur.

231 2897 264 2939 v.
293 2878 333 2939 10
357 2900 373 2933 α
397 2873 465 2954 Qui
486 2872 576 2939 ilisa
593 2872 627 2938 ci
646 2895 659 2939 .·
687 2873 778 2940 Vade
797 2873 845 2939 ad
861 2874 1054 2964 populant,
1074 2887 1106 2940 et
1121 2877 1300 2964 sanctifica
1325 2876 1402 2943 illos
1419 2879 1519 2945 leodic

188 2979 528 3069 mercatoremque
549 2979 749 3046 vestimenta
771 3002 834 3046 saa
859 3009 888 3045 ».
915 2981 1146 3048 sanctificatio
1175 2981 1312 3049 videtur
1332 2984 1518 3052 constitisse

188 3109 244 3164 eo,
268 3091 306 3153 ut
324 3085 534 3152 matrimonii
556 3109 620 3152 usu
647 3086 858 3153 abstinerent
883 3086 929 3175 (v.
953 3088 1007 3176 15)
1038 3092 1072 3154 et
1095 3087 1215 3177 utique
1237 3112 1381 3179 corpora
1400 3091 1518 3158 ablue·

187 3199 274 3258 rent.
305 3190 503 3259 Cuiusmodi
524 3190 827 3259 sanctificationem
855 3193 923 3259 iam
949 3193 1156 3261 adhibuerat
1174 3195 1274 3261 lacob
1302 3200 1382 3263 Gen.
1407 3204 1515 3278 352:

188 3327 204 3360 «
220 3297 430 3366 llundamini
445 3304 479 3364 et
495 3302 625 3364 mutate
638 3298 837 3365 vestimenta
855 3303 967 3366 vestra
990 3322 1024 3380 »;
1041 3321 1151 3389 eaque
1166 3301 1390 3387 suggerebat,
1410 3304 1517 3370 multo

186 3406 296 3492 magis
320 3403 505 3496 expurgari
528 3408 683 3493 oportere
710 3405 842 3472 animas
859 3404 1102 3494 (Theodorou).
1122 3406 1286 3496 Loquitur
1303 3408 1360 3474 hic
1374 3414 1457 3476 lteus
1473 3412 1517 3476 ad

184 3517 317 3599 Moysen
332 3511 374 3580 de
392 3512 452 3577 illa
467 3511 736 3597 'sanctificatione
757 3517 896 3578 externa
911 3513 1009 3601 quasi
1027 3512 1070 3579 de
1085 3535 1122 3580 re
1137 3519 1234 3596 nota,
1252 3536 1324 3580 non
1338 3537 1430 3582 nunc
1444 3518 1516 3606 pri-

186 3641 281 3684 mum
306 3617 571 3699 introducenda;
588 3639 694 3708 quare
715 3617 925 3705 suggerebat
949 3621 1086 3708 Boasr„
1108 3619 1213 3687 fuisse
1236 3642 1312 3687 eam
1336 3630 1515 3689 consuetu-

186 3723 303 3791 dinem
321 3724 392 3791 iam
411 3730 488 3790 ante
507 3729 639 3811 lloysen
658 3724 753 3812 apud
765 3724 936 3792 Hebraeos
951 3731 1135 3814 receptam.
1154 3731 1282 3816 Reapse
1297 3728 1412 3816 plura,
1429 3751 1515 3818 quae

185 3831 272 3918 legis
290 3830 458 3898 mosaicae
482 3835 576 3913 sunt,
599 3830 667 3896 iam
688 3836 768 3897 ante
792 3853 855 3897 usu
874 3832 1040 3918 vigebant
1063 3838 1097 3899 et
1121 3831 1199 3918 lege
1224 3832 1387 3900 humana.
1417 3858 1447 3901 v.
1479 3843 1510 3900 11

187 3965 202 3997 «
224 3941 271 4004 Et
289 3937 357 4004 siat
367 3937 490 4027 parati
509 3937 545 4002 in
559 3935 650 4002 diem
669 3937 809 4003 tertiam
823 3959 837 4002 .·
854 3938 889 4003 in
910 3937 1071 4005 dicacior
1089 3938 1192 4005 tertia
1211 3938 1387 4006 (descendet
1400 3941 1519 4006 1101111-

184 4067 249 4112 arcs
257 4066 371 4112 coram
382 4044 477 4110 omni
480 4043 582 4134 plebe
592 4067 694 4135 super
706 4057 855 4111 tamdem
867 4044 971 4112 Sinai
982 4074 1012 4113 ».
1025 4069 1057 4112 v.
1073 4052 1114 4112 12
1125 4067 1190 4134 sq,
1201 4046 1251 4114 uti
1265 4045 1519 4137 praecedentia,

184 4151 321 4241 respicit
336 4150 579 4218 triduamante
597 4151 750 4217 divinam
767 4151 1082 4220 manifestationem
1099 4173 1107 4220 ε
1124 4152 1251 4241 pendet
1263 4151 1391 4243 quippe
1406 4175 1430 4254 q
1444 4177 1519 4219 ver-

183 4258 236 4325 bis
249 4279 282 4323 v.
302 4265 342 4325 10
364 4286 380 4318 «
402 4262 434 4324 01
449 4257 535 4324 dixit
555 4259 656 4325 lahve
671 4257 715 4325 ad
729 4263 861 4345 Moysen
878 4286 894 4319 »
908 4311 916 4340 ‚
932 4281 1020 4348 quae
1037 4261 1168 4325 monita
1184 4281 1245 4348 pro
1261 4258 1319 4324 illo
1333 4259 1446 4326 triduo
1468 4261 1518 4326 in-

182 4363 382 4432 troducunt.
404 4364 511 4451 igitur
527 4385 591 4452 pro
605 4363 664 4430 illo
682 4362 795 4430 triduo
811 4385 947 4431 accessu
962 4367 1067 4431 totius
1082 4365 1207 4431 montis
1221 4364 1440 4432 interdicitur
1453 4391 1514 4455 po-

183 4470 286 4561 pulus
305 4493 312 4539 :
329 4471 416 4537 sicut
442 4469 698 4536 sanctificantur
711 4493 741 4536 v.
763 4477 803 4537 10
824 4470 909 4560 ipsi,
932 4472 979 4537 ita
999 4471 1266 4538 sanctificandus
1281 4479 1329 4539 est
1350 4495 1381 4538 v.
1403 4478 1444 4539 12
1462 4496 1511 4560 sq.

183 4577 288 4644 etiam
307 4599 419 4659 mons,
437 4575 475 4642 in
491 4598 594 4668 quem
608 4576 792 4644 descendet
806 4577 967 4645 [lominus
987 4587 1020 4644 et
1038 4577 1198 4644 ascendet
1219 4579 1364 4668 populns
1385 4579 1426 4644 ad
1449 4585 1511 4644 ilo-

184 4684 327 4752 minum.
344 4685 426 4750 ilinc
443 4705 450 4750 ε
470 4704 503 4748 v.
527 4689 568 4749 ta
579 4710 595 4743 α
610 4683 868 4769 romanasque
883 4684 1046 4751 terminos
1058 4684 1186 4774 populo
1196 4707 1262 4774 per
1277 4684 1455 4751 circuitum.
1477 4713 1508 4763 n,

182 4790 408 4872 delimitabis,
437 4789 713 4873 circumscribas,
739 4789 955 4879 probabilius
983 4789 1102 4857 erectis
1128 4790 1264 4880 perticis
1284 4789 1507 4879 quibusdam,
