3534 5384
585 374 686 420 Ludunt
710 374 893 420 successiva
917 377 1122 421 lNCREMENTA.

183 511 285 561 stodite
310 527 338 574 1,
362 517 414 562 etc.
431 510 519 561 insius
538 510 668 575 digerunt
688 511 829 562 solemnes
844 513 948 576 epilogi
964 513 1014 562 Ex.
1032 514 1163 573 ‘isto-33
1180 521 1208 564 et
1224 514 1292 566 161.
1308 517 1341 567 15
1359 531 1401 582 sq.
1416 521 1521 571 totum-
1636 477 1754 606 ι’

183 613 237 664 quc
252 599 334 650 Dent.
974 602 979 608 '
1685 604 1714 615 ·’

224 764 263 824 B.
280 763 395 844 Leptim
411 771 522 825 terius.
1545 839 1548 842 ⁴
1641 825 1646 832 .
1695 824 1713 842 ,

225 865 253 922 l.
270 864 357 923 Duae
378 869 462 924 certe
477 868 551 924 sunt
570 864 656 941 leges
671 882 737 925 non
754 883 819 925 uno
839 866 992 926 continuo
1011 865 1133 926 calamo
1153 865 1345 945 descriptae,
1364 867 1420 927 sed
1438 887 1518 946 quae
1594 873 1602 950 J

183 960 357 1020 successivis
376 958 535 1041 paulatim
559 962 732 1040 6661666111
753 962 922 1038 terrebere,
938 966 970 1023 et
993 962 1125 1040 quidem
1147 967 1320 1042 antequam
1342 965 1373 1024 16
1397 965 1519 1028 librum
1642 1043 1645 1048 ι

186 1057 281 1117 Exodi
298 1058 347 1117 vel
366 1059 497 1119 Levitici
520 1062 665 1137 receptae
681 1063 765 1119 sunt.
784 1061 849 1120 [ina
870 1064 917 1120 est
936 1057 985 1117 ier
1004 1057 1042 1119 de
1062 1059 1249 1121 animalibus
1268 1060 1392 1121 atatidis
1412 1069 1441 1122 et
1460 1064 1518 1123 iat-
1595 1061 1602 1104 7
1615 1047 1734 1135 ⁴2⁸3

185 1153 308 1215 1666111
329 1157 402 1216 161.
421 1158 475 1227 11,
490 1156 588 1216 611616
608 1155 731 1216 novella
751 1153 789 1216 de
809 1155 995 1216 laesionibus
1015 1157 1153 1238 corporis
1173 1161 1227 1218 Ex.
1243 1162 1397 1230 aula-36.
1416 1163 1451 1221 ln
1466 1160 1521 1222 illa
1728 1152 1757 1235 J,

183 1253 269 1313 istud
292 1255 389 1313 ctiam
408 1254 686 1330 percommodum,
705 1259 736 1315 61
761 1255 841 1333 legis
868 1256 959 1314 initia
978 1255 1016 1314 ad
1036 1255 1194 1316 diluvium
1214 1257 1327 1318 saltem
1348 1258 1520 1338 (116611)
1596 1316 1598 1318 ,
1640 1245 1728 1346 ·

183 1350 270 1428 quod
289 1351 436 1411 novimus
451 1351 648 1430 pertingere,
667 1352 782 1430 atejus
798 1338 876 1430 legis
890 1353 980 1412 Deut,
998 1354 1035 1412 11
1050 1352 1145 1413 aliam
1161 1351 1271 1414 haberi
1287 1357 1518 1416 recensionem.
1587 1407 1588 1413 ,

219 1531 307 1594 Igitur
321 1531 366 1580 lex
379 1531 426 1580 illa
440 1535 524 1581 antea
537 1531 622 1594 longe
636 1531 747 1582 brevior
761 1531 852 1581 lucrat
875 1535 903 1581 et
922 1532 1085 1595 simplicior,
1100 1535 1160 1582 crat
1180 1533 1226 1583 lex
1241 1534 1375 1593 ciborum,
1393 1535 1427 1585 de
1448 1537 1520 1586 solis

183 1619 344 1683 pecoribus,
363 1621 546 1683 aquatilibus,
563 1620 687 1670 altilibus
708 1621 810 1683 agebat
828 1633 855 1668 1.
878 1619 961 1680 2-20,
977 1633 1048 1684 quae
1069 1622 1168 1671 horum
1188 1624 1353 1673 animalium
1372 1625 1519 1675 comedere
1712 1670 1714 1675 .
1748 1687 1751 1690 ⁴

183 1707 225 1758 166
242 1711 317 1758 66661
332 1721 438 1772 quaeve
449 1707 541 1768 netas,
557 1709 806 1772 modospeclerum
826 1709 951 1758 elenchis
971 1711 1007 1771 (r.
1025 1723 1053 1772 g.
1069 1723 1097 1758 1.
1118 1710 1226 1775 13-19),
1242 1711 1325 1761 modo
1339 1714 1519 1775 generalibus
1564 1732 1566 1753 τ
1642 1749 1644 1755 .
1735 1692 1754 1783 ff,

183 1794 455 1861 requisierant
472 1811 515 1861 sq,
535 1797 550 1847 9
566 1797 621 1860 sq.)
637 1796 789 1847 definiebat
796 1810 803 1857 ;
819 1798 910 1847 altllia
928 1797 1121 1860 quadrupedia
1140 1800 1271 1848 universa
1290 1799 1467 1851 confodiebat
1490 1815 1518 1850 v.
1643 1801 1645 1808 “
1706 1782 1722 1794 ”

183 1885 227 1936 10.
243 1885 347 1936 Verum
367 1886 432 1936 huic
446 1887 547 1936 canoni
562 1886 739 1949 postmodum
754 1887 815 1935 visa
830 1888 872 1936 661
893 1885 1079 1949 6666616616
1099 1889 1227 1950 exceptio
1252 1887 1290 1952 (v.
1312 1887 1408 1953 11-15)
1426 1890 1518 1953 quoad

182 1975 321 2035 locustas,
349 1986 421 2037 quae
441 1986 510 2024 voce
534 1980 577 2054 'js
604 1974 822 2025 subnectebatur
847 1974 904 2036 legi
928 1975 1006 2037 prius
1034 1975 1193 2026 exsistenti.
1219 1975 1358 2026 Posthaec
1387 1984 1455 2027 nata
1476 1984 1520 2029 est

183 2063 310 2126 quaestio
331 2062 366 2112 de
381 2063 546 2126 quibusdam
561 2063 723 2127 pecoribus,
740 2075 813 2126 quae
832 2075 859 2112 1.
883 2062 933 2112 ‘i-8
954 2066 1034 2112 erant
1048 2063 1171 2124 omissa,
1187 2063 1222 2114 dc
1234 2064 1269 2114 ils
1283 2078 1322 2115 sc.
1340 2078 1412 2128 quae
1427 2078 1519 2129 neque

183 2152 318 2214 ungulam
333 2151 489 2201 1111161661
503 2163 596 2214 neque
609 2152 797 2210 ruminarent,
811 2153 839 2201 61
853 2150 888 2200 16
905 2151 939 2200 116
954 2163 1026 2214 quae
1040 2165 1097 2201 non
1112 2152 1225 2215 ungulis
1235 2153 1284 2203 sed
1294 2154 1424 2203 manibus
1442 2156 1520 2205 incc-

183 2239 281 2290 derent
306 2253 312 2288 :
331 2239 481 2303 dequibus
500 2239 657 2303 adscriptus
671 2244 714 2290 est
728 2251 833 2297 canon,
849 2241 1016 2288 nontamen
1038 2243 1164 2290 extremo
1179 2239 1213 2291 de
1227 2242 1374 2304 pecoribus
1391 2244 1521 2293 tractatui

183 2343 211 2378 v.
234 2330 259 2388 8,
277 2328 326 2379 sed
344 2330 484 2379 extremae
509 2327 601 2391 qualis
619 2330 679 2378 tum
702 2331 762 2378 6161
786 2328 842 2391 legi
858 2341 884 2376 v.
907 2326 1090 2378 26·28.'Dum
1106 2330 1197 2392 prima
1219 2330 1267 2379 lex
1288 2343 1315 2378 1.
1337 2329 1406 2380 2-20
1430 2332 1519 2381 solam

183 2419 365 2467 comestionem
381 2417 547 2480 prohibebat
565 2420 607 2475 et,
630 2429 686 2480 quo
706 2416 809 2466 certius
828 2418 962 2466 comestio
980 2416 1191 2476 excluderetur,
1209 2418 1293 2468 etiam
1315 2426 1427 2479 tactum,
1449 2420 1519 2470 haec

183 2506 373 2576 additamenta
390 2519 417 2554 1.
439 2505 524 2555 11-15
540 2507 567 2555 61
586 2518 613 2554 1.
631 2503 720 2554 ‘ze-‘28
748 2505 833 2555 tactui
857 2507 948 2566 magis
972 2506 1104 2554 166161661
1127 2504 1333 2570 prohibentque
1359 2514 1469 2570 1616616
1491 2511 1519 2559 61

182 2601 301 2659 6611616.
315 2594 374 2644 Lex
389 2607 512 2657 eousque
523 2594 558 2643 dc
572 2593 717 2657 reptilibus
730 2593 860 2652 siluerat,
877 2592 913 2643 ds
929 2593 1029 2656 quibus
1044 2593 1224 2643 comedendis
1237 2597 1343 2644 nemini
1358 2597 1386 2644 11
1395 2605 1518 2646 61661616

182 2686 307 2733 venerat.
327 2682 382 2733 Ubi
404 2695 521 2732 161666
539 2685 654 2731 ventum
674 2687 730 2742 est,
748 2679 984 2745 1116111218)
1006 2683 1092 2731 tactui
1113 2683 1170 2745 jam
1189 2682 1247 2733 1616
1271 2685 1362 2746 magis
1377 2686 1517 2736 insisteret

183 2784 268 2836 quam
287 2773 466 2833 comestioni,
481 2772 543 2821 visa
559 2774 602 2821 661
622 2771 737 2820 omnino
749 2770 794 2820 lex
807 2769 842 2819 ad
864 2770 976 2833 reptilia
994 2782 1106 2834 quoque
1124 2782 1186 2820 esse
1207 2771 1384 2821 extendenda
1402 2788 1408 2822 :
1433 2774 1518 2836 igitur

183 2860 255 2924 legi,
281 2860 373 2923 qualis
397 2862 455 2909 tum
478 2865 552 2919 erat,
584 2859 754 2922 adscriptum
782 2860 823 2908 est
851 2871 879 2910 1.
910 2858 1005 2907 tsi-‘35
1030 2860 1161 2919 vetitum,
1188 2844 1244 2923 quo
1272 2861 1336 2910 octo
1359 2863 1515 2924 specierum

183 2949 324 3013 reptilium
340 2950 459 2998 attactus
486 2960 584 2998 661616
607 2947 785 2998 inhibebatur
792 2960 800 3006 ;
821 2947 857 2997 de
880 2947 1053 2997 comestione
1070 2946 1134 2996 silet
1157 2947 1210 2997 hoo
1232 2947 1372 3007 additum,
1393 2948 1458 3000 licet
1481 2963 1514 2999 ea

183 3037 317 3087 indirecte
332 3036 534 3096 excluderetur,
550 3035 624 3101 quod
638 3036 712 3085 enim
734 3036 873 3099 attingere
887 3033 965 3085 netas
980 3039 1054 3093 erat,
1072 3034 1146 3084 haud
1170 3038 1279 3098 poterat
1299 3037 1418 3087 comedi.
1442 3036 1514 3087 Tac·

183 3130 228 3175 tus
244 3138 312 3175 1616
331 3125 513 3188 proscribitur
527 3137 584 3175 non
604 3123 782 3174 immediatus
802 3125 927 3186 tantum,
948 3123 998 3173 661
1013 3121 1160 3182 mediatur,
1176 3136 1232 3186 quo
1248 3125 1293 3174 161
1315 3137 1397 3185 vasa,
1410 3128 1511 3185 vestes,

184 3214 238 3264 cibi
250 3217 477 3277 conspurcentur.
490 3213 636 3264 Generalis
648 3215 740 3279 tamen
753 3225 787 3262 ea
800 3213 966 3274 proscriptio
976 3211 1053 3260 brevi
1065 3212 1128 3260 1166
1142 3214 1183 3261 661
1194 3210 1269 3261 haud
1283 3211 1399 3263 1616616
1410 3227 1416 3261 :
1429 3228 1514 3278 saepe

184 3304 287 3367 quippe
312 3303 452 3366 reptilium
474 3301 612 3352 66161616
640 3301 816 3350 16616161616
840 3299 987 3362 trugumve
1007 3301 1115 3350 6661116
1134 3301 1353 3363 reperiebantur.
1381 3305 1423 3352 lin
1446 3316 1513 3366 ergo

185 3390 256 3442 haec
269 3404 380 3455 semper
395 3390 538 3440 immunda
550 3394 578 3440 et
587 3391 749 3440 constanter
763 3387 959 3453 purificanda?
972 3389 1120 3451 Adscripta
1129 3391 1172 3438 est
1186 3391 1396 3454 proscriptionis
1411 3404 1511 3455 excep·

186 3481 224 3530 tio
238 3493 265 3531 1.
284 3480 378 3530 38-39.
399 3480 553 3529 Videbatur
570 3479 684 3543 tandem
703 3478 832 3528 omnibus
851 3479 975 3526 numeris
994 3476 1117 3540 perlecta
1135 3490 1197 3527 csse
1212 3476 1257 3527 lex
1273 3477 1307 3528 de
1322 3480 1488 3529 animalibus
1506 3495 1511 3528 :

185 3570 214 3618 at
229 3569 307 3619 brevi
320 3569 494 3632 pullulavere
508 3568 621 3618 dublola
635 3567 701 3617 duo.
718 3566 791 3625 Quid
806 3566 840 3616 de
855 3566 1003 3630 pecoribus
1024 3567 1117 3629 specie
1131 3567 1244 3629 quidem
1256 3567 1382 3627 mundis,
1399 3568 1448 3618 sed
1463 3583 1513 3631 per

185 3658 314 3707 accidens
329 3657 498 3707 immundis?
509 3656 549 3707 Ea
563 3655 783 3720 prohibebantur
802 3655 898 3718 tangi,
915 3654 1039 3715 comedi,
1055 3655 1160 3718 portari
1181 3668 1209 3703 1.
1232 3656 1264 3705 39
1283 3669 1344 3719 sq.;
1360 3657 1511 3719 prohibitio

185 3751 279 3796 tamen
300 3758 356 3795 non
371 3745 545 3796 inserebatur
558 3745 736 3808 praecedenti
756 3743 791 3793 de
805 3744 954 3806 pecoribus
972 3745 1102 3793 tractatui
1116 3740 1189 3810 (post
1208 3757 1236 3793 1.
1254 3743 1268 3792 8
1283 3744 1329 3794 161
1344 3758 1371 3792 1.
1388 3745 1447 3809 ist,
1464 3746 1513 3795 661

187 3834 220 3883 61
235 3835 339 3884 calcem
355 3834 427 3896 legis
442 3833 533 3896 qualis
554 3840 611 3883 tum
626 3836 695 3882 erat.
715 3833 839 3881 ultorum
853 3832 997 3881 dubiolum
1017 3831 1086 3881 illud
1101 3832 1174 3891 erat,
1186 3844 1213 3880 1.
1229 3831 1313 3881 ‘za-38
1326 3835 1447 3896 plurima
1462 3834 1513 3883 ha-

186 3923 244 3972 beri
257 3923 291 3972 de
303 3917 444 3986 reptilium
457 3924 602 3981 66616616,
620 3921 690 3970 611111
700 3920 735 3970 16
747 3921 920 3970 comestione
936 3935 943 3969 :
959 3922 1039 3983 cujus
1054 3933 1080 3969 1.
1099 3917 1129 3968 11
1146 3933 1190 3982 sq.
1204 3919 1313 3970 adiecta
1327 3925 1369 3971 est
1384 3922 1515 3985 explicita

186 4010 391 4061 condemnatio.
406 4009 547 4062 Collector
566 4010 680 4059 tandem
699 4009 794 4071 legum
809 4007 914 4057 addidit
932 4007 1167 4071 subscriptionem
1181 4010 1302 4071 primum
1316 4009 1388 4072 legis
1401 4010 1435 4060 de
1448 4022 1514 4074 rep·

188 4100 281 4150 tilibus
295 4113 322 4149 1.
341 4099 437 4160 13-11,
453 4113 486 4149 66
499 4099 694 4162 posteatotius
708 4099 780 4160 legis
790 4097 953 4146 animalium
966 4109 993 4145 1.
1012 4095 1044 4145 tc
1058 4109 1102 4158 sq.
1120 4122 1157 4132 —
1172 4093 1260 4147 Simlll
1277 4100 1386 4149 ratione
1401 4100 1514 4150 novella

187 4189 220 4239 16
234 4189 407 4239 laesionibus
422 4189 546 4252 corporis
561 4188 619 4250 agit
633 4188 754 4250 primum
766 4186 801 4235 de
810 4184 961 4234 homicidio
976 4184 1066 4248 deque
1081 4184 1144 4232 aliis
1158 4184 1247 4235 tribus
1261 4185 1371 4236 delictis
1385 4188 1514 4250 capitali-

186 4276 251 4338 bus,
266 4290 305 4326 sc.
327 4277 362 4326 do
374 4277 556 4340 percussione
573 4277 601 4326 et
612 4275 811 4334 maledictione
825 4276 973 4337 parentum
989 4274 1017 4322 et
1029 4272 1195 4322 abductione
1209 4273 1345 4334 hominis,
1361 4281 1425 4337 post
1443 4289 1515 4339 quac

187 4379 213 4417 1.
233 4365 315 4416 18-23
330 4366 382 4415 tria
404 4365 534 4415 adscribit
548 4364 583 4415 de
598 4363 749 4414 homicidio
770 4362 975 4413 additamenta·
988 4360 1121 4425 SequItur
1144 4362 1190 4411 lex
1211 4360 1246 4412 de
1269 4362 1446 4413 mutilatione
1465 4377 1515 4415 seu

187 4454 300 4504 talionis
309 4467 337 4503 v.
354 4453 452 4515 alar,
469 4455 514 4504 cui
531 4453 727 4518 appenduntur
739 4465 767 4502 v.
783 4451 868 4501 ts-si
879 4449 1018 4514 quaedam
1035 4462 1092 4499 non
1106 4450 1325 4511 mutilationem,
1341 4452 1390 4502 scd
1404 4465 1515 4503 rursum

187 4544 397 4608 percussionem
410 4542 545 4594 lethalem
555 4543 721 4606 spectantia.
737 4540 780 4593 ci.
797 4553 868 4604 quae
880 4539 1081 4603 descripsimus
1094 4538 1195 4589 harum
1204 4539 1299 4604 legum
1314 4541 1467 4591 schemata.

229 4684 293 4744 Hae
316 4683 414 4760 igitur
436 4681 518 4743 duae
541 4682 627 4760 leges
649 4681 752 4759 longis
774 4682 848 4740 anie
874 4679 1003 4756 Moysen
1025 4681 1208 4756 temporum
1230 4679 1341 4757 spatiis
1361 4679 1516 4759 paulatim

190 4797 329 4842 crevere.
347 4779 545 4860 Longissima
564 4780 673 4840 aberat
692 4778 820 4840 illorum
841 4775 1010 4838 hominum
1035 4776 1143 4853 Moyse
1164 4776 1381 4852 antiquiorum
1403 4776 1516 4854 agendi
