3534 5384
753 397 801 440 nx.
827 380 899 449 20‚6
921 396 982 448 sou.
1476 379 1532 440 201

200 549 344 620 poenas;
367 534 426 596 aut
445 551 525 596 cum
547 529 666 618 Chrys.
684 531 794 618 (llom.
809 537 863 611 56,
887 529 930 596 al.
949 536 991 596 55
1002 531 1039 596 in
1058 535 1126 612 lc.;
1145 533 1192 596 M.
1212 531 1349 618 59307)
1367 529 1471 597 verba
1487 529 1532 596 ad

201 637 308 703 solam
325 656 403 702 eam
418 634 680 721 generationem
694 641 882 716 coarctare,
905 658 994 726 quae
1008 641 1118 724 Moyse
1132 635 1218 704 duce
1232 658 1371 723 egressa
1389 643 1475 704 esset
1493 636 1535 703 de

201 747 373 831 Aegypt03
395 747 549 809 autenm
564 744 711 831 Huqooe
726 741 770 808 ad
788 764 846 808 eos
858 741 946 809 solos
962 741 1050 809 filios
1064 742 1230 821 limitare,
1250 743 1311 831 qui
1323 748 1400 832 post
1412 766 1536 833 paren-

198 855 272 914 tum
286 853 465 938 peccatum
487 853 680 916 nascantur.
702 847 837 916 Sanctio
855 848 1007 936 traditur
1021 871 1084 939 pro
1103 853 1139 916 V.
1163 853 1198 915 Τ.
1217 849 1437 929 universalis,
1459 849 1531 935 legi

200 953 386 1021 universali
406 955 524 1039 allisa,
544 955 736 1022 secundum
759 975 865 1043 quam
884 954 971 1022 alios
994 959 1105 1022 tentus
1130 955 1315 1045 explanare
1335 961 1367 1022 et
1387 955 1535 1022 circum-

199 1060 346 1128 scribere
363 1065 530 1150 oporteat.
549 1059 661 1148 lgitur
679 1065 776 1128 Dent.
794 1060 1196 1144 ae‚16iudiceshumani
1212 1061 1403 1151 prudenter
1417 1067 1535 1129 vetan-

200 1172 255 1234 tur
274 1166 431 1235 occidere
457 1167 547 1235 filios
566 1189 628 1257 pro
650 1167 823 1256 patribus,
850 1169 1002 1256 itemque
1026 1175 1141 1258 patres
1160 1191 1224 1257 pro
1252 1167 1343 1234 filiis.
1371 1173 1425 1235 Eu.
1455 1174 1533 1238 182

199 1279 234 1340 et
248 1278 312 1340 ler.
329 1279 430 1357 3139
449 1301 464 1335 u
482 1279 569 1341 Deus
580 1273 764 1364 pollicetur
777 1273 950 1356 futurum,
969 1280 1005 1340 ut
1018 1274 1240 1363 proverbium
1254 1274 1343 1342 illud
1358 1275 1531 1342 contraria
1609 1361 1610 1364 Ἴ

199 1379 443 1447 consuetudine
460 1380 682 1467 abrogetur»
702 1379 857 1470 (datm).
875 1380 1011 1448 Sanctio
1027 1380 1088 1447 illa
1102 1403 1171 1448 non
1188 1387 1262 1448 erat
1282 1381 1369 1448 dura
1388 1404 1395 1450 :
1415 1381 1532 1469 agitur

200 1485 290 1554 euim
311 1485 352 1554 de
368 1487 486 1576 poeuis
506 1486 742 1568 naturalibus,
764 1509 796 1552 v.
821 1508 856 1573 g.
879 1486 1024 1570 morbis,
1042 1489 1205 1554 caecitate
1224 1494 1289 1555 etc.
1313 1487 1367 1579 (cl.
1387 1489 1532 1578 populu-

201 1614 272 1659 rem
288 1593 486 1682 opinionem
501 1597 547 1660 lo.
565 1593 650 1682 93),
667 1615 755 1684 quae
774 1593 864 1660 mula
878 1593 1081 1683 simpliciter
1096 1616 1167 1661 non
1181 1597 1277 1678 suut,
1296 1594 1354 1661 sed
1368 1595 1532 1684 patientia

199 1699 433 1766 transformari
452 1707 595 1788 possunt
611 1701 647 1766 iu
667 1721 802 1766 summa
822 1700 931 1767 lucra.
956 1705 1036 1766 Erat
1054 1701 1184 1767 sanctio
1203 1701 1422 1786 universalis,
1445 1702 1531 1768 bene

197 1807 322 1872 multas
340 1804 523 1872 admittens
549 1806 770 1896 exceptiones
796 1827 937 1896 :neque
964 1805 1056 1873 enim
1081 1827 1199 1873 omues
1216 1806 1529 1895 superstitiosorum

199 1911 263 1978 lilii
286 1911 455 1980 eiusmodi
474 1912 573 1978 malis
592 1911 852 1999 affligebantur,
875 1934 988 2000 neque
1007 1931 1128 1980 omnes
1146 1911 1239 1979 caeci
1260 1916 1325 1980 etc.
1350 1913 1415 1979 filii
1435 1922 1532 1980 erunt

198 2017 521 2109 superstitiosorum.
548 2018 762 2086 Crediderim
781 2019 993 2086 sanctionem
1013 2019 1273 2110 pronuntiatam
1294 2041 1365 2087 esse
1390 2021 1424 2086 in
1446 2020 1534 2086 inte-

201 2146 302 2213 gram
321 2124 514 2207 nationem,
539 2125 662 2191 nonin
682 2124 882 2226 individua,
905 2132 959 2208 ut,
985 2123 1151 2215 quamdiu
1173 2125 1270 2192 natio
1293 2125 1330 2192 in
1353 2127 1411 2192 [tei
1436 2126 1535 2192 cultu

199 2236 449 2322 perseveraret,
468 2233 585 2298 omnia
605 2253 767 2322 prospere
785 2230 962 2311 cederent,
985 2253 1027 2298 ea
1047 2230 1225 2299 deficiente
1243 2230 1353 2313 bella,
1376 2231 1450 2298 lues
1464 2239 1529 2298 oto.

197 2338 414 2424 ingruerent.
428 2337 638 2426 Quandoque
647 2337 798 2404 insontes
808 2339 912 2404 etiam
926 2360 1003 2405 cnm
1016 2337 1170 2404 sontibus
1183 2339 1244 2406 bas
1254 2360 1385 2429 poenas
1401 2339 1528 2421 tulisse,

199 2443 297 2511 docet
313 2444 438 2511 Tobiae
460 2445 668 2534 exemplum.
691 2448 822 2522 Quanto
841 2444 980 2510 maioris
1002 2445 1168 2511 momenti
1189 2449 1239 2511 est
1258 2445 1367 2512 cultus
1385 2446 1443 2511 Dei
1457 2445 1530 2534 pie-

201 2556 265 2617 tate
277 2555 476 2640 parentum,
493 2555 589 2618 tanto
604 2551 863 2618 convenientius
877 2550 1084 2641 perspicitur
1096 2550 1174 2617 liliis
1187 2550 1254 2642 piis
1269 2575 1302 2618 v.
1322 2557 1362 2617 12
1376 2553 1529 2641 proponi

197 2657 388 2746 praemium
411 2657 566 2746 ipsorum
593 2657 699 2725 vitam
730 2679 801 2723 non
825 2657 1005 2740 excedens,
1032 2657 1203 2744 religiosis
1229 2663 1263 2724 et
1285 2658 1529 2748 superstitiosis

197 2765 391 2852 praemium
409 2769 444 2830 et
456 2785 604 2852 poenam
619 2764 752 2830 futuras
764 2763 869 2830 etiam
884 2763 1123 2850 generationes
1138 2763 1312 2830 affectura.

239 2892 274 2936 v.
293 2877 314 2936 7
335 2899 350 2930 a
371 2872 450 2937 Nou
471 2892 625 2936 assumes
648 2891 772 2936 laomen
791 2869 932 2935 Deretini
946 2869 1010 2934 Dei
1032 2869 1085 2936 tui
1099 2869 1136 2936 in
1154 2891 1281 2936 cuntem
1304 2898 1334 2934 ».
1353 2874 1425 2935 Non
1448 2892 1529 2935 voce

199 2975 332 3057 efferes,
349 2976 504 3065 proferes
528 2998 536 3044 ;
556 2977 601 3042 cl.
630 2982 728 3059 23,ss
750 2981 801 3044 Ps.
824 2982 863 3043 lt
885 2976 970 3064 (15),
995 2981 1030 3055 33
1050 2979 1068 3040 l
1087 2979 1172 3062 Reg.
1195 2981 1286 3060 935.
1306 2991 1371 3041 niu
1386 2975 1530 3042 includit

197 3079 338 3170 quidem
346 3081 638 3167 significationem
642 3081 737 3171 fuleo
749 3085 839 3169 (cum
849 3105 882 3149 v.
897 3087 937 3148 16
949 3083 991 3148 cl.
1003 3087 1097 3149 Dent.
1111 3081 1205 3171 530)
1215 3135 1222 3164 ‚
1234 3081 1293 3148 sed
1306 3081 1526 3171 latiuspatot,

197 3187 435 3277 significatque
447 3189 641 3278 superflue,
660 3188 699 3255 in
711 3211 839 3256 vanum
855 3187 912 3278 (cl.
930 3192 992 3256 ler.
1013 3195 1111 3272 2303
1126 3195 1220 3270 ῐι,30;
1239 3195 1318 3271 aaa
1330 3188 1425 3278 etc).
1441 3193 1528 3274 Ergo

197 3316 267 3360 non
287 3294 491 3384 prohibetur
514 3296 623 3363 solum
640 3295 764 3363 falsum
783 3297 1014 3362 iuramentum
1031 3294 1167 3384 (Chald.
1190 3293 1305 3385 Syn),
1329 3317 1398 3362 non
1418 3296 1527 3362 solum

197 3421 326 3467 nomen
338 3401 398 3468 Dei
412 3401 524 3468 iocose
535 3401 710 3491 prolatum
727 3399 970 3491 (mederet),
988 3401 1081 3490 quod
1097 3401 1227 3468 crimen
1245 3423 1350 3488 grave
1365 3425 1528 3491 persaepe

197 3511 331 3574 nonest
352 3530 359 3575 :
383 3505 445 3574 sed
464 3509 606 3597 quaevis
625 3507 788 3588 mendax,
810 3507 1060 3597 superstitiosa,
1081 3507 1274 3575 irreverens
1290 3530 1361 3575 non
1381 3509 1530 3576 cuiusuis

198 3615 208 3700 (
215 3615 242 3678 T
239 3613 317 3702 ost.)
339 3613 448 3680 divini
461 3614 632 3695 nominis,
647 3613 707 3680 sed
721 3612 867 3681 nominis
885 3614 988 3683 lahve
1008 3613 1208 3704 appellatio.
1227 3615 1281 3681 Uti
1300 3638 1332 3681 v.
1355 3621 1395 3682 16
1418 3615 1528 3682 laniae

198 3719 359 3808 proximi,
380 3721 430 3786 ita
452 3743 485 3786 v.
515 3728 536 3787 7
558 3720 769 3787 reverentiae
789 3719 921 3787 nomini
940 3721 1042 3786 labve
1066 3718 1204 3787 debitae
1223 3721 1400 3810 prospicit.
1426 3749 1442 3782 «
1460 3725 1528 3786 bin

204 3826 296 3892 enim
310 3825 446 3892 babebit
461 3826 631 3893 ituantem
646 3826 812 3894 Dominus
826 3848 921 3908 cum,
938 3827 999 3915 qai
1013 3826 1232 3914 assumpserit
1246 3849 1371 3894 nomen
1390 3827 1530 3892 Domini

198 3933 263 3999 Dei
277 3932 335 3999 scri
357 3933 492 4020 frustra
521 3961 553 3999 ».
578 3961 593 3994 a
621 3932 748 4010 Quibus
766 3933 879 4000 verbis
897 3954 961 4023 per
985 3933 1105 4000 litoten
1125 3933 1237 4000 minus
1259 3932 1384 4000 dicitur
1405 3939 1438 3998 et
1456 3934 1530 4021 plus

198 4039 421 4126 intelligitur;
438 4039 658 4126 significatur
675 4040 786 4122 enini,
804 4040 897 4129 quod
917 4045 1003 4106 Deus
1023 4039 1127 4106 talem
1143 4039 1318 4129 reputabit
1334 4039 1434 4106 valde
1451 4060 1529 4103 son-

198 4149 265 4212 tem
276 4167 316 4212 ae
331 4150 517 4236 propterea
531 4144 732 4233 gravissime
749 4148 899 4235 puniet»
918 4145 1057 4235 (Syia),
1075 4167 1143 4212 non
1163 4149 1280 4212 tamen
1292 4167 1401 4235 aeque
1416 4147 1532 4232 graui-

198 4256 251 4318 ter
264 4273 368 4340 quam
390 4252 608 4319 idololatrum
628 4255 662 4320 et
684 4252 968 4342 superstitiosum,
987 4251 1134 4318 habetur
1146 4253 1275 4343 quippe
1287 4252 1396 4318 multo
1411 4251 1527 4318 solem-

199 4357 276 4424 nior
296 4381 326 4426 v.
344 4365 364 4424 5
379 4358 614 4426 comminatio.

241 4470 308 4531 v.8
328 4492 344 4524 «
366 4467 552 4550 Memento,
576 4477 615 4531 ut
630 4464 722 4531 diem
736 4465 871 4532 sabbati
883 4465 1075 4554 sanctifices
1094 4493 1124 4531 u.
1143 4469 1209 4531 Hoc
1225 4471 1462 4555 praeceptum,
1482 4465 1527 4529 ait

195 4571 231 4636 S,
253 4571 367 4638 Tdom.
389 4578 424 4638 2³
439 4579 491 4636 2²¹ss
512 4595 546 4659 q.
567 4577 629 4636 122
643 4595 674 4638 a.
697 4577 716 4638 lc
734 4569 780 4638 ad
799 4579 833 4655 1,
859 4599 876 4633 «
897 4573 1082 4661 estpartim
1100 4571 1247 4654 morale,
1267 4570 1393 4660 partim
1411 4577 1523 4637 autern
1673 4641 1675 4648 ⁴

195 4678 433 4744 ceremoniale.
457 4677 584 4744 llorale
606 4677 747 4765 quidem
767 4684 819 4745 est
835 4681 1002 4767 quantum
1023 4677 1066 4744 ad
1081 4677 1162 4761 hoc,
1181 4676 1273 4767 quod
1288 4678 1395 4743 homo
1414 4676 1523 4763 depu-
1651 4729 1663 4774 ,Σ

203 4788 252 4850 tet
267 4783 411 4872 aliquod
426 4788 561 4873 tempus
576 4783 665 4850 vitae
677 4806 757 4850 suae
770 4784 814 4850 ad
830 4784 1020 4851 vacandum
1032 4782 1166 4850 divinis.
1183 4787 1272 4848 lnest
1286 4783 1378 4849 enim
1391 4781 1524 4846 homini
1658 4775 1663 4784 '
