3534 5384
730 403 794 448 st.
816 389 909 458 20,21
931 406 996 456 suo.
1470 390 1526 448 501

197 559 302 627 qaam
317 536 404 603 dabo
420 537 512 604 vobis
528 538 565 604 in
579 537 834 622 haereditatem,
852 551 978 605 terrani
990 537 1154 627 florentem
1169 541 1256 606 lactc
1271 551 1303 604 rt
1320 539 1431 608 melle.
1451 543 1525 628 Epa

196 643 364 710 Darnirzus
377 647 467 710 Deus
485 658 605 725 cester,
623 643 686 734 qai
701 644 858 735 separavi
877 667 934 712 uos
953 667 974 711 a
992 645 1111 712 ceteris
1127 638 1268 736 papalis
1286 671 1319 712 a.
1340 645 1425 723 Quia
1444 650 1529 713 lteus

196 751 367 840 separavit
384 773 442 818 eos
457 774 478 818 a
491 751 610 818 ceteris
626 751 778 841 populis,
794 750 922 819 debent
937 753 1000 842 ipsi
1015 751 1099 818 item
1113 751 1157 818 ab
1174 751 1295 818 iisdem
1313 774 1348 819 se
1367 774 1526 842 separare

90 891 98 908 ·
196 864 298 946 atque
313 857 507 924 discernere
521 857 691 940 moribus;
709 858 834 924 debent
848 858 951 926 etiam
966 879 1126 947 separare
1141 880 1175 924 se
1190 859 1234 924 ab
1250 857 1440 926 immundis
1455 860 1528 926 ani-

195 962 358 1043 malibus,
373 984 463 1053 quae
477 968 563 1030 Deus
580 963 658 1050 lege
672 963 843 1054 separavit
861 964 1046 1032 emundis.
1067 989 1098 1032 v.
1116 971 1159 1034 26
1181 993 1197 1027 «
1217 966 1383 1055 Separate
1397 987 1479 1054 erpo
1493 977 1526 1031 et

196 1091 252 1135 aas
266 1069 458 1136 inmeritam
477 1069 643 1137 mandam
655 1073 697 1137 ab
711 1069 906 1157 immunda,
924 1083 958 1137 et
971 1093 1067 1138 aaran
1088 1070 1252 1138 incendam
1268 1073 1310 1138 ab
1325 1069 1520 1158 immunda,

194 1197 238 1242 ne
242 1175 411 1266 polluatis
419 1176 555 1243 animas
564 1188 693 1244 vestras
700 1176 738 1243 in
741 1198 862 1266 pecare
872 1189 905 1243 ec
915 1176 1034 1245 auibus
1044 1191 1077 1243 et
1088 1177 1220 1244 carnatis
1226 1231 1236 1262 ,
1250 1200 1338 1268 qnae
1347 1191 1525 1244 morienna

195 1281 234 1347 in
247 1293 338 1349 terra
350 1295 384 1349 ec
397 1283 588 1373 qrtaevabis
602 1282 735 1350 ostendi
748 1283 960 1374 cesepallata
975 1312 1004 1350 ».
1020 1287 1121 1351 Hebr.
1138 1307 1227 1376 qaae
1241 1283 1401 1374 separavi
1415 1285 1518 1366 vebia,

195 1400 232 1454 ra
248 1389 316 1455 sinc
335 1388 528 1458 immunda.
552 1396 643 1477 Ergo
658 1389 815 1458 ciborum
828 1391 923 1477 leges
936 1391 1032 1477 genti
1050 1391 1178 1458 electae
1198 1393 1234 1458 in
1250 1391 1451 1459 memoriam
1468 1412 1525 1457 re»

193 1517 316 1562 vocare
331 1495 506 1563 debebant
519 1517 639 1563 eorum
651 1518 735 1586 prae
748 1495 869 1563 ceteris
882 1495 1080 1564 nationibus
1096 1497 1297 1564 electionem
1315 1497 1458 1586 (Calin.)
1476 1502 1521 1577 et,

194 1624 282 1691 quae
301 1625 340 1668 ex
358 1601 425 1670 hoc
451 1602 735 1692 consequebatur,
756 1602 944 1670 sanctitatis
962 1602 1224 1688 obligationem.
1250 1625 1283 1670 v.
1306 1609 1348 1670 26
1374 1631 1390 1664 «
1413 1603 1521 1670 Eritis

192 1706 281 1773 miii
300 1707 429 1790 sancti,
447 1708 531 1798 qaia
552 1722 688 1775 sanctus
701 1731 776 1775 sani
791 1731 852 1799 epo
872 1709 1038 1775 Dominus
1059 1721 1093 1774 ct
1110 1709 1270 1800 separavi
1285 1733 1343 1776 aas
1363 1733 1384 1777 a
1403 1710 1522 1778 ceteris

190 1813 345 1904 papalis,
363 1826 402 1880 nt
419 1814 533 1881 essetis
554 1815 624 1882 mei
642 1842 672 1881 ».
698 1843 713 1876 c
736 1820 869 1905 Exque
890 1815 1078 1902 colligitur,
1098 1817 1311 1883 sanctitatem
1335 1817 1522 1906 importare

194 1921 331 2009 proprie
351 1920 574 2004 munditiam,
595 1928 628 1988 66
646 1921 730 1989 oriri
749 1944 789 1988 ex
810 1921 1026 2011 separatione
1042 1922 1087 1989 ab
1109 1921 1163 2005 iis,
1189 1944 1278 2011 quae
1297 1921 1481 2012 inquinant
1505 1951 1519 1982 a

194 2026 327 2114 (1666).

526 2170 689 2234 appendicula
702 2171 730 2218 de
744 2171 879 2220 66666ιί66(
892 2171 1014 2233 pptboaan
1028 2171 1087 2219 Lev.
1101 2173 1179 2232 2⁰2²7·

237 2370 269 2414 v.
285 2354 327 2413 27
343 2374 360 2410 «
382 2348 440 2415 Vir
452 2347 521 2415 siae
535 2347 672 2430 mulier,
689 2348 862 2439 inquibus
873 2348 1085 2438 pythonicus
1099 2349 1154 2415 ael
1166 2347 1391 2416 divinationis
1406 2349 1523 2436 faerit

190 2453 342 2542 spiritus,
365 2467 473 2521 morte
491 2455 711 2522 moriantur:
728 2454 903 2544 lapidibus
920 2457 1062 2522 abr-nent
1083 2477 1155 2538 eos,
1175 2456 1318 2546 sanpais
1336 2478 1451 2523 carran
1471 2455 1520 2522 sit

190 2582 292 2650 super
310 2559 388 2627 illos
409 2588 439 2628 a,
462 2561 544 2629 Vide
562 2583 679 2651 supra.

243 2799 274 2859 6.
300 2796 405 2882 Lepas
430 2791 472 2858 de
494 2790 672 2858 mzrna'ilia
695 2791 913 2858 sacerdotnm
937 2805 969 2858 et
992 2792 1212 2860 victimarum
1235 2797 1312 2859 Lev.
1340 2799 1380 2859 21
1406 2815 1462 2882 sq.

233 2988 391 3075 Aequum
418 2991 508 3067 erat,
525 2991 564 3053 ut
586 2986 645 3075 qui
666 2991 715 3052 tot
734 2986 872 3072 legibus
897 2987 1016 3077 populi
1039 2985 1241 3054 munditiem
1260 2987 1510 3072 inculcaverat,

189 3091 405 3158 sacerdotum
423 3091 506 3158 item
531 3092 735 3159 munditiem
754 3091 959 3181 specialibus
976 3093 1111 3180 legibus
1131 3093 1267 3184 sepiret.
1290 3093 1328 3160 ld
1345 3095 1515 3184 praestitit

189 3203 402 3281 21,1-22,16.
423 3202 512 3276 Quas
531 3199 763 3266 sacerdotibus
778 3205 868 3281 21,1.
891 3207 948 3282 17;
970 3206 1050 3276 222
1064 3200 1252 3290 inscripsit,
1268 3207 1346 3290 apte
1364 3201 1512 3270 formula

189 3309 302 3385 21,15.
328 3311 387 3386 23;
412 3310 502 3386 22,9.
527 3311 567 3371 16
587 3305 752 3372 conclusit
775 3327 781 3371 :
805 3333 820 3367 a
838 3311 908 3393 Ego
923 3307 1101 3389 Dominus,
1123 3307 1183 3396 qui
1205 3308 1377 3374 sanctifico
1402 3331 1461 3376 vos
1481 3338 1512 3375 a.

187 3414 279 3478 Unus
296 3409 458 3501 idemque
470 3433 516 3478 sc.
534 3411 690 3501 scriptor,
706 3413 768 3501 qui
783 3412 884 3479 modo
901 3417 1014 3493 eoas.
1033 3417 1074 3480 26
1085 3413 1253 3502 populum
1264 3415 1507 3496 celebraverat,

187 3516 282 3606 quod
296 3523 382 3585 66666
397 3539 418 3584 6
431 3523 499 3585 Deo
515 3530 692 3609 separatas
708 3541 729 3586 a
743 3518 895 3608 populis,
915 3541 1008 3586 nunc
1024 3519 1217 3587 sacerdotes
1231 3521 1399 3605 celebrat,
1421 3523 1516 3612 quod

186 3623 223 3690 in
240 3625 308 3691 hoe
322 3625 452 3713 populo
467 3629 623 3718 separato
633 3626 793 3716 sintprae
807 3626 927 3692 ceteris
941 3625 1160 3714 sanctificati.
1179 3627 1256 3714 Agit
1276 3651 1357 3695 vero
1372 3634 1513 3708 21,1-15

188 3727 229 3796 (16
243 3729 302 3814 116,
319 3753 407 3819 quae
426 3731 619 3798 sacerdotes
643 3731 831 3799 munditiae
847 3754 932 3818 ergo
952 3755 1085 3799 servare
1107 3733 1255 3800 debeant
1275 3733 1313 3802 in
1334 3735 1513 3800 funeribus

187 3837 558 3924 666666116;21,16-26
579 3837 742 3906 describit
762 3837 1051 3925 irregularitateS,
1069 3839 1195 3929 quibus
1214 3841 1405 3908 sacerdotes
1417 3840 1513 3906 cultu

186 3943 428 4022 excluduntur3
453 3950 569 4024 22,1-9
586 3950 740 4011 recenset
754 3945 839 4012 alias
853 3945 1069 4012 sacerdotum
1086 3945 1319 4014 immundities
1334 3953 1366 4013 et
1390 3952 1510 4026 2216-

188 4056 241 4131 16,
263 4049 385 4117 eodem
398 4049 514 4117 divino
529 4050 683 4142 eloquio,
703 4051 745 4118 de
755 4051 972 4118 sacerdotum
992 4051 1131 4118 familiis
1146 4054 1230 4139 agit.

228 4156 475 4223 Convenienler
504 4156 585 4224 item
604 4158 765 4224 tractatui
784 4158 827 4224 de
848 4157 1017 4225 munditia
1044 4159 1260 4226 sacerdotum
1287 4159 1439 4226 adiectus
1460 4166 1509 4228 est

185 4261 272 4328 alter
286 4268 449 4343 221726
468 4264 509 4330 (16
525 4263 696 4332 munditia
711 4263 944 4348 victimarum,
962 4265 985 4332 i.
1008 4288 1038 4332 6.
1062 4265 1105 4332 (16
1125 4264 1165 4331 116
1179 4287 1266 4356 quae
1280 4265 1315 4332 in
1329 4268 1510 4355 pecoribus

186 4367 323 4434 mundis
337 4369 615 4459 requirebantur,
634 4370 720 4436 utin
741 4369 897 4438 victimas
914 4377 1054 4460 possent
1073 4373 1209 4438 assumi.
1229 4372 1312 4450 Quia
1326 4394 1407 4440 vero
1423 4374 1509 4440 haec

184 4495 256 4540 non
271 4497 292 4540 a
308 4475 391 4541 solis
410 4476 646 4544 sacerdotibus
665 4477 702 4542 in
722 4477 869 4543 victimis
890 4477 1128 4558 admittendiS,
1156 4478 1216 4544 sed
1242 4501 1263 4545 a
1286 4479 1416 4545 civibus
1433 4480 1511 4567 qui-

183 4580 316 4670 busque
333 4581 370 4647 in
393 4581 462 4648 illis
480 4582 664 4670 seligendis
683 4581 858 4649 observari
878 4585 1074 4673 oportebat,
1093 4585 1149 4650 hic
1162 4590 1326 4651 tractatus
1342 4608 1410 4650 nun
1430 4584 1509 4650 solis

183 4687 432 4770 sacerdotibus,
450 4689 509 4755 sed
524 4688 682 4756 lsraelitis
702 4688 869 4756 universis
887 4690 1097 4758 inscribitur.
1118 4691 1263 4758 Additur
1277 4714 1309 4758 v.
1329 4697 1431 4758 26-36
1447 4713 1510 4780 ap-

181 4793 366 4883 pendicula
377 4817 458 4862 sane
472 4796 517 4864 ad
530 4795 666 4864 eosdem
680 4795 822 4865 directa.
840 4796 1084 4886 Clauditurque
1094 4819 1127 4864 V.
1147 4804 1245 4866 31-33
1262 4799 1421 4864 universa
1433 4819 1508 4888 cap.
