3534 5384
276 372 338 433 308
684 386 825 431 dovotum
845 386 1001 432 sacacmm
1022 387 1207 432 lnsrlrt‘rlo.

274 520 429 609 gitavere
452 518 613 587 rationes.
634 522 661 584 Τ
659 534 737 602 ost„
762 523 835 588 Vel,
850 525 1031 610 putavere,
1055 521 1146 612 quod
1161 526 1248 588 [teus
1261 520 1547 610 praecedentibus
1559 522 1612 587 in·

276 627 400 693 dixerit
409 624 670 693 tabernaculum
683 614 873 717 aliaquead
888 627 1020 695 cultum
1032 628 1221 695 necessaria
1233 626 1610 708 conficienda,m0nere
1637 640 1642 645 '

276 734 312 799 h.
327 734 352 800 l.
370 753 467 813 eum,
486 754 529 799 ne
542 732 692 800 artifices
705 733 773 800 sihi
787 735 838 800 fas
851 738 1014 822 putarent
1029 734 1127 823 pium
1141 756 1225 825 opus
1239 733 1393 801 sabbatis
1407 734 1607 824 producere.

278 839 367 923 Cae,
391 839 485 905 nisus
511 840 616 906 etiam
636 862 669 905 v.
696 845 736 906 13
760 862 845 907 voce
868 839 1127 925 tantummode,
1156 862 1216 908 seu
1232 843 1391 931 profecto
1419 840 1610 929 (saetarum

230 997 232 1004 .
276 967 389 1012 meum
406 944 596 1030 custodite),
613 944 746 1013 censuit
754 944 843 1012 illud
853 952 959 1014 [teum
974 945 1166 1029 inculcare,
1181 947 1264 1014 dum
1278 946 1431 1038 reliquae
1447 947 1543 1033 leges
1554 969 1610 1014 ce·
1701 1007 1704 1016 .

275 1052 480 1120 remoniales
494 1052 718 1119 obstricturae
731 1058 842 1119 essent
856 1052 1027 1120 Hebraeos
1038 1053 1178 1120 nonnisi
1190 1061 1268 1143 post
1281 1058 1393 1121 terrae
1405 1060 1543 1121 sanctae
1557 1052 1611 1119 in-

276 1180 443 1246 gressum,
457 1158 571 1245 legem
582 1158 715 1225 sabbati
726 1159 978 1226 observandam
989 1160 1091 1228 luisse
1105 1159 1161 1226 vel
1175 1160 1212 1226 in
1224 1160 1369 1227 deserto.
1385 1164 1509 1227 Verum
1522 1159 1609 1226 duae

273 1265 339 1332 hae
352 1264 595 1354 explicationes
612 1269 646 1332 et
664 1264 878 1353 effinguntur
895 1266 1067 1351 gratuito,
1084 1288 1197 1356 neque
1210 1266 1424 1334 satisfaciunt
1439 1266 1610 1332 contextui

274 1377 354 1455 352
368 1394 434 1461 sq,
459 1370 522 1438 ubi
538 1376 665 1457 lloyses
683 1376 760 1439 acta
780 1394 857 1438 cum
874 1377 942 1439 Deo
957 1372 1088 1461 populo
1104 1372 1275 1439 relaturus
1290 1372 1424 1439 orditur
1438 1372 1483 1439 ab
1497 1370 1610 1439 incul-

275 1478 384 1546 cando
397 1477 539 1545 sabbato
561 1497 653 1544 :non
677 1484 727 1545 est
744 1478 830 1545 haec
850 1501 931 1546 sane
947 1478 1092 1546 monitio
1111 1477 1156 1545 ad
1173 1479 1321 1546 artifices
1336 1478 1482 1563 directa,
1498 1501 1610 1568 neque

273 1584 493 1653 corollarium
516 1583 694 1652 variarum
718 1584 836 1671 legum
861 1584 1109 1673 obligationem
1127 1585 1307 1653 deliniens.
1332 1584 1472 1653 Sabbati
1496 1585 1610 1653 lexin

274 1690 368 1759 cultu
389 1692 538 1758 mosaico
558 1698 609 1758 est
627 1714 681 1758 res
702 1692 845 1758 omnino
863 1691 1042 1783 primaria.
1064 1689 1207 1759 Sabbati
1229 1691 1444 1759 sanctitatem
1464 1696 1551 1759 lleus
1573 1691 1611 1757 in

273 1798 433 1888 paradiso
454 1798 665 1879 instituerat,
690 1820 763 1865 non
784 1802 902 1865 tamen
917 1798 996 1884 lege
1015 1805 1257 1889 praeceperat,
1279 1798 1370 1866 unde
1391 1798 1607 1879 factumest,

272 1908 311 1972 ut
325 1926 410 1991 gens
431 1903 572 1971 visulla
592 1903 774 1971 sabbatum
789 1904 998 1973 observaret.
1019 1905 1101 1991 Legi
1115 1903 1248 1971 sabbati
1262 1903 1356 1994 apud
1375 1904 1518 1971 ludaeos
1530 1926 1611 1971 san-

273 2010 416 2078 ciendae
446 2009 672 2100 praeludebat
698 2016 785 2078 Deus
815 2018 933 2095 to,23;
964 2032 1041 2079 eam
1070 2011 1270 2079 instituebat
1296 2016 1393 2094 eo,8;
1414 2008 1610 2078 inculcabat

272 2118 561 2197 2³,12etiterum
575 2117 611 2183 h.
626 2117 651 2184 l.
670 2122 736 2184 Lex
750 2116 884 2187 sabbati
900 2116 1060 2185 servandi
1074 2117 1112 2183 in
1123 2123 1195 2184 toto
1210 2116 1377 2204 decalogo
1397 2122 1446 2183 est
1469 2117 1610 2184 sanctis-

272 2223 377 2299 sima,
397 2222 584 2309 decalogus
603 2229 654 2289 est
673 2223 828 2289 omnium
853 2224 973 2311 legum
995 2223 1098 2311 lloysi
1120 2222 1278 2291 datarum
1306 2224 1547 2305 summarium,
1570 2230 1608 2291 ut

272 2335 367 2418 patet
380 2328 549 2418 imprimis
567 2329 604 2397 h.
630 2328 654 2395 l.
677 2329 766 2396 datis
780 2331 882 2417 lloysi
897 2354 930 2397 v.
953 2336 993 2397 18
1008 2329 1141 2397 duabus
1161 2330 1281 2397 decem
1301 2329 1542 2398 mandatorum
1557 2336 1608 2397 ta·

272 2435 373 2503 bulis.
397 2441 619 2517 20,22-23,19
641 2457 713 2501 non
730 2441 809 2501 sunt
823 2435 890 2502 nisi
909 2435 1173 2525 quorumdame
1193 2436 1313 2504 decem
1334 2435 1504 2504 mandatis
1519 2436 1608 2503 ulte-

271 2542 378 2609 riores
392 2541 651 2632 erplieationeS,
676 2548 851 2631 questum
871 2546 959 2609 [teus
977 2548 1187 2631 opportunas
1203 2544 1257 2609 vel
1277 2543 1381 2610 etiam
1401 2543 1608 2610 necessarias

269 2670 339 2715 esse
354 2646 539 2715 iudicabat.
554 2654 752 2732 25‚1-31,1n
763 2648 895 2715 cultum
906 2647 1043 2731 evolvit,
1061 2649 1157 2716 cuius
1167 2649 1265 2716 radix
1277 2655 1311 2717 et
1325 2671 1461 2717 summa
1472 2648 1607 2716 sabbati

269 2754 324 2823 lex
351 2755 389 2821 in
415 2754 578 2841 decalogo
605 2755 763 2822 habetur.
786 2760 855 2822 lam
876 2761 979 2837 31,18
1001 2760 1086 2822 Deus
1105 2755 1239 2823 tabulas
1260 2754 1363 2843 lloysi
1387 2777 1608 2823 concessurus

269 2866 446 2950 tamquam
454 2860 601 2928 foederis
615 2859 858 2929 documentum
872 2883 939 2927 ase
947 2863 1138 2952 profectum
1153 2861 1407 2948 irrefragabile,
1425 2885 1458 2928 v.
1476 2868 1514 2928 13
1527 2884 1602 2952 sqq.

266 2968 433 3051 inculcat,
453 2966 626 3056 quodnam
643 2967 802 3057 obsequii
825 2990 937 3054 genus
952 2990 970 3034 e
985 2969 1119 3052 multis,
1147 2991 1236 3058 quae
1256 2968 1447 3058 praeceptis
1468 2969 1602 3058 populo

268 3076 494 3163 imposuerat,
511 3079 689 3163 tamquam
703 3073 918 3162 potissimum
933 3075 1078 3142 foederis
1096 3080 1342 3161 argumentum
1356 3097 1378 3141 a
1392 3074 1524 3165 populo
1539 3074 1605 3141 sibi

269 3182 438 3269 praestari
451 3180 639 3269 expostulet
657 3200 664 3247 :
683 3184 732 3247 est
746 3179 835 3245 illud
848 3180 983 3248 sabbati
997 3180 1202 3249 observatio.
1347 3248 1353 3259 ,

313 3308 345 3352 v.
363 3292 404 3353 12
418 3314 434 3347 «
447 3288 491 3351 Et
508 3285 641 3352 loeutus
655 3298 704 3351 est
717 3286 885 3353 Dominus
901 3286 948 3354 ad
960 3290 1101 3377 Moysen
1115 3287 1230 3353 dicens
1247 3315 1263 3347 s
1281 3308 1294 3353 :
1308 3310 1340 3355 v.
1361 3292 1401 3353 13
1421 3316 1436 3349 α
1453 3290 1605 3377 Loquere

266 3392 354 3482 filiis
370 3392 491 3475 lsrael,
509 3404 540 3459 et
559 3392 651 3458 dices
673 3392 818 3459 culeos:
840 3392 973 3481 Videte,
994 3406 1033 3460 ut
1054 3396 1233 3461 sabbatum
1252 3414 1366 3461 necem
1381 3394 1603 3478 custodietis,

269 3499 353 3589 quie
370 3500 511 3587 signnm
525 3512 572 3564 est
587 3499 675 3565 inter
696 3521 749 3565 me
772 3512 805 3565 et
826 3523 884 3566 vos
905 3500 942 3566 c'n
960 3500 1240 3589 generationibus
1263 3502 1400 3581 cestris,
1416 3501 1600 3587 etaetatis,

269 3606 353 3696 qnia
367 3627 430 3693 eqo
452 3605 616 3671 Dominus
625 3658 636 3690 ,
653 3605 716 3695 qui
736 3606 912 3695 serretifico
932 3629 990 3673 cos
1005 3634 1035 3673 ».
1053 3606 1161 3674 Verba
1176 3606 1302 3697 repetit
1314 3612 1369 3675 ΕΖ.
1387 3613 1501 3689 11112.
1518 3606 1604 3674 Sab-

268 3712 339 3779 bati
353 3712 392 3778 in
411 3710 570 3801 paradiso
583 3712 806 3779 sanctificatio
824 3712 894 3779 dici
908 3712 1021 3803 potuit
1033 3713 1171 3800 signum
1189 3714 1279 3780 inter
1297 3717 1402 3781 Deum
1418 3735 1603 3802 omnesque

268 3826 404 3908 gentes;
429 3817 610 3885 sabbatum
639 3840 719 3885 vero
744 3818 820 3905 lege
846 3818 883 3885 in
909 3819 1001 3886 Sinai
1028 3824 1250 3910 praeceptum
1275 3820 1414 3907 signum
1442 3826 1491 3887 est
1514 3820 1604 3887 inter

270 3931 375 3994 Deum
399 3924 580 4013 solumque
596 3924 764 4014 populum
782 3925 932 3992 electum
956 3948 964 3994 :
981 3925 1120 4013 signum
1140 3932 1189 3993 est
1205 3931 1310 3993 Deum
1324 3948 1394 3993 esse
1410 3926 1530 4007 lehre,
1546 3948 1602 3993 eo·

270 4056 337 4123 que
353 4032 494 4099 nomine
512 4029 694 4119 specialius
712 4032 844 4099 Israelis
865 4036 991 4113 Deum;
1009 4031 1146 4117 signum
1164 4038 1215 4099 est
1237 4032 1405 4101 Israelitas
1422 4032 1602 4122 specialius

268 4138 440 4227 pertinere
458 4136 504 4204 ad
518 4142 641 4221 Deum,
661 4160 740 4205 cum
764 4137 902 4205 sabbati
928 4137 1166 4205 observatione
1188 4162 1208 4206 a
1228 4138 1347 4206 ceteris
1362 4136 1523 4225 gentibus
1535 4137 1602 4205 dis-

268 4250 455 4312 cernantur
470 4242 638 4333 (Bonsr.),
659 4268 679 4312 a
699 4244 842 4335 reliquis
863 4244 1028 4330 gentibus
1046 4267 1115 4312 esse
1135 4252 1336 4333 segregatos
1353 4244 1478 4335 (Sylc.)
1493 4268 1601 4335 eoque

269 4351 409 4418 nomine
431 4350 668 4419 sanctificatos.
688 4349 1018 4429 «Quemadmodum
1042 4352 1133 4417 enim
1156 4358 1260 4420 notae
1280 4372 1404 4439 greges
1423 4358 1456 4419 et
1476 4374 1600 4442 pecora

269 4457 468 4545 designant,
486 4457 635 4544 sicleges
647 4458 790 4526 eximiae
802 4458 840 4525 in
855 4456 1088 4524 Hebraeorum
1102 4458 1282 4548 republica
1296 4481 1353 4525 eos
1367 4458 1599 4545 segregabant

267 4570 301 4632 et
317 4563 506 4651 legislatori
519 4563 706 4637 adhaerere
718 4563 887 4633 docebant
906 4591 922 4626 n
939 4561 1180 4654 (Theodora).
1192 4589 1225 4633 v.
1247 4572 1287 4634 ll
1305 4592 1322 4626 «
1340 4564 1599 4633 Custoditeseb-

267 4669 383 4737 belcam
406 4692 535 4755 tracum,
559 4684 716 4738 sanctem
739 4684 787 4739 est
806 4671 899 4737 enim
923 4671 1015 4736 vobis
1036 4699 1052 4732 a
1067 4722 1074 4753 ,
1092 4672 1173 4761 quia
1188 4694 1252 4759 ego
1268 4694 1331 4761 pro
1355 4671 1452 4739 vobis
1475 4694 1495 4737 a
1515 4670 1596 4737 reli-

266 4777 342 4867 quis
361 4776 481 4845 diebus
508 4776 597 4845 illud
622 4778 813 4867 segregavi.
841 4806 856 4839 «
881 4776 949 4858 Qui
963 4776 1130 4866 polluerit
1150 4777 1241 4846 illud
1244 4832 1255 4867 ,
1282 4790 1389 4845 rnorle
1412 4778 1597 4863 mor-ictum
