<?xml version="1.0" encoding="UTF-8"?>
<!DOCTYPE html PUBLIC "-//W3C//DTD XHTML 1.0 Transitional//EN"
    "http://www.w3.org/TR/xhtml1/DTD/xhtml1-transitional.dtd">
<html xmlns="http://www.w3.org/1999/xhtml" xml:lang="en" lang="en">
 <head>
  <title>
</title>
<meta http-equiv="Content-Type" content="text/html;charset=utf-8" />
  <meta name='ocr-system' content='tesseract 3.04.00' />
  <meta name='ocr-capabilities' content='ocr_page ocr_carea ocr_par ocr_line ocrx_word'/>
</head>
<body>
  <div class='ocr_page' id='page_1' title='image "./commentariusine00hummgoog_0246.png"; bbox 0 0 3534 5384; ppageno 0'>
   <div class='ocr_carea' id='block_1_1' title="bbox 701 373 1492 446">
    <p class='ocr_par' dir='ltr' id='par_1_1' title="bbox 701 373 1492 446">
     <span class='ocr_line' id='line_1_1' title="bbox 701 373 1492 446; baseline 0.006 -15"><span class='ocrx_word' id='word_1_1' title='bbox 701 388 751 433; x_wconf 84' lang='lat' dir='ltr'>nx.</span> <span class='ocrx_word' id='word_1_2' title='bbox 775 373 867 446; x_wconf 73' lang='grc'><strong>2225</strong></span> <span class='ocrx_word' id='word_1_3' title='bbox 888 389 952 441; x_wconf 85' lang='lat' dir='ltr'>suo.</span> <span class='ocrx_word' id='word_1_4' title='bbox 1435 376 1492 436; x_wconf 79' lang='grc'><strong>235</strong></span> 
     </span>
    </p>
   </div>
   <div class='ocr_carea' id='block_1_2' title="bbox 160 517 1495 930">
    <p class='ocr_par' dir='ltr' id='par_1_2' title="bbox 160 517 1495 930">
     <span class='ocr_line' id='line_1_2' title="bbox 160 517 1495 613; baseline 0.003 -27"><span class='ocrx_word' id='word_1_5' title='bbox 160 523 220 607; x_wconf 84' lang='lat' dir='ltr'>get</span> <span class='ocrx_word' id='word_1_6' title='bbox 239 541 310 586; x_wconf 90' lang='lat' dir='ltr'>non</span> <span class='ocrx_word' id='word_1_7' title='bbox 331 518 375 585; x_wconf 92' lang='lat' dir='ltr'>ob</span> <span class='ocrx_word' id='word_1_8' title='bbox 395 517 616 609; x_wconf 75' lang='lat' dir='ltr'>pudicitiam,</span> <span class='ocrx_word' id='word_1_9' title='bbox 637 520 744 588; x_wconf 88' lang='lat' dir='ltr'>habet</span> <span class='ocrx_word' id='word_1_10' title='bbox 763 521 856 590; x_wconf 90' lang='lat' dir='ltr'>enim</span> <span class='ocrx_word' id='word_1_11' title='bbox 880 526 1009 589; x_wconf 90' lang='lat' dir='ltr'>vestem</span> <span class='ocrx_word' id='word_1_12' title='bbox 1032 519 1251 603; x_wconf 88' lang='lat' dir='ltr'>interiorem,</span> <span class='ocrx_word' id='word_1_13' title='bbox 1271 521 1330 588; x_wconf 92' lang='lat' dir='ltr'>sed</span> <span class='ocrx_word' id='word_1_14' title='bbox 1353 528 1495 613; x_wconf 88' lang='lat' dir='ltr'>propter</span> 
     </span>
     <span class='ocr_line' id='line_1_3' title="bbox 160 625 1491 718; baseline 0.002 -25"><span class='ocrx_word' id='word_1_15' title='bbox 160 625 364 694; x_wconf 78' lang='lat' dir='ltr'>decentiam.</span> <span class='ocrx_word' id='word_1_16' title='bbox 386 655 401 687; x_wconf 91' lang='lat'>«</span> <span class='ocrx_word' id='word_1_17' title='bbox 418 625 459 692; x_wconf 88' lang='lat' dir='ltr'>Si</span> <span class='ocrx_word' id='word_1_18' title='bbox 477 626 676 694; x_wconf 78' lang='lat' dir='ltr'>clamaverit</span> <span class='ocrx_word' id='word_1_19' title='bbox 687 627 736 694; x_wconf 85' lang='lat' dir='ltr'>od</span> <span class='ocrx_word' id='word_1_20' title='bbox 748 651 801 694; x_wconf 85' lang='lat' dir='ltr'>me</span> <span class='ocrx_word' id='word_1_21' title='bbox 819 656 836 690; x_wconf 88' lang='lat'>»</span> <span class='ocrx_word' id='word_1_22' title='bbox 854 628 960 718; x_wconf 91' lang='lat' dir='ltr'>pallio</span> <span class='ocrx_word' id='word_1_23' title='bbox 972 627 1142 718; x_wconf 79' lang='lat' dir='ltr'>privatur,</span> <span class='ocrx_word' id='word_1_24' title='bbox 1162 653 1179 687; x_wconf 88' lang='lat'>«</span> <span class='ocrx_word' id='word_1_25' title='bbox 1196 627 1382 695; x_wconf 76' lang='lat' dir='ltr'>eoorrdioot</span> <span class='ocrx_word' id='word_1_26' title='bbox 1397 651 1491 716; x_wconf 77' lang='lat' dir='ltr'>eorm,</span> 
     </span>
     <span class='ocr_line' id='line_1_4' title="bbox 162 730 1493 822; baseline 0.002 -22"><span class='ocrx_word' id='word_1_27' title='bbox 162 732 247 822; x_wconf 79' lang='lat' dir='ltr'>quio</span> <span class='ocrx_word' id='word_1_28' title='bbox 272 730 465 800; x_wconf 78' lang='lat' dir='ltr'>misericors</span> <span class='ocrx_word' id='word_1_29' title='bbox 487 755 566 800; x_wconf 83' lang='lat' dir='ltr'>sum</span> <span class='ocrx_word' id='word_1_30' title='bbox 590 761 621 800; x_wconf 92' lang='lat'>».</span> <span class='ocrx_word' id='word_1_31' title='bbox 649 735 782 802; x_wconf 82' lang='lat' dir='ltr'>Clamat</span> <span class='ocrx_word' id='word_1_32' title='bbox 803 733 878 817; x_wconf 91' lang='lat' dir='ltr'>hic,</span> <span class='ocrx_word' id='word_1_33' title='bbox 907 733 958 801; x_wconf 89' lang='lat' dir='ltr'>uti</span> <span class='ocrx_word' id='word_1_34' title='bbox 986 733 1046 800; x_wconf 90' lang='lat' dir='ltr'>alii</span> <span class='ocrx_word' id='word_1_35' title='bbox 1071 757 1104 799; x_wconf 92' lang='lat' dir='ltr'>v.</span> <span class='ocrx_word' id='word_1_36' title='bbox 1134 739 1175 799; x_wconf 90' lang='grc'><strong>23</strong></span> <span class='ocrx_word' id='word_1_37' title='bbox 1201 733 1493 818; x_wconf 77' lang='lat' dir='ltr'>vociferabantur,</span> 
     </span>
     <span class='ocr_line' id='line_1_5' title="bbox 161 839 872 930; baseline 0.003 -25"><span class='ocrx_word' id='word_1_38' title='bbox 161 845 410 929; x_wconf 81' lang='lat' dir='ltr'>conquerentes</span> <span class='ocrx_word' id='word_1_39' title='bbox 429 839 472 906; x_wconf 89' lang='lat' dir='ltr'>de</span> <span class='ocrx_word' id='word_1_40' title='bbox 491 839 616 908; x_wconf 79' lang='lat' dir='ltr'>duritie</span> <span class='ocrx_word' id='word_1_41' title='bbox 628 839 872 930; x_wconf 79' lang='lat' dir='ltr'>pigneratoris.</span> 
     </span>
    </p>
   </div>
   <div class='ocr_carea' id='block_1_3' title="bbox 161 1001 1498 1424">
    <p class='ocr_par' dir='ltr' id='par_1_3' title="bbox 161 1001 1498 1424">
     <span class='ocr_line' id='line_1_6' title="bbox 199 1001 1496 1070; baseline 0.003 -18"><span class='ocrx_word' id='word_1_42' title='bbox 199 1001 420 1054; x_wconf 78' lang='lat' dir='ltr'>Admirationem</span> <span class='ocrx_word' id='word_1_43' title='bbox 431 1015 459 1052; x_wconf 86' lang='lat' dir='ltr'>v.</span> <span class='ocrx_word' id='word_1_44' title='bbox 476 1001 509 1052; x_wconf 81' lang='grc'><strong>25</strong></span> <span class='ocrx_word' id='word_1_45' title='bbox 525 1002 592 1054; x_wconf 87' lang='lat' dir='ltr'>iacit</span> <span class='ocrx_word' id='word_1_46' title='bbox 604 1008 663 1063; x_wconf 68' lang='lat' dir='ltr'>ini</span> <span class='ocrx_word' id='word_1_47' title='bbox 676 1011 731 1064; x_wconf 69' lang='lat' dir='ltr'>itti,</span> <span class='ocrx_word' id='word_1_48' title='bbox 747 1016 811 1055; x_wconf 86' lang='lat' dir='ltr'>cum</span> <span class='ocrx_word' id='word_1_49' title='bbox 825 1016 917 1068; x_wconf 88' lang='lat' dir='ltr'>neque</span> <span class='ocrx_word' id='word_1_50' title='bbox 932 1003 1053 1068; x_wconf 84' lang='lat' dir='ltr'>populus</span> <span class='ocrx_word' id='word_1_51' title='bbox 1068 1015 1175 1068; x_wconf 84' lang='lat' dir='ltr'>pauper</span> <span class='ocrx_word' id='word_1_52' title='bbox 1188 1002 1299 1054; x_wconf 88' lang='lat' dir='ltr'>iuturus</span> <span class='ocrx_word' id='word_1_53' title='bbox 1314 1016 1376 1055; x_wconf 86' lang='lat' dir='ltr'>esse</span> <span class='ocrx_word' id='word_1_54' title='bbox 1391 1017 1496 1070; x_wconf 85' lang='lat' dir='ltr'>suppo-</span> 
     </span>
     <span class='ocr_line' id='line_1_7' title="bbox 162 1089 1498 1172; baseline 0.001 -30"><span class='ocrx_word' id='word_1_55' title='bbox 162 1093 255 1152; x_wconf 87' lang='lat' dir='ltr'>natur,</span> <span class='ocrx_word' id='word_1_56' title='bbox 271 1104 363 1155; x_wconf 87' lang='lat' dir='ltr'>neque</span> <span class='ocrx_word' id='word_1_57' title='bbox 382 1089 499 1158; x_wconf 85' lang='lat' dir='ltr'>quadret</span> <span class='ocrx_word' id='word_1_58' title='bbox 517 1105 639 1156; x_wconf 85' lang='lat' dir='ltr'>sequens</span> <span class='ocrx_word' id='word_1_59' title='bbox 653 1097 722 1172; x_wconf 64' lang='lat'>&#39;¹129</span> <span class='ocrx_word' id='word_1_60' title='bbox 737 1105 744 1142; x_wconf 75' lang='grc' dir='ltr'><strong><em>ε</em></strong></span> <span class='ocrx_word' id='word_1_61' title='bbox 760 1093 903 1158; x_wconf 91' lang='lat' dir='ltr'>quomodo</span> <span class='ocrx_word' id='word_1_62' title='bbox 923 1093 998 1142; x_wconf 87' lang='lat' dir='ltr'>enim</span> <span class='ocrx_word' id='word_1_63' title='bbox 1020 1096 1147 1143; x_wconf 87' lang='lat' dir='ltr'>mutuum</span> <span class='ocrx_word' id='word_1_64' title='bbox 1170 1093 1240 1142; x_wconf 84' lang='lat' dir='ltr'>dans</span> <span class='ocrx_word' id='word_1_65' title='bbox 1261 1105 1292 1144; x_wconf 85' lang='lat' dir='ltr'>se</span> <span class='ocrx_word' id='word_1_66' title='bbox 1318 1093 1459 1144; x_wconf 88' lang='lat' dir='ltr'>discernat</span> <span class='ocrx_word' id='word_1_67' title='bbox 1480 1107 1498 1144; x_wconf 90' lang='lat' dir='ltr'>a</span> 
     </span>
     <span class='ocr_line' id='line_1_8' title="bbox 163 1179 1497 1246; baseline 0.001 -15"><span class='ocrx_word' id='word_1_68' title='bbox 163 1180 272 1244; x_wconf 87' lang='lat' dir='ltr'>reliquo</span> <span class='ocrx_word' id='word_1_69' title='bbox 291 1180 417 1244; x_wconf 80' lang='lat' dir='ltr'>populo?</span> <span class='ocrx_word' id='word_1_70' title='bbox 431 1179 526 1230; x_wconf 86' lang='lat' dir='ltr'>cbotd.</span> <span class='ocrx_word' id='word_1_71' title='bbox 547 1181 611 1244; x_wconf 71' lang='lat' dir='ltr'>sor.</span> <span class='ocrx_word' id='word_1_72' title='bbox 625 1183 787 1244; x_wconf 80' lang='lat' dir='ltr'>explicant:</span> <span class='ocrx_word' id='word_1_73' title='bbox 808 1183 841 1231; x_wconf 83' lang='lat' dir='ltr'>ta</span> <span class='ocrx_word' id='word_1_74' title='bbox 857 1181 959 1246; x_wconf 81' lang='lat' dir='ltr'>populo</span> <span class='ocrx_word' id='word_1_75' title='bbox 980 1195 1051 1242; x_wconf 83' lang='lat' dir='ltr'>meo,</span> <span class='ocrx_word' id='word_1_76' title='bbox 1068 1182 1195 1246; x_wconf 77' lang='lat' dir='ltr'>paupert.</span> <span class='ocrx_word' id='word_1_77' title='bbox 1218 1181 1349 1232; x_wconf 81' lang='lat' dir='ltr'>Fortasse</span> <span class='ocrx_word' id='word_1_78' title='bbox 1372 1183 1497 1246; x_wconf 82' lang='lat' dir='ltr'>genuina</span> 
     </span>
     <span class='ocr_line' id='line_1_9' title="bbox 161 1269 1496 1354; baseline 0.001 -35"><span class='ocrx_word' id='word_1_79' title='bbox 161 1270 204 1319; x_wconf 84' lang='lat' dir='ltr'>eat</span> <span class='ocrx_word' id='word_1_80' title='bbox 218 1269 300 1320; x_wconf 90' lang='lat' dir='ltr'>lectio</span> <span class='ocrx_word' id='word_1_81' title='bbox 313 1270 377 1318; x_wconf 73' lang='lat' dir='ltr'>til</span> <span class='ocrx_word' id='word_1_82' title='bbox 386 1275 516 1349; x_wconf 52' lang='lat' dir='ltr'>querna.</span> <span class='ocrx_word' id='word_1_83' title='bbox 528 1269 647 1322; x_wconf 89' lang='lat' dir='ltr'>-Item</span> <span class='ocrx_word' id='word_1_84' title='bbox 661 1270 747 1321; x_wconf 89' lang='lat' dir='ltr'>habet</span> <span class='ocrx_word' id='word_1_85' title='bbox 761 1269 977 1320; x_wconf 79' lang='lat' dir='ltr'>admirationem</span> <span class='ocrx_word' id='word_1_86' title='bbox 990 1269 1108 1334; x_wconf 85' lang='lat' dir='ltr'>pluralia</span> <span class='ocrx_word' id='word_1_87' title='bbox 1116 1275 1234 1354; x_wconf 62' lang='lat' dir='ltr'>qimam</span> <span class='ocrx_word' id='word_1_88' title='bbox 1247 1272 1311 1334; x_wconf 89' lang='lat' dir='ltr'>post</span> <span class='ocrx_word' id='word_1_89' title='bbox 1324 1269 1496 1334; x_wconf 79' lang='lat' dir='ltr'>singularem</span> 
     </span>
     <span class='ocr_line' id='line_1_10' title="bbox 162 1357 1493 1424; baseline -0.005 -10"><span class='ocrx_word' id='word_1_90' title='bbox 162 1357 340 1420; x_wconf 71' lang='lat' dir='ltr'>:tranando</span> <span class='ocrx_word' id='word_1_91' title='bbox 353 1358 634 1422; x_wconf 85' lang='lat' dir='ltr'>quidamconiiciunt,</span> <span class='ocrx_word' id='word_1_92' title='bbox 650 1359 781 1409; x_wconf 83' lang='lat' dir='ltr'>ultimum</span> <span class='ocrx_word' id='word_1_93' title='bbox 795 1359 914 1409; x_wconf 88' lang='lat' dir='ltr'>incisum</span> <span class='ocrx_word' id='word_1_94' title='bbox 925 1371 987 1410; x_wconf 89' lang='lat' dir='ltr'>esse</span> <span class='ocrx_word' id='word_1_95' title='bbox 999 1359 1280 1424; x_wconf 82' lang='lat' dir='ltr'>interpretamentum</span> <span class='ocrx_word' id='word_1_96' title='bbox 1289 1358 1493 1424; x_wconf 88' lang='lat' dir='ltr'>praecedentis.</span> 
     </span>
    </p>
   </div>
   <div class='ocr_carea' id='block_1_4' title="bbox 528 1553 1129 1618">
    <p class='ocr_par' dir='ltr' id='par_1_4' title="bbox 528 1553 1129 1618">
     <span class='ocr_line' id='line_1_11' title="bbox 528 1553 1129 1618; baseline 0.002 -16"><span class='ocrx_word' id='word_1_97' title='bbox 528 1555 556 1602; x_wconf 88' lang='lat' dir='ltr'>h.</span> <span class='ocrx_word' id='word_1_98' title='bbox 573 1553 690 1605; x_wconf 84' lang='lat' dir='ltr'>Novella</span> <span class='ocrx_word' id='word_1_99' title='bbox 700 1553 736 1604; x_wconf 88' lang='lat' dir='ltr'>de</span> <span class='ocrx_word' id='word_1_100' title='bbox 748 1553 957 1618; x_wconf 85' lang='lat' dir='ltr'>magistratibus</span> <span class='ocrx_word' id='word_1_101' title='bbox 970 1559 1021 1604; x_wconf 81' lang='lat' dir='ltr'>Ex.</span> <span class='ocrx_word' id='word_1_102' title='bbox 1038 1553 1129 1614; x_wconf 65' lang='grc'><strong>2223.</strong></span> 
     </span>
    </p>
   </div>
   <div class='ocr_carea' id='block_1_5' title="bbox 162 1718 1499 3298">
    <p class='ocr_par' dir='ltr' id='par_1_5' title="bbox 162 1718 1496 1915">
     <span class='ocr_line' id='line_1_12' title="bbox 206 1718 1496 1809; baseline 0.002 -25"><span class='ocrx_word' id='word_1_103' title='bbox 206 1721 289 1808; x_wconf 76' lang='lat' dir='ltr'>Arq.</span> <span class='ocrx_word' id='word_1_104' title='bbox 312 1757 355 1768; x_wconf 89' lang='lat'><em>-</em></span> <span class='ocrx_word' id='word_1_105' title='bbox 369 1718 621 1806; x_wconf 78' lang='lat' dir='ltr'>Magistratibus</span> <span class='ocrx_word' id='word_1_106' title='bbox 637 1719 731 1787; x_wconf 89' lang='lat' dir='ltr'>haud</span> <span class='ocrx_word' id='word_1_107' title='bbox 745 1720 889 1809; x_wconf 92' lang='lat' dir='ltr'>impune</span> <span class='ocrx_word' id='word_1_108' title='bbox 899 1718 1097 1786; x_wconf 85' lang='lat' dir='ltr'>obedientia</span> <span class='ocrx_word' id='word_1_109' title='bbox 1111 1721 1270 1807; x_wconf 85' lang='lat' dir='ltr'>negatur,</span> <span class='ocrx_word' id='word_1_110' title='bbox 1291 1723 1328 1786; x_wconf 90' lang='lat' dir='ltr'>at</span> <span class='ocrx_word' id='word_1_111' title='bbox 1341 1721 1422 1787; x_wconf 88' lang='lat' dir='ltr'>satis</span> <span class='ocrx_word' id='word_1_112' title='bbox 1434 1719 1496 1786; x_wconf 93' lang='lat' dir='ltr'>im-</span> 
     </span>
     <span class='ocr_line' id='line_1_13' title="bbox 162 1824 1379 1915; baseline 0.002 -23"><span class='ocrx_word' id='word_1_113' title='bbox 162 1847 253 1915; x_wconf 91' lang='lat' dir='ltr'>punc</span> <span class='ocrx_word' id='word_1_114' title='bbox 269 1825 424 1892; x_wconf 86' lang='lat' dir='ltr'>convicia</span> <span class='ocrx_word' id='word_1_115' title='bbox 437 1825 475 1891; x_wconf 90' lang='lat' dir='ltr'>in</span> <span class='ocrx_word' id='word_1_116' title='bbox 489 1825 567 1892; x_wconf 91' lang='lat' dir='ltr'>illos</span> <span class='ocrx_word' id='word_1_117' title='bbox 586 1841 832 1912; x_wconf 82' lang='lat' dir='ltr'>congeruntur.</span> <span class='ocrx_word' id='word_1_118' title='bbox 849 1831 941 1904; x_wconf 81' lang='lat' dir='ltr'>Quae</span> <span class='ocrx_word' id='word_1_119' title='bbox 961 1825 1027 1893; x_wconf 86' lang='lat' dir='ltr'>hae</span> <span class='ocrx_word' id='word_1_120' title='bbox 1042 1825 1122 1912; x_wconf 82' lang='lat' dir='ltr'>lege</span> <span class='ocrx_word' id='word_1_121' title='bbox 1136 1824 1379 1914; x_wconf 88' lang='lat' dir='ltr'>prohibentur.</span> 
     </span>
    </p>

    <p class='ocr_par' dir='ltr' id='par_1_6' title="bbox 162 1930 1499 3298">
     <span class='ocr_line' id='line_1_14' title="bbox 207 1930 1496 2022; baseline 0 -24"><span class='ocrx_word' id='word_1_122' title='bbox 207 1955 240 1998; x_wconf 86' lang='lat' dir='ltr'>v.</span> <span class='ocrx_word' id='word_1_123' title='bbox 257 1937 300 1999; x_wconf 87' lang='grc'><strong>28</strong></span> <span class='ocrx_word' id='word_1_124' title='bbox 319 1931 422 1998; x_wconf 86' lang='lat' dir='ltr'>«Diis</span> <span class='ocrx_word' id='word_1_125' title='bbox 446 1955 516 1998; x_wconf 80' lang='lat' dir='ltr'>noo</span> <span class='ocrx_word' id='word_1_126' title='bbox 536 1930 691 1999; x_wconf 74' lang='lat' dir='ltr'>(latratos</span> <span class='ocrx_word' id='word_1_127' title='bbox 709 1945 741 1999; x_wconf 84' lang='lat' dir='ltr'>ei</span> <span class='ocrx_word' id='word_1_128' title='bbox 765 1959 782 1993; x_wconf 84' lang='lat' dir='ltr'>n</span> <span class='ocrx_word' id='word_1_129' title='bbox 802 1970 847 1982; x_wconf 92' lang='lat'>-</span> <span class='ocrx_word' id='word_1_130' title='bbox 866 1931 991 2022; x_wconf 88' lang='lat' dir='ltr'>prioris</span> <span class='ocrx_word' id='word_1_131' title='bbox 1017 1931 1166 1999; x_wconf 88' lang='lat' dir='ltr'>membri</span> <span class='ocrx_word' id='word_1_132' title='bbox 1189 1931 1371 1998; x_wconf 91' lang='lat' dir='ltr'>subiicitur</span> <span class='ocrx_word' id='word_1_133' title='bbox 1390 1932 1496 2022; x_wconf 82' lang='lat' dir='ltr'>expli-</span> 
     </span>
     <span class='ocr_line' id='line_1_15' title="bbox 164 2037 1496 2130; baseline 0.002 -26"><span class='ocrx_word' id='word_1_134' title='bbox 164 2038 251 2105; x_wconf 86' lang='lat' dir='ltr'>catio</span> <span class='ocrx_word' id='word_1_135' title='bbox 268 2037 421 2127; x_wconf 78' lang='lat' dir='ltr'>(Boofr.)</span> <span class='ocrx_word' id='word_1_136' title='bbox 436 2077 481 2089; x_wconf 93' lang='lat'><strong>—</strong></span> <span class='ocrx_word' id='word_1_137' title='bbox 501 2065 516 2098; x_wconf 78' lang='grc' dir='ltr'>α</span> <span class='ocrx_word' id='word_1_138' title='bbox 535 2038 693 2127; x_wconf 77' lang='lat' dir='ltr'>principi</span> <span class='ocrx_word' id='word_1_139' title='bbox 711 2038 840 2130; x_wconf 80' lang='lat' dir='ltr'>populi</span> <span class='ocrx_word' id='word_1_140' title='bbox 863 2039 915 2104; x_wconf 83' lang='lat' dir='ltr'>tui</span> <span class='ocrx_word' id='word_1_141' title='bbox 937 2061 1007 2105; x_wconf 84' lang='lat' dir='ltr'>non</span> <span class='ocrx_word' id='word_1_142' title='bbox 1030 2037 1214 2106; x_wconf 73' lang='lat' dir='ltr'>stratediees</span> <span class='ocrx_word' id='word_1_143' title='bbox 1234 2066 1264 2105; x_wconf 79' lang='lat' dir='ltr'>n.</span> <span class='ocrx_word' id='word_1_144' title='bbox 1290 2040 1378 2105; x_wconf 85' lang='lat' dir='ltr'>LXX</span> <span class='ocrx_word' id='word_1_145' title='bbox 1398 2047 1496 2118; x_wconf 75' lang='grc' dir='ltr'><strong>θεούς.</strong></span> 
     </span>
     <span class='ocr_line' id='line_1_16' title="bbox 164 2142 1497 2235; baseline 0 -25"><span class='ocrx_word' id='word_1_146' title='bbox 164 2142 316 2211; x_wconf 75' lang='lat' dir='ltr'>Absurde</span> <span class='ocrx_word' id='word_1_147' title='bbox 331 2166 412 2211; x_wconf 90' lang='lat' dir='ltr'>vero</span> <span class='ocrx_word' id='word_1_148' title='bbox 435 2146 500 2211; x_wconf 90' lang='lat' dir='ltr'>los.</span> <span class='ocrx_word' id='word_1_149' title='bbox 523 2146 613 2233; x_wconf 81' lang='lat' dir='ltr'>(Ant.</span> <span class='ocrx_word' id='word_1_150' title='bbox 638 2149 688 2212; x_wconf 88' lang='lat' dir='ltr'>IV.</span> <span class='ocrx_word' id='word_1_151' title='bbox 713 2150 745 2211; x_wconf 89' lang='lat'>8.</span> <span class='ocrx_word' id='word_1_152' title='bbox 772 2152 830 2227; x_wconf 80' lang='lat'>1⁰3</span> <span class='ocrx_word' id='word_1_153' title='bbox 851 2167 881 2211; x_wconf 93' lang='grc'>0.</span> <span class='ocrx_word' id='word_1_154' title='bbox 904 2145 1027 2235; x_wconf 78' lang='lat' dir='ltr'>Apion.</span> <span class='ocrx_word' id='word_1_155' title='bbox 1051 2149 1105 2214; x_wconf 92' lang='grc'><strong>111.</strong></span> <span class='ocrx_word' id='word_1_156' title='bbox 1128 2144 1183 2232; x_wconf 88' lang='grc'>33)</span> <span class='ocrx_word' id='word_1_157' title='bbox 1198 2147 1231 2211; x_wconf 89' lang='grc'>01</span> <span class='ocrx_word' id='word_1_158' title='bbox 1247 2143 1345 2212; x_wconf 84' lang='grc' dir='ltr'><strong>Ρ11110</strong></span> <span class='ocrx_word' id='word_1_159' title='bbox 1361 2146 1419 2232; x_wconf 80' lang='lat' dir='ltr'>(ite</span> <span class='ocrx_word' id='word_1_160' title='bbox 1436 2149 1497 2210; x_wconf 85' lang='grc'><strong>110-</strong></span> 
     </span>
     <span class='ocr_line' id='line_1_17' title="bbox 163 2249 1496 2342; baseline -0.001 -25"><span class='ocrx_word' id='word_1_161' title='bbox 163 2249 283 2318; x_wconf 90' lang='lat' dir='ltr'>narch.</span> <span class='ocrx_word' id='word_1_162' title='bbox 301 2255 325 2317; x_wconf 96' lang='grc'>1.</span> <span class='ocrx_word' id='word_1_163' title='bbox 341 2258 373 2334; x_wconf 77' lang='grc'>7,</span> <span class='ocrx_word' id='word_1_164' title='bbox 386 2273 421 2340; x_wconf 93' lang='lat' dir='ltr'>p.</span> <span class='ocrx_word' id='word_1_165' title='bbox 447 2257 528 2330; x_wconf 72' lang='lat'>2193</span> <span class='ocrx_word' id='word_1_166' title='bbox 546 2256 592 2318; x_wconf 89' lang='lat' dir='ltr'>De</span> <span class='ocrx_word' id='word_1_167' title='bbox 606 2251 676 2317; x_wconf 88' lang='lat' dir='ltr'>vita</span> <span class='ocrx_word' id='word_1_168' title='bbox 689 2253 807 2338; x_wconf 79' lang='lat' dir='ltr'>Moysis</span> <span class='ocrx_word' id='word_1_169' title='bbox 817 2255 872 2318; x_wconf 92' lang='grc'><strong>111.</strong></span> <span class='ocrx_word' id='word_1_170' title='bbox 889 2257 945 2333; x_wconf 78' lang='grc'><strong>26,</strong></span> <span class='ocrx_word' id='word_1_171' title='bbox 963 2274 998 2342; x_wconf 85' lang='lat' dir='ltr'>p.</span> <span class='ocrx_word' id='word_1_172' title='bbox 1018 2251 1096 2340; x_wconf 84' lang='grc'><strong>166)</strong></span> <span class='ocrx_word' id='word_1_173' title='bbox 1112 2251 1145 2318; x_wconf 93' lang='lat' dir='ltr'>id</span> <span class='ocrx_word' id='word_1_174' title='bbox 1166 2252 1320 2317; x_wconf 84' lang='lat' dir='ltr'>referunt</span> <span class='ocrx_word' id='word_1_175' title='bbox 1335 2251 1379 2317; x_wconf 89' lang='lat' dir='ltr'>ad</span> <span class='ocrx_word' id='word_1_176' title='bbox 1394 2250 1496 2317; x_wconf 85' lang='lat' dir='ltr'>falsos</span> 
     </span>
     <span class='ocr_line' id='line_1_18' title="bbox 164 2355 1493 2447; baseline 0 -23"><span class='ocrx_word' id='word_1_177' title='bbox 164 2357 321 2443; x_wconf 85' lang='lat' dir='ltr'>gentium</span> <span class='ocrx_word' id='word_1_178' title='bbox 345 2356 446 2439; x_wconf 71' lang='lat' dir='ltr'>deos,</span> <span class='ocrx_word' id='word_1_179' title='bbox 467 2358 567 2423; x_wconf 90' lang='lat' dir='ltr'>unice</span> <span class='ocrx_word' id='word_1_180' title='bbox 587 2379 668 2424; x_wconf 88' lang='lat' dir='ltr'>vere</span> <span class='ocrx_word' id='word_1_181' title='bbox 693 2359 791 2447; x_wconf 76' lang='lat' dir='ltr'>Tor-p.</span> <span class='ocrx_word' id='word_1_182' title='bbox 815 2360 894 2446; x_wconf 69' lang='lat' dir='ltr'>Syr.</span> <span class='ocrx_word' id='word_1_183' title='bbox 913 2357 958 2424; x_wconf 91' lang='lat' dir='ltr'>ad</span> <span class='ocrx_word' id='word_1_184' title='bbox 976 2355 1104 2424; x_wconf 85' lang='lat' dir='ltr'>iudices</span> <span class='ocrx_word' id='word_1_185' title='bbox 1124 2357 1181 2446; x_wconf 86' lang='lat' dir='ltr'>(cf.</span> <span class='ocrx_word' id='word_1_186' title='bbox 1202 2363 1301 2439; x_wconf 85' lang='grc'><strong>21,6;</strong></span> <span class='ocrx_word' id='word_1_187' title='bbox 1319 2363 1398 2440; x_wconf 88' lang='grc'><strong>22,8</strong></span> <span class='ocrx_word' id='word_1_188' title='bbox 1412 2355 1493 2446; x_wconf 89' lang='lat' dir='ltr'>sq..)</span> 
     </span>
     <span class='ocr_line' id='line_1_19' title="bbox 166 2463 1498 2553; baseline -0.001 -23"><span class='ocrx_word' id='word_1_189' title='bbox 166 2468 248 2530; x_wconf 87' lang='lat' dir='ltr'>Cum</span> <span class='ocrx_word' id='word_1_190' title='bbox 272 2487 305 2530; x_wconf 86' lang='lat' dir='ltr'>v.</span> <span class='ocrx_word' id='word_1_191' title='bbox 327 2469 431 2530; x_wconf 80' lang='grc'><strong>21-27</strong></span> <span class='ocrx_word' id='word_1_192' title='bbox 453 2463 555 2552; x_wconf 81' lang='lat' dir='ltr'>Moysi</span> <span class='ocrx_word' id='word_1_193' title='bbox 576 2463 770 2532; x_wconf 88' lang='lat' dir='ltr'>tribuamus</span> <span class='ocrx_word' id='word_1_194' title='bbox 797 2464 947 2547; x_wconf 91' lang='lat' dir='ltr'>auctori,</span> <span class='ocrx_word' id='word_1_195' title='bbox 971 2463 1122 2553; x_wconf 90' lang='lat' dir='ltr'>itemque</span> <span class='ocrx_word' id='word_1_196' title='bbox 1143 2487 1176 2531; x_wconf 82' lang='lat' dir='ltr'>v.</span> <span class='ocrx_word' id='word_1_197' title='bbox 1204 2469 1246 2530; x_wconf 91' lang='grc'><strong>29</strong></span> <span class='ocrx_word' id='word_1_198' title='bbox 1267 2486 1334 2553; x_wconf 91' lang='lat' dir='ltr'>sq.,</span> <span class='ocrx_word' id='word_1_199' title='bbox 1354 2469 1498 2552; x_wconf 89' lang='lat' dir='ltr'>quaerat</span> 
     </span>
     <span class='ocr_line' id='line_1_20' title="bbox 165 2568 1498 2659; baseline -0.001 -22"><span class='ocrx_word' id='word_1_200' title='bbox 165 2569 241 2659; x_wconf 90' lang='lat' dir='ltr'>quis</span> <span class='ocrx_word' id='word_1_201' title='bbox 253 2591 297 2636; x_wconf 92' lang='lat' dir='ltr'>an</span> <span class='ocrx_word' id='word_1_202' title='bbox 312 2568 423 2636; x_wconf 90' lang='lat' dir='ltr'>cidem</span> <span class='ocrx_word' id='word_1_203' title='bbox 437 2569 676 2638; x_wconf 89' lang='lat' dir='ltr'>concedendus</span> <span class='ocrx_word' id='word_1_204' title='bbox 688 2570 730 2636; x_wconf 91' lang='lat' dir='ltr'>sit</span> <span class='ocrx_word' id='word_1_205' title='bbox 745 2593 777 2636; x_wconf 92' lang='lat' dir='ltr'>v.</span> <span class='ocrx_word' id='word_1_206' title='bbox 792 2575 847 2638; x_wconf 87' lang='grc'><strong>28.</strong></span> <span class='ocrx_word' id='word_1_207' title='bbox 863 2569 983 2638; x_wconf 90' lang='lat' dir='ltr'>Procul</span> <span class='ocrx_word' id='word_1_208' title='bbox 995 2570 1102 2637; x_wconf 91' lang='lat' dir='ltr'>dubio</span> <span class='ocrx_word' id='word_1_209' title='bbox 1118 2570 1298 2637; x_wconf 86' lang='lat' dir='ltr'>exsistebat</span> <span class='ocrx_word' id='word_1_210' title='bbox 1311 2569 1498 2659; x_wconf 89' lang='lat' dir='ltr'>antiquitus</span> 
     </span>
     <span class='ocr_line' id='line_1_21' title="bbox 163 2676 1499 2767; baseline 0.001 -26"><span class='ocrx_word' id='word_1_211' title='bbox 163 2677 200 2742; x_wconf 91' lang='lat' dir='ltr'>in</span> <span class='ocrx_word' id='word_1_212' title='bbox 218 2676 323 2766; x_wconf 86' lang='lat' dir='ltr'>stirpe</span> <span class='ocrx_word' id='word_1_213' title='bbox 345 2676 452 2743; x_wconf 90' lang='lat' dir='ltr'>electa</span> <span class='ocrx_word' id='word_1_214' title='bbox 473 2677 606 2743; x_wconf 81' lang='lat' dir='ltr'>axioma</span> <span class='ocrx_word' id='word_1_215' title='bbox 624 2676 768 2767; x_wconf 87' lang='lat' dir='ltr'>aliquod</span> <span class='ocrx_word' id='word_1_216' title='bbox 787 2676 829 2743; x_wconf 92' lang='lat' dir='ltr'>de</span> <span class='ocrx_word' id='word_1_217' title='bbox 852 2677 1046 2743; x_wconf 89' lang='lat' dir='ltr'>reverentia</span> <span class='ocrx_word' id='word_1_218' title='bbox 1064 2677 1324 2764; x_wconf 82' lang='lat' dir='ltr'>magistratibus</span> <span class='ocrx_word' id='word_1_219' title='bbox 1349 2676 1499 2766; x_wconf 90' lang='lat' dir='ltr'>propriis</span> 
     </span>
     <span class='ocr_line' id='line_1_22' title="bbox 165 2781 1497 2874; baseline -0.001 -25"><span class='ocrx_word' id='word_1_220' title='bbox 165 2781 296 2864; x_wconf 90' lang='lat' dir='ltr'>debita,</span> <span class='ocrx_word' id='word_1_221' title='bbox 314 2781 393 2849; x_wconf 92' lang='lat' dir='ltr'>licet</span> <span class='ocrx_word' id='word_1_222' title='bbox 412 2783 451 2848; x_wconf 91' lang='lat' dir='ltr'>in</span> <span class='ocrx_word' id='word_1_223' title='bbox 467 2787 638 2874; x_wconf 80' lang='lat' dir='ltr'>Aegypto,</span> <span class='ocrx_word' id='word_1_224' title='bbox 658 2783 843 2850; x_wconf 86' lang='lat' dir='ltr'>Pharaonis</span> <span class='ocrx_word' id='word_1_225' title='bbox 862 2783 1078 2850; x_wconf 85' lang='lat' dir='ltr'>exactoribus</span> <span class='ocrx_word' id='word_1_226' title='bbox 1095 2804 1234 2850; x_wconf 92' lang='lat' dir='ltr'>omnem</span> <span class='ocrx_word' id='word_1_227' title='bbox 1249 2782 1316 2850; x_wconf 90' lang='lat' dir='ltr'>sibi</span> <span class='ocrx_word' id='word_1_228' title='bbox 1328 2803 1497 2869; x_wconf 85' lang='lat' dir='ltr'>arrogan-</span> 
     </span>
     <span class='ocr_line' id='line_1_23' title="bbox 163 2888 1499 2976; baseline -0.001 -21"><span class='ocrx_word' id='word_1_229' title='bbox 163 2888 256 2955; x_wconf 86' lang='lat' dir='ltr'>tibus</span> <span class='ocrx_word' id='word_1_230' title='bbox 272 2890 527 2972; x_wconf 90' lang='lat' dir='ltr'>auctoritatem,</span> <span class='ocrx_word' id='word_1_231' title='bbox 545 2890 670 2976; x_wconf 85' lang='lat' dir='ltr'>exigua</span> <span class='ocrx_word' id='word_1_232' title='bbox 687 2889 793 2956; x_wconf 87' lang='lat' dir='ltr'>fuerit</span> <span class='ocrx_word' id='word_1_233' title='bbox 814 2889 1242 2976; x_wconf 84' lang='lat' dir='ltr'>illorummagistratuum</span> <span class='ocrx_word' id='word_1_234' title='bbox 1264 2889 1452 2955; x_wconf 88' lang='lat' dir='ltr'>auctoritas</span> <span class='ocrx_word' id='word_1_235' title='bbox 1467 2894 1499 2955; x_wconf 92' lang='lat' dir='ltr'>et</span> 
     </span>
     <span class='ocr_line' id='line_1_24' title="bbox 162 2994 1499 3084; baseline -0.001 -23"><span class='ocrx_word' id='word_1_236' title='bbox 162 2995 302 3061; x_wconf 84' lang='lat' dir='ltr'>fortasse</span> <span class='ocrx_word' id='word_1_237' title='bbox 319 2995 401 3061; x_wconf 91' lang='lat' dir='ltr'>item</span> <span class='ocrx_word' id='word_1_238' title='bbox 414 2995 617 3063; x_wconf 89' lang='lat' dir='ltr'>reverentia.</span> <span class='ocrx_word' id='word_1_239' title='bbox 636 3000 714 3062; x_wconf 83' lang='lat' dir='ltr'>Erat</span> <span class='ocrx_word' id='word_1_240' title='bbox 728 3001 843 3062; x_wconf 84' lang='lat' dir='ltr'>arrtem</span> <span class='ocrx_word' id='word_1_241' title='bbox 852 2995 954 3084; x_wconf 78' lang='lat' dir='ltr'>iloysi</span> <span class='ocrx_word' id='word_1_242' title='bbox 965 2996 1080 3082; x_wconf 84' lang='lat' dir='ltr'>gravis</span> <span class='ocrx_word' id='word_1_243' title='bbox 1095 2995 1183 3062; x_wconf 88' lang='lat' dir='ltr'>ratio</span> <span class='ocrx_word' id='word_1_244' title='bbox 1197 2995 1269 3062; x_wconf 90' lang='lat' dir='ltr'>eius</span> <span class='ocrx_word' id='word_1_245' title='bbox 1288 2994 1499 3062; x_wconf 89' lang='lat' dir='ltr'>auctoritatis</span> 
     </span>
     <span class='ocr_line' id='line_1_25' title="bbox 163 3101 1497 3191; baseline 0.001 -25"><span class='ocrx_word' id='word_1_246' title='bbox 163 3101 455 3169; x_wconf 90' lang='lat' dir='ltr'>commendandae</span> <span class='ocrx_word' id='word_1_247' title='bbox 474 3107 594 3169; x_wconf 89' lang='lat' dir='ltr'>eontra</span> <span class='ocrx_word' id='word_1_248' title='bbox 613 3101 829 3169; x_wconf 90' lang='lat' dir='ltr'>sacerdotum</span> <span class='ocrx_word' id='word_1_249' title='bbox 855 3101 1088 3170; x_wconf 90' lang='lat' dir='ltr'>insolentiam.</span> <span class='ocrx_word' id='word_1_250' title='bbox 1116 3107 1205 3190; x_wconf 82' lang='lat' dir='ltr'>Ergo</span> <span class='ocrx_word' id='word_1_251' title='bbox 1234 3106 1292 3169; x_wconf 91' lang='lat' dir='ltr'>aut</span> <span class='ocrx_word' id='word_1_252' title='bbox 1316 3101 1497 3191; x_wconf 92' lang='lat' dir='ltr'>antiquum</span> 
     </span>
     <span class='ocr_line' id='line_1_26' title="bbox 164 3206 1298 3298; baseline 0 -24"><span class='ocrx_word' id='word_1_253' title='bbox 164 3209 200 3275; x_wconf 94' lang='grc'>11.</span> <span class='ocrx_word' id='word_1_254' title='bbox 222 3206 246 3273; x_wconf 93' lang='grc'>1.</span> <span class='ocrx_word' id='word_1_255' title='bbox 264 3206 398 3275; x_wconf 77' lang='lat' dir='ltr'>axioma</span> <span class='ocrx_word' id='word_1_256' title='bbox 414 3207 571 3287; x_wconf 91' lang='lat' dir='ltr'>inseruit,</span> <span class='ocrx_word' id='word_1_257' title='bbox 591 3213 651 3276; x_wconf 91' lang='lat' dir='ltr'>aut</span> <span class='ocrx_word' id='word_1_258' title='bbox 661 3210 730 3276; x_wconf 90' lang='lat' dir='ltr'>suis</span> <span class='ocrx_word' id='word_1_259' title='bbox 745 3207 858 3275; x_wconf 83' lang='lat' dir='ltr'>verbis</span> <span class='ocrx_word' id='word_1_260' title='bbox 873 3210 946 3276; x_wconf 92' lang='lat' dir='ltr'>eius</span> <span class='ocrx_word' id='word_1_261' title='bbox 958 3215 1108 3277; x_wconf 92' lang='lat' dir='ltr'>mentem</span> <span class='ocrx_word' id='word_1_262' title='bbox 1124 3209 1298 3298; x_wconf 89' lang='lat' dir='ltr'>expressit.</span> 
     </span>
    </p>
   </div>
   <div class='ocr_carea' id='block_1_6' title="bbox 192 3423 1468 3490">
    <p class='ocr_par' dir='ltr' id='par_1_7' title="bbox 192 3423 1468 3490">
     <span class='ocr_line' id='line_1_27' title="bbox 192 3423 1468 3490; baseline -0.001 -16"><span class='ocrx_word' id='word_1_263' title='bbox 192 3426 212 3476; x_wconf 93' lang='lat' dir='ltr'>i.</span> <span class='ocrx_word' id='word_1_264' title='bbox 228 3425 344 3476; x_wconf 81' lang='lat' dir='ltr'>Novella</span> <span class='ocrx_word' id='word_1_265' title='bbox 358 3424 394 3476; x_wconf 90' lang='lat' dir='ltr'>de</span> <span class='ocrx_word' id='word_1_266' title='bbox 407 3426 455 3486; x_wconf 87' lang='lat' dir='ltr'>iia,</span> <span class='ocrx_word' id='word_1_267' title='bbox 473 3437 546 3490; x_wconf 87' lang='lat' dir='ltr'>quae</span> <span class='ocrx_word' id='word_1_268' title='bbox 561 3423 774 3486; x_wconf 74' lang='lat' dir='ltr'>vendebantur,</span> <span class='ocrx_word' id='word_1_269' title='bbox 796 3426 857 3476; x_wconf 87' lang='lat' dir='ltr'>suis</span> <span class='ocrx_word' id='word_1_270' title='bbox 871 3425 1043 3490; x_wconf 84' lang='lat' dir='ltr'>temporibus</span> <span class='ocrx_word' id='word_1_271' title='bbox 1057 3424 1251 3489; x_wconf 89' lang='lat' dir='ltr'>persolvendis</span> <span class='ocrx_word' id='word_1_272' title='bbox 1265 3429 1314 3475; x_wconf 76' lang='lat' dir='ltr'>Ex.</span> <span class='ocrx_word' id='word_1_273' title='bbox 1333 3424 1413 3485; x_wconf 68' lang='lat' dir='ltr'>iasa</span> <span class='ocrx_word' id='word_1_274' title='bbox 1427 3439 1468 3488; x_wconf 86' lang='lat' dir='ltr'>sq.</span> 
     </span>
    </p>
   </div>
   <div class='ocr_carea' id='block_1_7' title="bbox 161 3605 1498 4867">
    <p class='ocr_par' dir='ltr' id='par_1_8' title="bbox 163 3605 1498 3907">
     <span class='ocr_line' id='line_1_28' title="bbox 207 3605 1498 3698; baseline -0.001 -25"><span class='ocrx_word' id='word_1_275' title='bbox 207 3609 292 3697; x_wconf 73' lang='lat' dir='ltr'>Arq.</span> <span class='ocrx_word' id='word_1_276' title='bbox 312 3645 358 3658; x_wconf 92' lang='lat'><em>-</em></span> <span class='ocrx_word' id='word_1_277' title='bbox 377 3613 469 3686; x_wconf 82' lang='lat' dir='ltr'>Quae</span> <span class='ocrx_word' id='word_1_278' title='bbox 492 3607 593 3674; x_wconf 89' lang='lat' dir='ltr'>lahve</span> <span class='ocrx_word' id='word_1_279' title='bbox 617 3608 799 3690; x_wconf 91' lang='lat' dir='ltr'>debentur,</span> <span class='ocrx_word' id='word_1_280' title='bbox 828 3609 965 3676; x_wconf 90' lang='lat' dir='ltr'>statutis</span> <span class='ocrx_word' id='word_1_281' title='bbox 990 3607 1219 3698; x_wconf 85' lang='lat' dir='ltr'>temporibus,</span> <span class='ocrx_word' id='word_1_282' title='bbox 1242 3605 1318 3674; x_wconf 90' lang='lat' dir='ltr'>sine</span> <span class='ocrx_word' id='word_1_283' title='bbox 1342 3607 1447 3674; x_wconf 90' lang='lat' dir='ltr'>moris</span> <span class='ocrx_word' id='word_1_284' title='bbox 1466 3605 1498 3672; x_wconf 91' lang='lat' dir='ltr'>ei</span> 
     </span>
     <span class='ocr_line' id='line_1_29' title="bbox 163 3713 1497 3805; baseline -0.002 -24"><span class='ocrx_word' id='word_1_285' title='bbox 163 3714 369 3804; x_wconf 89' lang='lat' dir='ltr'>pendantur.</span> <span class='ocrx_word' id='word_1_286' title='bbox 392 3717 477 3781; x_wconf 91' lang='lat' dir='ltr'>Sunt</span> <span class='ocrx_word' id='word_1_287' title='bbox 492 3737 533 3781; x_wconf 93' lang='lat' dir='ltr'>ea</span> <span class='ocrx_word' id='word_1_288' title='bbox 547 3713 740 3803; x_wconf 90' lang='lat' dir='ltr'>primitiae,</span> <span class='ocrx_word' id='word_1_289' title='bbox 760 3715 1008 3805; x_wconf 82' lang='lat' dir='ltr'>primogenita,</span> <span class='ocrx_word' id='word_1_290' title='bbox 1029 3719 1062 3781; x_wconf 91' lang='lat' dir='ltr'>ei</span> <span class='ocrx_word' id='word_1_291' title='bbox 1083 3736 1124 3781; x_wconf 92' lang='lat' dir='ltr'>ea</span> <span class='ocrx_word' id='word_1_292' title='bbox 1134 3766 1150 3803; x_wconf 27' lang='grc' dir='ltr'>,Ι</span> <span class='ocrx_word' id='word_1_293' title='bbox 1160 3736 1249 3805; x_wconf 89' lang='lat' dir='ltr'>quae</span> <span class='ocrx_word' id='word_1_294' title='bbox 1265 3713 1334 3782; x_wconf 91' lang='lat' dir='ltr'>alio</span> <span class='ocrx_word' id='word_1_295' title='bbox 1350 3713 1382 3779; x_wconf 92' lang='lat' dir='ltr'>ei</span> <span class='ocrx_word' id='word_1_296' title='bbox 1396 3713 1497 3780; x_wconf 89' lang='lat' dir='ltr'>titulo</span> 
     </span>
     <span class='ocr_line' id='line_1_30' title="bbox 165 3820 557 3907; baseline 0 -21"><span class='ocrx_word' id='word_1_297' title='bbox 165 3820 347 3902; x_wconf 89' lang='lat' dir='ltr'>debentur,</span> <span class='ocrx_word' id='word_1_298' title='bbox 366 3843 399 3885; x_wconf 90' lang='lat' dir='ltr'>v.</span> <span class='ocrx_word' id='word_1_299' title='bbox 418 3841 453 3907; x_wconf 82' lang='lat' dir='ltr'>g.</span> <span class='ocrx_word' id='word_1_300' title='bbox 475 3821 557 3886; x_wconf 90' lang='lat' dir='ltr'>voti.</span> 
     </span>
    </p>

    <p class='ocr_par' dir='ltr' id='par_1_9' title="bbox 161 3924 1498 4867">
     <span class='ocr_line' id='line_1_31' title="bbox 208 3924 1497 4016; baseline -0.002 -22"><span class='ocrx_word' id='word_1_301' title='bbox 208 3927 335 4016; x_wconf 81' lang='lat' dir='ltr'>Duplex</span> <span class='ocrx_word' id='word_1_302' title='bbox 355 3925 443 3992; x_wconf 73' lang='lat' dir='ltr'>otili</span> <span class='ocrx_word' id='word_1_303' title='bbox 465 3926 584 4014; x_wconf 75' lang='lat' dir='ltr'>iioysis</span> <span class='ocrx_word' id='word_1_304' title='bbox 603 3926 775 3994; x_wconf 89' lang='lat' dir='ltr'>calamum</span> <span class='ocrx_word' id='word_1_305' title='bbox 799 3927 917 4016; x_wconf 92' lang='lat' dir='ltr'>prodit</span> <span class='ocrx_word' id='word_1_306' title='bbox 938 3927 1078 3995; x_wconf 91' lang='lat' dir='ltr'>nomine</span> <span class='ocrx_word' id='word_1_307' title='bbox 1102 3926 1204 3995; x_wconf 83' lang='lat' dir='ltr'>iahve</span> <span class='ocrx_word' id='word_1_308' title='bbox 1218 3925 1402 4016; x_wconf 89' lang='lat' dir='ltr'>loquentis.</span> <span class='ocrx_word' id='word_1_309' title='bbox 1424 3924 1497 3991; x_wconf 90' lang='lat' dir='ltr'>Pri-</span> 
     </span>
     <span class='ocr_line' id='line_1_32' title="bbox 165 4031 1496 4124; baseline -0.002 -26"><span class='ocrx_word' id='word_1_310' title='bbox 165 4034 340 4100; x_wconf 87' lang='lat' dir='ltr'>mitiarum</span> <span class='ocrx_word' id='word_1_311' title='bbox 355 4038 389 4100; x_wconf 91' lang='lat' dir='ltr'>et</span> <span class='ocrx_word' id='word_1_312' title='bbox 402 4032 716 4124; x_wconf 84' lang='lat' dir='ltr'>primogenitorum</span> <span class='ocrx_word' id='word_1_313' title='bbox 735 4034 951 4100; x_wconf 85' lang='lat' dir='ltr'>sanctitatem</span> <span class='ocrx_word' id='word_1_314' title='bbox 966 4032 1129 4100; x_wconf 83' lang='lat' dir='ltr'>exstitisse</span> <span class='ocrx_word' id='word_1_315' title='bbox 1153 4039 1262 4121; x_wconf 82' lang='lat' dir='ltr'>iioyse</span> <span class='ocrx_word' id='word_1_316' title='bbox 1283 4033 1386 4118; x_wconf 83' lang='lat' dir='ltr'>longe</span> <span class='ocrx_word' id='word_1_317' title='bbox 1406 4031 1496 4097; x_wconf 90' lang='lat' dir='ltr'>anti-</span> 
     </span>
     <span class='ocr_line' id='line_1_33' title="bbox 164 4137 1498 4230; baseline -0.003 -24"><span class='ocrx_word' id='word_1_318' title='bbox 164 4139 336 4228; x_wconf 90' lang='lat' dir='ltr'>quiorem,</span> <span class='ocrx_word' id='word_1_319' title='bbox 352 4139 551 4206; x_wconf 90' lang='lat' dir='ltr'>dicebamus</span> <span class='ocrx_word' id='word_1_320' title='bbox 567 4139 613 4206; x_wconf 93' lang='lat' dir='ltr'>ad</span> <span class='ocrx_word' id='word_1_321' title='bbox 634 4145 723 4221; x_wconf 86' lang='grc'><strong>13,2.</strong></span> <span class='ocrx_word' id='word_1_322' title='bbox 745 4162 776 4206; x_wconf 92' lang='lat' dir='ltr'>v.</span> <span class='ocrx_word' id='word_1_323' title='bbox 798 4146 840 4205; x_wconf 88' lang='grc'><strong>29</strong></span> <span class='ocrx_word' id='word_1_324' title='bbox 864 4166 880 4200; x_wconf 77' lang='lat' dir='ltr'>u</span> <span class='ocrx_word' id='word_1_325' title='bbox 905 4139 1063 4206; x_wconf 83' lang='lat' dir='ltr'>Decimus</span> <span class='ocrx_word' id='word_1_326' title='bbox 1083 4151 1160 4206; x_wconf 81' lang='lat' dir='ltr'>tuos</span> <span class='ocrx_word' id='word_1_327' title='bbox 1180 4137 1404 4230; x_wconf 81' lang='lat' dir='ltr'>etprimitias</span> <span class='ocrx_word' id='word_1_328' title='bbox 1423 4149 1498 4204; x_wconf 78' lang='lat' dir='ltr'>tuos·</span> 
     </span>
     <span class='ocr_line' id='line_1_34' title="bbox 161 4243 1493 4335; baseline -0.002 -23"><span class='ocrx_word' id='word_1_329' title='bbox 161 4268 232 4312; x_wconf 79' lang='lat' dir='ltr'>eon</span> <span class='ocrx_word' id='word_1_330' title='bbox 250 4245 403 4312; x_wconf 82' lang='lat' dir='ltr'>tardabis</span> <span class='ocrx_word' id='word_1_331' title='bbox 421 4244 561 4312; x_wconf 83' lang='lat' dir='ltr'>reddere</span> <span class='ocrx_word' id='word_1_332' title='bbox 584 4273 614 4312; x_wconf 79' lang='grc'>11,</span> <span class='ocrx_word' id='word_1_333' title='bbox 647 4251 700 4314; x_wconf 90' lang='lat' dir='ltr'>Sc.</span> <span class='ocrx_word' id='word_1_334' title='bbox 726 4244 980 4313; x_wconf 80' lang='lat' dir='ltr'>odurrdoniioor</span> <span class='ocrx_word' id='word_1_335' title='bbox 999 4245 1132 4335; x_wconf 76' lang='lat' dir='ltr'>(Hebe.)</span> <span class='ocrx_word' id='word_1_336' title='bbox 1156 4267 1274 4312; x_wconf 91' lang='lat' dir='ltr'>rerum</span> <span class='ocrx_word' id='word_1_337' title='bbox 1297 4243 1493 4326; x_wconf 88' lang='lat' dir='ltr'>aridarum,</span> 
     </span>
     <span class='ocr_line' id='line_1_35' title="bbox 164 4350 1495 4439; baseline -0.002 -20"><span class='ocrx_word' id='word_1_338' title='bbox 164 4357 203 4419; x_wconf 92' lang='lat' dir='ltr'>ut</span> <span class='ocrx_word' id='word_1_339' title='bbox 225 4353 365 4439; x_wconf 82' lang='lat' dir='ltr'>frugum</span> <span class='ocrx_word' id='word_1_340' title='bbox 389 4358 423 4418; x_wconf 90' lang='lat' dir='ltr'>ei</span> <span class='ocrx_word' id='word_1_341' title='bbox 449 4353 644 4434; x_wconf 88' lang='lat' dir='ltr'>fructuum,</span> <span class='ocrx_word' id='word_1_342' title='bbox 666 4356 701 4419; x_wconf 88' lang='lat' dir='ltr'>et</span> <span class='ocrx_word' id='word_1_343' title='bbox 716 4350 869 4438; x_wconf 83' lang='lat' dir='ltr'>liquido,</span> <span class='ocrx_word' id='word_1_344' title='bbox 894 4357 932 4419; x_wconf 92' lang='lat' dir='ltr'>ut</span> <span class='ocrx_word' id='word_1_345' title='bbox 954 4353 1093 4436; x_wconf 90' lang='lat' dir='ltr'>vinum,</span> <span class='ocrx_word' id='word_1_346' title='bbox 1109 4352 1241 4436; x_wconf 78' lang='lat' dir='ltr'>olerum,</span> <span class='ocrx_word' id='word_1_347' title='bbox 1259 4350 1328 4418; x_wconf 93' lang='lat' dir='ltr'>mel</span> <span class='ocrx_word' id='word_1_348' title='bbox 1351 4350 1429 4439; x_wconf 79' lang='lat' dir='ltr'>(Syl</span> <span class='ocrx_word' id='word_1_349' title='bbox 1453 4351 1495 4439; x_wconf 90' lang='lat'>.),</span> 
     </span>
     <span class='ocr_line' id='line_1_36' title="bbox 162 4456 1496 4549; baseline -0.001 -25"><span class='ocrx_word' id='word_1_350' title='bbox 162 4459 278 4524; x_wconf 91' lang='lat' dir='ltr'>statim</span> <span class='ocrx_word' id='word_1_351' title='bbox 299 4458 489 4548; x_wconf 90' lang='lat' dir='ltr'>persolves,</span> <span class='ocrx_word' id='word_1_352' title='bbox 519 4457 603 4524; x_wconf 90' lang='lat' dir='ltr'>dum</span> <span class='ocrx_word' id='word_1_353' title='bbox 632 4458 670 4524; x_wconf 93' lang='lat' dir='ltr'>in</span> <span class='ocrx_word' id='word_1_354' title='bbox 695 4458 903 4525; x_wconf 88' lang='lat' dir='ltr'>animalibus</span> <span class='ocrx_word' id='word_1_355' title='bbox 937 4458 980 4548; x_wconf 90' lang='lat' dir='ltr'>(v.</span> <span class='ocrx_word' id='word_1_356' title='bbox 1014 4461 1069 4546; x_wconf 83' lang='lat'>30)</span> <span class='ocrx_word' id='word_1_357' title='bbox 1103 4465 1231 4549; x_wconf 91' lang='lat' dir='ltr'>septem</span> <span class='ocrx_word' id='word_1_358' title='bbox 1266 4459 1387 4525; x_wconf 92' lang='lat' dir='ltr'>saitem</span> <span class='ocrx_word' id='word_1_359' title='bbox 1424 4456 1496 4523; x_wconf 90' lang='lat' dir='ltr'>dies</span> 
     </span>
     <span class='ocr_line' id='line_1_37' title="bbox 164 4561 1497 4655; baseline -0.002 -25"><span class='ocrx_word' id='word_1_360' title='bbox 164 4564 385 4655; x_wconf 85' lang='lat' dir='ltr'>exspectabis.</span> <span class='ocrx_word' id='word_1_361' title='bbox 402 4570 492 4631; x_wconf 82' lang='lat' dir='ltr'>Duae</span> <span class='ocrx_word' id='word_1_362' title='bbox 505 4569 620 4631; x_wconf 92' lang='lat' dir='ltr'>autem</span> <span class='ocrx_word' id='word_1_363' title='bbox 634 4564 716 4631; x_wconf 91' lang='lat' dir='ltr'>illae</span> <span class='ocrx_word' id='word_1_364' title='bbox 733 4565 964 4654; x_wconf 86' lang='lat' dir='ltr'>expressiones</span> <span class='ocrx_word' id='word_1_365' title='bbox 980 4586 1049 4632; x_wconf 91' lang='lat' dir='ltr'>non</span> <span class='ocrx_word' id='word_1_366' title='bbox 1064 4564 1253 4632; x_wconf 88' lang='lat' dir='ltr'>necessario</span> <span class='ocrx_word' id='word_1_367' title='bbox 1273 4564 1361 4632; x_wconf 89' lang='lat' dir='ltr'>solas</span> <span class='ocrx_word' id='word_1_368' title='bbox 1375 4561 1497 4652; x_wconf 90' lang='lat' dir='ltr'>primi-</span> 
     </span>
     <span class='ocr_line' id='line_1_38' title="bbox 162 4667 1492 4760; baseline -0.004 -24"><span class='ocrx_word' id='word_1_369' title='bbox 162 4670 227 4738; x_wconf 88' lang='lat' dir='ltr'>tias</span> <span class='ocrx_word' id='word_1_370' title='bbox 241 4669 446 4760; x_wconf 90' lang='lat' dir='ltr'>respiciunt,</span> <span class='ocrx_word' id='word_1_371' title='bbox 468 4669 548 4737; x_wconf 89' lang='lat' dir='ltr'>licet</span> <span class='ocrx_word' id='word_1_372' title='bbox 567 4671 644 4738; x_wconf 90' lang='lat' dir='ltr'>illas</span> <span class='ocrx_word' id='word_1_373' title='bbox 661 4676 752 4738; x_wconf 90' lang='lat' dir='ltr'>certe</span> <span class='ocrx_word' id='word_1_374' title='bbox 765 4672 958 4738; x_wconf 90' lang='lat' dir='ltr'>inciudant.</span> <span class='ocrx_word' id='word_1_375' title='bbox 975 4676 1062 4749; x_wconf 82' lang='lat' dir='ltr'>Quas</span> <span class='ocrx_word' id='word_1_376' title='bbox 1083 4671 1210 4738; x_wconf 91' lang='lat' dir='ltr'>diserte</span> <span class='ocrx_word' id='word_1_377' title='bbox 1225 4670 1371 4738; x_wconf 87' lang='lat' dir='ltr'>efferunt</span> <span class='ocrx_word' id='word_1_378' title='bbox 1394 4667 1492 4756; x_wconf 74' lang='lat' dir='ltr'>Volp.</span> 
     </span>
     <span class='ocr_line' id='line_1_39' title="bbox 163 4772 1493 4867; baseline -0.002 -24"><span class='ocrx_word' id='word_1_379' title='bbox 163 4779 258 4844; x_wconf 83' lang='lat' dir='ltr'>LXX</span> <span class='ocrx_word' id='word_1_380' title='bbox 278 4779 359 4867; x_wconf 72' lang='lat' dir='ltr'>Syr.</span> <span class='ocrx_word' id='word_1_381' title='bbox 385 4780 441 4844; x_wconf 86' lang='lat' dir='ltr'>Ps.</span> <span class='ocrx_word' id='word_1_382' title='bbox 470 4779 544 4844; x_wconf 82' lang='lat' dir='ltr'>lon.</span> <span class='ocrx_word' id='word_1_383' title='bbox 575 4805 591 4838; x_wconf 78' lang='grc' dir='ltr'><strong><em>κ</em></strong></span> <span class='ocrx_word' id='word_1_384' title='bbox 622 4778 898 4867; x_wconf 76' lang='lat' dir='ltr'>Primopeniium</span> <span class='ocrx_word' id='word_1_385' title='bbox 919 4777 1073 4867; x_wconf 80' lang='lat' dir='ltr'>filiorum</span> <span class='ocrx_word' id='word_1_386' title='bbox 1094 4790 1229 4844; x_wconf 81' lang='lat' dir='ltr'>tuorron</span> <span class='ocrx_word' id='word_1_387' title='bbox 1243 4775 1342 4843; x_wconf 73' lang='lat' dir='ltr'>&lt;leolis</span> <span class='ocrx_word' id='word_1_388' title='bbox 1354 4772 1442 4840; x_wconf 81' lang='grc' dir='ltr'><strong>11111ιί</strong></span> <span class='ocrx_word' id='word_1_389' title='bbox 1465 4801 1493 4840; x_wconf 79' lang='lat' dir='ltr'>n.</span> 
     </span>
    </p>
   </div>
   <div class='ocr_carea' id='block_1_8' title="bbox 0 0 1773 5384">
    <p class='ocr_par' dir='ltr' id='par_1_10' title="bbox 0 0 1773 5384">
     <span class='ocr_line' id='line_1_40' title="bbox 0 0 1773 5384; baseline 0 0"><span class='ocrx_word' id='word_1_390' title='bbox 0 0 1773 5384; x_wconf 95' lang='lat' dir='ltr'> </span> 
     </span>
    </p>
   </div>
  </div>
 </body>
</html>
