3534 5384
709 362 759 407 rx.
781 347 958 418 3611500.
1442 346 1498 405 311

168 494 312 563 alterius
335 494 495 561 similiter
518 521 549 578 »‚
575 518 608 561 v.
630 502 671 561 11
692 522 709 557 «
737 506 914 561 utcontra
939 516 973 563 se
995 495 1141 561 invicem
1163 496 1317 562 uenirent
1341 517 1446 561 ansae
1469 507 1501 561 et

168 616 287 669 nautuo
309 602 535 691 iunqerentur
559 630 590 667 ».
617 622 650 667 v.
677 607 716 669 13
740 628 757 663 «
785 600 881 668 Unde
902 614 936 667 et
960 600 1217 692 quinquaqinta
1237 600 1333 689 fudit
1357 599 1502 667 circulos

168 730 306 791 aurcos,
329 706 393 797 qni
418 706 609 774 morderent
633 707 844 775 cortinarum
862 730 981 794 ansae,
1003 720 1036 775 ct
1055 708 1154 799 fieret
1173 730 1281 775 unztm
1300 709 1502 775 tabernaeu-
1594 716 1596 720 ’

169 815 242 883 ltine
260 841 290 895 »‚
313 816 416 881 Hebr.
439 812 685 881 babitaculum.

617 1048 640 1106 β.
658 1046 855 1094 'sabernaculum
871 1046 919 1093 Ex.
936 1046 1055 1107 leit-18.

214 1256 246 1300 v.
266 1240 305 1302 ll
331 1259 347 1294 «
370 1233 466 1300 Fecit
485 1244 517 1299 ct
543 1254 627 1321 saqa
652 1231 815 1299 undecim
835 1231 877 1298 cle
891 1231 978 1323 pilis
1002 1254 1187 1323 caprarum
1207 1230 1255 1299 ad
1277 1231 1504 1322 operiendum

170 1352 295 1407 tectum
323 1338 538 1407 tabernaculi
567 1368 598 1421 »,
632 1340 733 1405 Hebr.
771 1338 808 1406 in
833 1338 1093 1405 tabernaculum
1119 1361 1221 1429 super
1250 1336 1497 1405 babitaculum.

170 1470 202 1515 v.
231 1452 307 1513 15«
328 1448 440 1513 Unum
458 1467 583 1535 saqurn
604 1446 643 1512 in
663 1444 884 1534 lonqitudinc
903 1444 1049 1512 babebat
1067 1443 1198 1513 cubitos
1220 1444 1387 1534 triqinta,
1409 1457 1442 1512 et
1464 1445 1503 1511 ia

170 1550 353 1619 latitudine
367 1551 496 1619 cubitos
512 1563 681 1641 quatuor‚·
693 1550 797 1619 unius
810 1573 991 1618 merrsurac
1004 1563 1102 1617 erant
1115 1552 1233 1618 omnia
1252 1574 1336 1641 saqa
1352 1579 1383 1619 n.
1401 1574 1433 1617 v.
1464 1557 1504 1617 16

172 1662 360 1740 «Quorum
386 1658 540 1747 quinque
561 1657 677 1724 iuncit
698 1680 867 1743 seorsum,
894 1670 928 1723 et
949 1680 1008 1723 sen
1031 1657 1106 1725 alia
1129 1660 1316 1749 separatim
1344 1685 1374 1725 ».
1403 1682 1435 1725 v.
1462 1663 1504 1724 17

174 1793 190 1824 «
205 1765 367 1855 Fecitquc
380 1787 483 1831 ansas
501 1763 761 1855 quinquaqinta
779 1763 817 1829 in
833 1787 893 1829 ora
908 1764 987 1854 saqi
1002 1764 1120 1849 unicis,
1144 1778 1177 1830 et
1195 1764 1453 1854 quinquaqinta
1468 1762 1505 1829 in

172 1894 233 1939 ora
249 1872 328 1961 saqi
351 1871 510 1952 alterius,
534 1883 572 1937 ut
593 1870 660 1937 sibi
680 1870 827 1936 incicenc
848 1870 1075 1960 iunqercntur
1099 1890 1132 1950 »3
1158 1892 1190 1936 v.
1221 1877 1260 1938 18
1284 1898 1300 1933 t<
1323 1883 1355 1938 ct
1378 1869 1505 1960 fibulas

170 2000 293 2045 aeneas
310 1976 583 2068 quinquaqinta,
603 1977 727 2068 quibus
748 1988 945 2045 necteretur
960 1988 1105 2058 tectum,
1122 1989 1161 2044 ut
1179 2000 1285 2044 tinum
1295 1976 1448 2067 pallium
1462 1998 1505 2043 ea

171 2084 326 2164 amnibus
344 2084 437 2173 saqis
451 2086 550 2173 fieret
571 2111 602 2149 n.

555 2332 579 2375 γ.
596 2316 760 2363 Tabernnculi
776 2316 956 2376 operimentum
972 2316 1018 2363 Ex.
1036 2318 1115 2377 didi.

213 2525 246 2569 v.
266 2509 306 2568 19
334 2501 463 2567 «Fecit
481 2514 513 2567 et
535 2501 745 2591 opertorium
767 2500 978 2569 tabernaculi
998 2500 1040 2567 tle
1051 2501 1203 2591 pellibus
1218 2500 1368 2567 arietum
1386 2499 1498 2566 rubri-

171 2609 273 2692 catis‚·
291 2608 463 2697 aliudque
484 2606 628 2697 dereiner
647 2608 879 2677 velamentum
898 2608 939 2674 ele
953 2607 1106 2697 pellibus
1125 2606 1292 2675 iantbinis
1315 2636 1345 2674 ».

206 2830 234 2867 v.
251 2816 318 2867 8-19
333 2821 483 2867 nouantur
501 2817 627 2866 cortinae
644 2820 672 2866 et
686 2817 861 2879 operimenta
876 2815 1004 2865 coniecta
1020 2816 1115 2867 verbis
1128 2816 1229 2865 iisdem
1243 2814 1301 2866 iere
1318 2820 1402 2879 atque
1422 2813 1501 2877 16,1-

175 2905 215 2955 ll.
230 2906 392 2956 Subiectum
406 2918 434 2955 r.
446 2905 461 2954 8
475 2910 518 2955 est
532 2885 568 2960 :bl
585 2911 648 2959 nati
662 2884 712 2965 Β),
728 2904 835 2955 iormae
847 2904 1000 2967 singularis
1013 2903 1062 2955 sed
1077 2904 1291 2967 significationis
1309 2904 1441 2967 pluralis,
1457 2904 1503 2954 cui

171 2995 293 3057 prinlum
311 2992 512 3055 correspondet
526 2993 643 3043 verbum
664 2993 776 3055 plurale
794 2998 895 3052 inlitu,
912 2991 977 3042 dein
999 2992 1087 3042 verba
1109 2992 1215 3043 tonnae
1237 2992 1399 3055 singularis.
1413 3006 1442 3042 v.
1462 2992 1503 3043 10.

174 3082 206 3131 11
221 3096 263 3145 sq.
278 3079 322 3147 (ci.
334 3095 361 3131 v.
375 3082 419 3143 11)
430 3082 604 3143 expressioni
619 3088 708 3137 nullu
720 3063 760 3137 bu
774 3087 846 3137 nitu
857 3081 1035 3132 substituitur
1049 3082 1139 3131 altera
1155 3088 1223 3136 illiti
1238 3061 1277 3137 bit
1293 3081 1505 3143 nantonense

172 3172 321 3221 recentior.
339 3169 521 3231 omittuntur,
538 3182 611 3233 quae
624 3170 802 3220 habebantur
815 3163 910 3230 16111).
931 3170 961 3219 11
980 3170 1022 3219 13.

587 3380 609 3427 ὃ.
625 3378 770 3426 Habitaculi
783 3379 892 3438 parietes
907 3378 953 3427 Ex.
970 3381 1090 3437 blito-34.

205 3582 233 3618 v.
250 3568 331 3620 ‘io-sa
346 3568 512 3619 describitur
531 3567 722 3618 babitaculum
739 3568 865 3631 ligneum
883 3580 946 3617 cum
967 3567 1076 3617 duobus
1094 3568 1154 3617 suis
1172 3567 1259 3627 velis,
1273 3567 1368 3618 verbis
1386 3566 1445 3617 iere
1458 3567 1504 3619 lis·

171 3657 235 3707 dem
256 3659 340 3722 atque
359 3656 504 3718 ieie-u.
519 3667 545 3705 v.
562 3655 595 3706 19
616 3668 666 3720 pro
685 3661 745 3712 iun
767 3658 841 3705 Sam.
856 3656 1009 3707 correctius
1029 3660 1086 3711 tin.
1105 3655 1202 3705 Omiiti
1216 3654 1312 3705 debuit
1334 3656 1362 3707 il.
1377 3656 1397 3707 l.
1412 3654 1502 3717 itae.

173 3744 267 3795 33-35.
284 3744 323 3797 lie
338 3745 418 3806 seii
438 3758 501 3795 cum
521 3743 602 3805 16,37
621 3750 797 3809 comparato,
813 3745 878 3794 vide
897 3742 979 3793 inira.
998 3743 1134 3808 Reliquae
1154 3744 1356 3807 discrepantiae
1372 3744 1504 3794 minimae

171 3834 247 3884 sunt.

216 4018 248 4062 v.
272 4002 314 4063 10
333 4024 350 4057 «
370 3997 462 4064 Fecit
484 4009 516 4064 et
533 3997 667 4064 tabulas
688 3996 954 4080 tabernaculi»,
984 3998 1007 4064 i.
1032 4020 1062 4064 e.
1086 3995 1290 4081 habitaculi,
1308 4022 1324 4057 ‹<
1342 3994 1383 4063 de
1399 3994 1504 4085 liqru'r

171 4103 271 4170 setim
282 4099 410 4170 stantes
426 4131 457 4170 ».
471 4127 504 4172 v.
522 4110 561 4170 11
578 4131 594 4166 α
611 4107 733 4170 Decern
748 4104 944 4172 cubitorum
959 4117 1033 4171 erat
1048 4102 1226 4193 lonqiturlo
1237 4102 1374 4169 tabulae
1388 4102 1501 4189 unius,

173 4222 206 4275 ct
219 4232 327 4275 cenum
351 4232 391 4275 ac
410 4210 511 4276 semis
531 4210 684 4277 cubitant
703 4209 851 4278 latitudo
873 4209 1044 4278 retinebat
1065 4238 1096 4278 a.
1118 4233 1149 4278 v.
1168 4216 1211 4276 11
1231 4237 1248 4271 «
1265 4209 1375 4275 Rinae
1395 4209 1505 4276 incas-

174 4328 327 4382 traturae
350 4327 448 4382 erant
464 4337 528 4406 per
547 4317 706 4406 sinqulas
731 4316 882 4402 tabulae,
911 4330 950 4383 ut
966 4317 1077 4384 altera
1099 4316 1202 4383 alteri
1218 4316 1431 4405 iunqerctur.
1446 4316 1504 4382 Sic

170 4422 254 4510 secit
278 4421 316 4488 in
340 4422 497 4489 erunibus
522 4423 737 4491 tabernaculi
762 4451 799 4507 e,
826 4446 887 4492 seu
910 4424 1024 4491 verius
1045 4422 1256 4509 habitaculi,
1285 4450 1301 4485 a
1324 4421 1450 4489 tabulis
1470 4449 1501 4490 ».

172 4550 205 4595 v.
220 4534 263 4595 13
278 4556 294 4589 «
308 4528 609 4617 Equibusviqinti
620 4529 1164 4619 adplaqammericlianamerant
1173 4540 1293 4596 contra
1303 4541 1459 4595 austrum
1472 4554 1502 4609 r,

172 4656 205 4701 v.
223 4639 265 4700 11
287 4663 303 4697 «
321 4656 400 4701 cum
412 4634 649 4725 quadraqinta
671 4636 806 4703 basibus
825 4637 1010 4726 arqenteis.
1032 4640 1125 4703 Dicae
1141 4638 1234 4702 bases
1248 4637 1308 4701 sub
1324 4657 1396 4701 una
1408 4636 1504 4701 tabu·

172 4738 435 4831 inponebantur
452 4764 495 4807 ea
505 4754 651 4829 utraque
663 4756 765 4833 parte
785 4743 1007 4832 anqulorum,
1023 4742 1083 4809 ubi
1093 4741 1343 4809 incastraturae
1358 4740 1505 4808 laterum
