3534 5384
651 368 749 411 ruem
772 366 1010 411 secernerentur.
1439 354 1496 411 363

166 503 329 553 Mutationis
346 505 418 553 ratio
437 503 507 554 haee
526 505 664 565 assignari
676 508 780 567 potest.
795 504 868 554 Dum
886 502 929 564 l,‘t
945 502 1117 553 scribebatur
1135 509 1200 559 n'ttt
1222 516 1277 553 vox
1292 506 1405 567 generis
1421 518 1497 555 mas·

167 590 268 651 culini,
284 590 326 650 2¹
346 592 476 642 scribitur
497 598 576 653 aina,
591 604 663 655 quac
677 606 732 643 vox
747 594 861 655 generis
875 592 989 656 quidam
1009 591 1052 641 est
1071 592 1241 651 communis,
1255 592 1304 643 sed
1322 592 1498 656 trequentius

165 692 269 742 genere
288 679 423 730 leminino
443 681 569 731 construi
591 682 745 732 consuevit.
760 680 831 731 liinc
852 680 1044 741 autumes
1065 678 1182 729 verbum
1205 680 1219 730 3
1241 694 1317 743 pers.
1335 682 1407 743 sing.
1431 680 1496 731 lem.

165 776 270 851 :tl'tpi'i
286 770 323 819 At
340 769 354 817 3
369 780 443 832 pers.
460 769 533 833 sing.
550 769 614 819 lem.
632 772 765 833 temporis
782 768 939 832 imperiecti
958 766 1083 819 eiusdem
1098 770 1213 818 omnino
1230 773 1272 819 est
1289 768 1394 820 termae
1412 772 1496 833 atquc

166 858 183 907 t
202 859 275 921 sing.
292 870 379 907 masc.
396 858 519 909 Pronum
538 859 623 921 igitur
642 862 716 919 erat,
735 864 766 908 ut
782 858 966 921 sequentibus
984 870 1000 907 a
1020 858 1034 907 3
1057 869 1132 921 pers.
1153 858 1226 920 sing.
1249 856 1313 907 tem.
1330 858 1366 907 ad
1385 858 1400 908 t
1422 870 1499 922 pera.

167 949 240 1009 sing.
257 957 344 995 masc.
359 944 441 995 staret
459 947 602 997 transitus.
624 946 706 1006 Quod
724 945 784 997 fieri
804 947 897 1008 potuit
916 947 963 995 vel
984 946 1018 995 ab
1040 946 1102 1009 ipso
1122 946 1215 1008 primo
1230 946 1391 1009 legislatore
1412 948 1458 996 vel
1485 960 1501 995 a

167 1036 321 1099 posteriore
336 1034 430 1098 aliquo
444 1036 620 1085 amanuensi.
638 1035 753 1087 Minime
771 1034 894 1084 indidem
911 1034 1015 1085 interre
1034 1033 1076 1083 las
1096 1036 1139 1083 est
1157 1034 1269 1085 diversa
1287 1036 1317 1083 in
1332 1047 1419 1084 unum
1434 1048 1500 1085 coa-

167 1126 255 1174 luisse
269 1122 445 1174 documenta.
458 1150 494 1159 -
505 1122 595 1187 Urget
607 1123 712 1183 billa,
728 1128 786 1174 tam
801 1124 843 1185 l,3
859 1136 944 1187 quam
960 1124 1017 1185 3,i‚
1035 1128 1098 1186 post
1113 1123 1284 1185 descriptum
1302 1121 1432 1173 sacrificii
1448 1136 1499 1173 no-

168 1226 234 1262 men
254 1213 334 1276 pergi
353 1212 479 1263 adbibita
496 1213 704 1276 praepositione
726 1217 779 1294 qn,
794 1224 867 1276 quae
887 1212 985 1262 eadem
1005 1212 1047 1271 ‘bi
1072 1224 1128 1261 non
1148 1212 1300 1261 habeatur.
1317 1210 1500 1275 Respondes

170 1307 228 1351 tam
247 1313 307 1364 cap.
327 1301 338 1350 l
355 1314 439 1364 quam
457 1314 519 1364 eap.
538 1301 553 1350 3
571 1300 753 1352 describenda
771 1300 857 1351 luisse
871 1302 1047 1351 victimarum
1067 1300 1180 1350 diversa
1199 1312 1320 1363 genera,
1337 1300 1421 1364 idque
1442 1298 1502 1349 fieri

171 1389 297 1445 adbibita
311 1391 518 1453 praepositione
535 1394 575 1474 qn
591 1401 597 1437 :
614 1397 695 1473 qua
710 1396 750 1473 qn
766 1393 818 1439 ete.
836 1391 872 1439 At
894 1387 1032 1439 sacrificia
1050 1390 1196 1439 incruenta
1217 1390 1312 1439 omnia
1331 1402 1347 1439 e
1366 1390 1444 1439 tenui
1464 1387 1502 1437 la·

170 1480 233 1529 rina
245 1458 318 1539 nhil,
334 1480 394 1529 sive
410 1479 496 1528 cruda
513 1480 573 1528 sive
587 1484 680 1543 coela,
696 1478 819 1537 fiebaut;
836 1490 904 1541 erge
923 1478 1128 1542 praepositioni
1147 1490 1205 1527 uon
1225 1484 1285 1528 erat
1307 1478 1397 1527 locus.
1413 1504 1448 1513 -
1461 1478 1501 1526 De

170 1565 291 1617 termula
305 1572 376 1623 ntia
388 1569 441 1619 etc.
457 1580 484 1617 v.
498 1580 526 1630 p.
543 1566 594 1616 357
602 1580 609 1627 ;
623 1567 686 1616 voci
697 1573 749 1624 nia
765 1566 828 1627 3,ίῦ
840 1565 1008 1630 praeligitur
1020 1547 1048 1621 5.

671 1793 694 1823 α.
709 1776 891 1823 Holocaustum
908 1776 966 1822 Lar.
983 1777 1004 1822 i.

217 1956 298 2044 Arq.
322 1993 367 2004 -
392 1960 457 2021 Lex
477 1960 657 2022 enumerat
680 1954 830 2021 diversas
849 1953 1005 2020 victimas
1024 1951 1237 2043 modumque
1259 1952 1507 2019 immolationis

174 2060 323 2129 breviter
338 2066 501 2128 recenset.
518 2060 662 2128 Victima
672 2061 736 2127 erit
755 2067 813 2128 aut
831 2082 937 2150 pecus
949 2084 981 2126 v.
999 2067 1020 2125 3
1035 2065 1094 2126 aut
1107 2060 1181 2125 avis
1202 2082 1234 2127 v.
1259 2064 1317 2139 ib3
1340 2059 1368 2125 si
1384 2080 1503 2149 pecus,

176 2169 240 2234 erit
258 2174 316 2234 aut
329 2167 390 2235 bes
404 2190 436 2232 v.
453 2174 521 2249 3-9,
536 2173 595 2234 aut
610 2168 682 2234 ovis
695 2167 764 2235 sive
780 2190 885 2257 capra
901 2166 982 2259 (tat)
1004 2190 1036 2234 v,
1061 2173 1181 2247 10-13;
1207 2165 1235 2231 si
1259 2164 1346 2247 avis,
1365 2166 1429 2232 erit
1451 2188 1506 2231 eo-

174 2273 294 2341 lumba
307 2275 360 2341 vel
373 2280 489 2341 turtur
500 2298 533 2340 v.
557 2281 671 2342 ila-17.
694 2273 856 2361 Singulae
874 2273 1087 2364 paragraphi
1103 2297 1134 2339 v.
1156 2280 1188 2340 a.
1208 2280 1260 2339 13.
1283 2278 1324 2339 17
1343 2272 1507 2339 claudun-

176 2386 232 2448 tur
250 2381 399 2448 formula
411 2396 468 2445 alu
486 2370 574 2455 abitt,
593 2403 674 2448 nam
686 2404 752 2447 vox
769 2396 827 2446 atu
848 2403 927 2447 eum
946 2382 1040 2448 Sunt.
1059 2381 1149 2447 LXX
1165 2384 1199 2445 et
1219 2378 1429 2469 quibusdam
1452 2402 1506 2444 co-

177 2486 311 2555 dicibus
334 2487 511 2571 hebraeis,
536 2487 619 2555 item
643 2510 720 2554 cum
750 2490 806 2555 Pa.
828 2490 916 2569 lem,
942 2510 974 2554 v.
1002 2487 1187 2554 domnino
1210 2490 1259 2552 est
1282 2485 1503 2552 restituenda.

177 2594 320 2661 Victima
337 2617 473 2685 semper
492 2602 541 2661 est
561 2595 748 2678 masculus,
768 2594 850 2661 dum
863 2593 1089 2683 pacificorum
1101 2592 1244 2659 victima
1258 2590 1389 2657 semina
1403 2592 1505 2658 etiam

178 2706 233 2781 3‚1
253 2701 456 2768 admittitur.

217 2899 228 2932 r
243 2883 265 2933 E
279 2884 398 2948 piscibus
412 2883 506 2933 nullus
521 2882 574 2933 tuit
585 2883 621 2934 ad
633 2896 695 2933 eam
709 2895 768 2932 rem
783 2884 959 2945 assumptus,
977 2884 1035 2931 tum
1050 2880 1126 2944 quod
1141 2882 1231 2944 pisces
1253 2892 1429 2930 communem
1446 2892 1507 2930 eum

179 2972 339 3023 bominibus
352 2974 439 3021 vitam
453 2985 509 3021 uon
523 2978 620 3036 agant,
634 2979 692 3023 tum
705 2970 780 3035 quod
795 2970 947 3020 difficulter
960 2971 1018 3019 vivi
1032 2970 1068 3019 ad
1079 2970 1213 3033 templum
1228 2969 1394 3019 immolandi
1409 2968 1507 3018 adduci

180 3062 304 3123 possent.
316 3060 404 3110 Porro
426 3062 549 3125 quinque
567 3061 633 3110 illae
654 3060 839 3110 animantium
862 3060 971 3122 speeies
993 3059 1028 3109 ad
1054 3072 1135 3108 usum
1160 3056 1361 3109 sacrificiorum
1384 3056 1508 3107 adlaetae

180 3155 259 3209 sunt,
275 3155 333 3199 tum
356 3149 431 3212 quod
453 3150 524 3199 haee
544 3148 772 3199 mansuetissima
790 3152 856 3199 sunt
877 3148 1025 3209 animalia,
1040 3154 1099 3197 tum
1121 3146 1197 3211 quod
1217 3147 1325 3195 minore
1347 3144 1509 3194 difficultate

181 3236 277 3287 baberi
291 3238 414 3301 possint,
430 3239 488 3288 tum
503 3238 578 3301 quod
593 3240 713 3288 maxime
728 3240 806 3301 apta,
823 3245 853 3287 ut
868 3238 963 3287 essent
976 3248 1070 3288 rerum
1084 3236 1244 3287 suturarum
1260 3234 1402 3297 symbola,
1420 3236 1511 3283 maxi-

181 3339 226 3377 me
239 3339 306 3376 vero
322 3325 426 3378 Christi
440 3329 468 3377 et
482 3328 621 3391 passionis
636 3328 749 3391 ipsius»
765 3323 894 3392 (licata).

228 3484 310 3572 Cap.
328 3484 349 3548 Ι
359 3506 392 3549 v.
411 3488 427 3547 1
448 3509 464 3543 α
486 3482 623 3551 Voccvit
637 3495 752 3549 aretem
766 3486 907 3572 rtiuyseu
922 3495 954 3548 et
970 3480 1101 3549 loeutus
1116 3492 1163 3547 est
1179 3480 1212 3547 ei
1225 3478 1390 3546 horninur
1407 3477 1447 3543 de
1461 3488 1511 3543 tc-

181 3587 361 3657 beraaeulo
375 3588 572 3672 restituenti,
585 3588 703 3656 diceres
714 3617 731 3651 a
747 3610 755 3656 :
767 3588 1035 3679 —probabilius
1045 3587 1087 3655 de
1097 3585 1335 3677 propitiatorio
1346 3584 1508 3673 (Beata),

181 3694 218 3759 id
231 3696 323 3763 euim
331 3702 386 3763 Ex.
400 3702 503 3778 2532
516 3703 602 3764 Deus
608 3697 864 3787 promiserat-
878 3718 910 3761 v.
927 3702 946 3761 2
961 3722 976 3757 α
988 3698 1140 3784 Loquere
1149 3692 1236 3782 filiis
1250 3692 1365 3773 Israel,
1378 3703 1410 3758 et
1421 3690 1511 3757 dices

183 3801 298 3869 adeas
315 3831 331 3864 u
355 3825 424 3871 :—
438 3806 604 3893 Populum
624 3805 823 3892 alloquitur,
846 3801 941 3890 quod
963 3801 1120 3867 sacrificii
1137 3801 1313 3880 victimaS,
1336 3806 1509 3886 tempora.

184 3930 301 3976 causas
317 3917 381 3977 etc.
399 3910 444 3977 ab
457 3911 617 3977 omnihus
631 3910 709 3977 seiri
726 3914 898 3999 oporteat3
916 3929 978 3974 nec
993 3906 1110 3989 efficit,
1128 3906 1248 3997 aliqua
1265 3904 1347 3972 huic
1364 3902 1511 3970 sermoni

182 4015 425 4098 intermisceri,
440 4039 529 4106 quae
544 4018 632 4083 solos
645 4016 836 4083 sacerdotes
850 4019 1007 4104 spectent
1025 4052 1070 4063 -
1098 4041 1113 4074 ι(
1130 4016 1255 4097 Home,
1275 4010 1337 4101 (μα’
1354 4008 1511 4075 obtulerit

181 4122 324 4189 cavebis
338 4122 485 4190 hostium
498 4123 657 4205 Donat-rto,
671 4123 914 4212 depeeoribuc,
933 4121 969 4209 li.
987 4122 1029 4207 et
1044 4119 1199 4188 debebas
1214 4131 1246 4185 et
1260 4118 1378 4184 ovibus
1394 4146 1408 4174 »
1428 4116 1511 4205 (tam

183 4251 272 4318 quae
291 4251 354 4295 vox
372 4250 493 4319 capras
511 4229 671 4317 includit)
694 4256 710 4290 a
731 4229 884 4318 asserens
899 4227 1052 4293 victimas
1073 4254 1103 4293 a.
1128 4230 1228 4293 Recte
1242 4228 1370 4291 Macer.
1389 4222 1477 4291 clai
1488 4223 1510 4287 l.

183 4337 274 4400 LXX
292 4335 370 4422 Syr.
392 4337 578 4403 sententiae
593 4335 813 4422 distinguunt
836 4333 1002 4423 prodosin
1026 4338 1059 4401 et
1082 4332 1268 4423 apodesin.
1293 4329 1360 4397 Sed
1384 4332 1509 4396 illusor.

186 4438 307 4508 chald.
330 4462 426 4507 voces
445 4441 487 4507 cle
496 4442 677 4531 pecoribus
690 4442 734 4508 ad
753 4441 919 4531 apedosin
937 4441 1110 4508 trahentes
1129 4462 1185 4519 es,
1205 4460 1293 4529 quae
1314 4436 1512 4503 immediate

185 4553 384 4637 sequuntur,
403 4546 471 4614 tere
488 4571 566 4615 eum
588 4547 686 4638 Vulq.
706 4552 735 4634 (a
749 4548 773 4615 i.
793 4570 824 4614 e.
844 4550 875 4635 a)
894 4570 956 4635 pro
971 4548 1183 4637 appositione
1201 4546 1356 4634 accipere
1371 4542 1509 4609 debent.

186 4660 226 4721 at
244 4654 292 4721 sio
308 4655 476 4721 sententia
490 4656 606 4722 evadit
620 4656 733 4721 miuus
745 4676 842 4735 vera,
863 4675 940 4719 eum
958 4658 1094 4743 praeter
1105 4675 1231 4742 pecora
1246 4672 1324 4718 aves
1339 4650 1442 4717 etiam
1459 4668 1511 4713 sa-

186 4762 314 4827 crificio
333 4760 493 4827 adhiberi
507 4768 646 4851 queant.
664 4766 753 4849 Ergo
769 4782 847 4827 eum
867 4762 958 4827 LXX
974 4762 1052 4846 Syr.
1070 4764 1228 4825 construe
1248 4781 1256 4823 :
1276 4756 1338 4846 qui
1354 4752 1512 4821 oblitteret
