3534 5384
704 485 775 529 inv.
798 469 869 541 23,t
891 485 954 537 sao.
1436 471 1495 530 513

166 623 294 708 Reapse
318 618 491 708 appendix
511 639 544 684 v.
568 622 673 684 39-t3
696 619 859 708 supponit
882 613 915 684 ν’.
941 624 982 685 39
1007 618 1174 708 populum
1194 617 1263 706 iam
1287 617 1495 686 incolentem

164 731 292 792 terram
311 738 409 792 suam
427 723 547 813 ibique
567 745 701 790 annuas
714 723 936 810 colligentem
955 729 1099 811 segetes.
1114 746 1146 790 v.
1166 730 1207 791 t3
1222 723 1425 792 umbracula
1441 724 1496 791 in-

165 832 366 912 stituuntur,
384 834 423 897 ut
438 829 506 896 siut
528 829 743 897 memorialia
765 829 1079 912 tabernaculorum,
1103 852 1192 919 quae
1215 830 1361 897 Hebraei
1379 830 1416 896 in
1440 830 1498 896 de-

164 943 254 1004 serto
266 936 463 1004 incolebant
477 958 485 1004 ε
504 941 540 1003 at
553 934 814 1004 memorialibus
824 957 911 1024 opus
926 959 996 1004 non
1010 942 1099 1018 erat,
1116 935 1284 1025 quamdiu
1296 935 1372 1026 ipsa
1385 936 1498 1004 taber-

164 1043 291 1112 nacula
304 1043 551 1134 perdurabant.
568 1048 659 1130 Ergo
672 1065 713 1109 ea
727 1041 900 1132 appendix
914 1041 1103 1115 nonnisiin
1118 1046 1212 1110 terra
1225 1049 1344 1109 sancta
1358 1042 1499 1110 tandem

164 1147 376 1218 observanda
387 1148 599 1217 adscribitur
616 1147 764 1237 ideoque
779 1170 800 1214 a
816 1147 932 1238 priore
946 1147 1035 1235 legis
1055 1155 1153 1238 parte
1168 1171 1201 1216 v.
1218 1153 1320 1216 uti-36
1338 1171 1370 1215 v.
1385 1155 1427 1215 37
1444 1169 1495 1239 sq.

165 1256 377 1325 discernitur.
404 1256 548 1345 Aliquae
573 1256 755 1345 pericopae
777 1254 977 1322 brevissime
995 1261 1173 1345 tamquam
1193 1275 1248 1322 res
1268 1260 1367 1322 notae
1387 1254 1498 1322 absol-

165 1369 308 1447 vuntur3
325 1366 464 1454 praeter
479 1361 595 1440 illam,
613 1361 760 1451 quaeda
775 1361 920 1428 sabbato
935 1361 1090 1451 irrepsit,
1110 1361 1294 1451 pericopae
1313 1361 1356 1429 de
1371 1362 1497 1444 Phase,

166 1469 209 1536 de
228 1469 365 1560 septimi
385 1469 513 1536 mensis
534 1468 728 1551 novilunio,
748 1467 791 1533 de
810 1467 867 1534 die
882 1468 1101 1556 expiationis3
1122 1467 1206 1534 dum
1221 1467 1309 1534 ritus
1327 1467 1365 1536 in
1381 1474 1500 1558 pente-

165 1579 253 1643 coste
267 1583 301 1642 et
314 1575 619 1643 tabernaculorum
633 1574 718 1640 festo
732 1571 970 1640 observandus
984 1573 1091 1639 insius
1104 1572 1323 1641 describitur.
1342 1574 1501 1641 Formula

163 1682 246 1749 item
265 1711 280 1743 «
298 1688 372 1769 Ego
386 1682 487 1748 lahve
502 1686 589 1748 Deus
600 1685 712 1746 vester
729 1706 746 1740 »
762 1701 832 1746 non
849 1678 1017 1747 adiicitur
1029 1678 1072 1746 iis
1086 1678 1197 1762 festis,
1212 1702 1300 1769 quae
1316 1687 1417 1748 antea
1429 1681 1499 1748 iam

167 1789 305 1856 fuerant
316 1787 473 1854 instituta
493 1786 633 1876 (Phase,
660 1783 840 1853 novilunio
854 1784 994 1875 septimi
1009 1785 1155 1869 mensis,
1173 1784 1243 1852 diei
1260 1786 1497 1878 expiationis),

164 1894 224 1962 sed
236 1893 278 1961 iis
292 1915 441 1982 quorum
459 1890 536 1961 h.''l.
558 1893 673 1982 prima
686 1891 836 1959 habetur
852 1891 997 1977 mentio,
1012 1896 1206 1982 pentecoste
1223 1892 1269 1981 (v.
1290 1892 1347 1981 Ἠ)
1365 1899 1399 1960 et
1414 1893 1499 1960 testo

169 1999 472 2068 tabernaculorum
493 1999 536 2086 (v.
555 2000 621 2084 ta).

421 2201 452 2261 1.
479 2195 631 2260 Sabbata
656 2192 776 2282 (serius
799 2191 984 2282 adiectum)
1010 2197 1087 2260 Lev.
1114 2198 1246 2277 rut-3.

212 2373 294 2462 Cap.
312 2373 427 2438 XXIII
437 2393 469 2437 v.
499 2376 552 2437 1«
579 2373 791 2460 Luctatusque
811 2381 859 2436 est
880 2369 1049 2436 Dominus
1072 2369 1120 2438 ad
1144 2373 1286 2461 Moysen
1304 2369 1420 2438 dicens
1445 2399 1461 2434 »
1489 2393 1497 2441 :

164 2503 197 2546 v.
219 2485 240 2544 2
262 2505 278 2539 a
307 2480 459 2568 Loquere
475 2476 563 2566 filiis
577 2476 687 2543 Israel
707 2488 740 2543 et
755 2474 847 2544 dices
864 2474 915 2543 ad
928 2498 983 2543 eos
1002 2498 1015 2543 .·
1031 2479 1107 2544 Hae
1119 2488 1199 2544 sunt
1212 2477 1324 2568 serice
1339 2477 1497 2561 Domini,

170 2584 580 2675 quasoocabitissanctas
599 2611 629 2651 a.
646 2581 751 2650 Hebr.
770 2603 784 2648 .·
799 2605 886 2672 quas
905 2581 1072 2650 vocabitis
1092 2584 1348 2652 convocationes
1362 2598 1499 2653 sanctas

165 2713 242 2773 seu,
262 2712 340 2758 cum
356 2690 479 2758 eadem
497 2689 596 2757 radix
613 2689 667 2756 bis
685 2689 807 2756 eodem
824 2690 985 2756 contextu
1007 2686 1165 2755 adhibita
1190 2689 1312 2756 eodem
1332 2690 1500 2782 interpre-

164 2796 271 2864 tanda
293 2799 336 2864 sit
363 2819 493 2865 sensu:
517 2817 603 2885 quas
628 2793 859 2860 convocabitis
882 2793 1063 2860 conciones
1088 2817 1203 2862 sacras
1227 2794 1282 2883 (ct.
1310 2797 1379 2862 loel
1402 2804 1496 2882 1‚1t;

165 2907 322 2988 2,15;1s.
345 2909 439 2986 13,3;
462 2907 527 2968 ler.
543 2900 650 2989 aba).
672 2921 705 2966 v.
729 2905 748 2965 3
768 2928 783 2960 a
803 2901 873 2966 Sea
889 2898 1009 2966 diebm
1027 2899 1168 2988 facietis
1182 2923 1265 2991 opus
1280 2922 1293 2966 .·
1309 2901 1379 2968 dies
1398 2904 1499 2993 septi-

166 3032 257 3093 mus,
273 3008 359 3097 quia
370 3007 506 3074 sabbati
522 3006 656 3097 requies
671 3018 734 3091 est,
751 3004 952 3096 [uocabitur]
965 3015 1106 3074 sanctus
1125 3034 1158 3087 »,
1175 3007 1292 3074 concio
1305 3030 1404 3076 sacra
1418 3009 1494 3077 erit.

165 3114 232 3182 Sed
251 3113 421 3181 eiusmodi
434 3134 614 3203 nunquam
636 3117 840 3202 praeceptae
856 3113 954 3180 fuere
975 3113 1139 3180 sabbatis
1166 3140 1183 3176 a
1207 3115 1313 3181 Ouiae
1327 3137 1413 3206 opus
1426 3138 1496 3183 non

161 3221 303 3311 facietis
327 3220 365 3288 in
388 3243 426 3288 eo
452 3242 465 3285 :
492 3223 669 3287 sabbatum
693 3218 835 3286 Domini
854 3219 961 3287 estin
985 3219 1117 3287 cunctis
1137 3217 1408 3289 habitationibus
1421 3245 1495 3291 ces-

164 3329 226 3395 tris
249 3356 279 3394 ».
304 3328 351 3395 Cl.
379 3350 413 3396 v.
440 3332 492 3395 m.
515 3332 575 3409 21;
592 3326 677 3393 alias
699 3325 839 3392 additur
862 3354 879 3386 «
899 3327 955 3393 lex
973 3331 1139 3417 perpetua
1157 3327 1195 3395 in
1214 3328 1495 3414 generationibus

164 3433 284 3503 vestris
303 3462 319 3496 u
338 3434 383 3524 (v.
401 3441 454 3503 llt.
473 3439 527 3501 21.
544 3433 614 3522 tt).

613 3633 645 3695 ἓ.
672 3627 783 3695 Pbase
806 3632 882 3695 Lev.
911 3633 1044 3712 aaa-8.

207 3824 239 3866 v.
265 3806 284 3867 t
316 3827 331 3860 a
362 3801 438 3865 Hac
457 3809 536 3864 sunt
559 3799 666 3886 [erqo]
688 3796 799 3884 feriae
819 3796 961 3864 Domini
984 3809 1120 3866 sanctae
1146 3826 1176 3882 »,
1194 3801 1385 3886 conciones,
1408 3825 1492 3894 quas

164 3928 346 3974 convocare
361 3903 488 3972 debetis
501 3926 561 3972 seu
578 3933 593 3966 «
615 3926 701 3993 quas
720 3904 888 3971 celebrare
907 3902 1034 3972 debetis
1050 3907 1256 3997 temporibus
1274 3907 1344 3976 suis
1366 3936 1395 3975 ».
1419 3931 1453 3979 v.
1470 3918 1491 3979 5

163 4039 181 4073 a
207 4015 322 4079 Mense
338 4011 478 4101 primo,
507 4009 767 4100 quartadecima
786 4009 840 4077 die
866 4010 991 4078 mensis
1014 4010 1062 4078 ad
1079 4033 1254 4103 uesperum
1275 4041 1290 4074 a
1317 4013 1375 4103 (cf.
1402 4039 1490 4106 quae

163 4118 310 4185 diximus
329 4117 372 4184 ad
387 4121 444 4184 lix.
464 4117 610 4207 12,6),«
632 4116 741 4183 Pbase
762 4116 904 4183 Domini
922 4131 972 4184 est
992 4143 1021 4184 r.
1041 4141 1073 4186 v.
1092 4123 1112 4183 6
1134 4147 1149 4178 a
1167 4121 1212 4186 Et
1230 4119 1490 4210 quintadecima

164 4223 219 4290 die
246 4224 371 4291 rnertsis
394 4223 512 4309 baias,
530 4222 729 4290 solemnitas
752 4244 954 4310 azymorum
975 4223 1115 4290 Domini
1133 4237 1194 4293 est.
1216 4227 1353 4317 Septem
1370 4228 1489 4300 diebus

162 4352 288 4419 azyma
304 4329 488 4398 comedetis
514 4356 545 4398 n.
569 4352 601 4397 v.
628 4337 648 4395 7
675 4356 692 4391 a
712 4330 790 4396 Dies
800 4332 941 4420 primus
956 4329 1021 4397 erit
1032 4331 1125 4398 cobis
1142 4331 1376 4402 celeberrimus
1389 4359 1489 4406 sanc·

164 4449 286 4526 Iusque
302 4459 338 4520 »;
357 4438 457 4505 Hebr.
476 4458 489 4502 .·
507 4436 562 4502 die
569 4435 688 4525 primo
703 4436 821 4503 concio
834 4458 935 4503 sacra
949 4437 1015 4504 erit
1040 4437 1153 4520 uobis,·
1170 4465 1186 4498 a
1205 4460 1303 4506 omne
1320 4463 1405 4532 aptis
1423 4467 1490 4512 ser-

163 4543 231 4610 uile
245 4565 314 4610 non
321 4542 457 4632 facietis
471 4543 509 4610 in
521 4565 559 4610 eo
576 4569 608 4625 a,
623 4563 657 4608 v.
672 4548 692 4609 8
709 4570 725 4603 «
742 4541 803 4608 sed
813 4541 968 4631 offeretis
982 4543 1190 4633 sacrificium
1206 4545 1332 4636 inique
1344 4550 1489 4617 Domino

163 4663 292 4741 septem
316 4648 444 4717 diebus.
471 4650 550 4716 Dies
571 4661 687 4716 autem
704 4647 868 4740 septimus
894 4649 958 4715 erit
977 4649 1140 4718 celebrior
1164 4663 1196 4718 et
1217 4653 1367 4720 sanctior
1395 4683 1429 4740 »,
1445 4695 1491 4708 -

162 4757 302 4845 ignorat
319 4757 571 4846 comparativus
589 4757 690 4823 Hebr.
713 4777 726 4822 :
748 4754 804 4822 die
829 4757 972 4846 septimo
987 4757 1103 4826 concio
1122 4781 1221 4828 sacra
1238 4799 1281 4812 -
1300 4789 1316 4823 a
1338 4761 1490 4832 nullum-

165 4886 230 4953 que
242 4863 361 4933 seruile
381 4886 466 4955 opus
476 4861 612 4952 facietis
627 4862 666 4929 in
685 4884 723 4929 eo
740 4891 771 4930 ».

554 4992 732 5030 transennam.
750 4993 823 5031 -m
840 4993 882 5032 nx.
901 4993 931 5029 ar
948 4993 1003 5031 aar.
1024 5007 1055 5018 -
1071 4983 1101 5030 93
