3534 5384
742 426 790 469 nx.
814 409 887 475 9,ἳὲ
908 424 972 477 soe.
1467 411 1523 471 103

186 556 338 622 homiues
363 570 396 623 et
417 580 519 647 super
538 558 739 626 iumentum
760 581 862 649 super
883 580 1016 625 cirenem
1034 556 1174 627 herbam
1194 558 1271 648 aqui
1290 560 1326 626 ia
1348 571 1439 627 terra
1458 563 1521 626 Ae-

186 664 289 753 pypa'
309 690 340 729 ».
359 685 392 729 v.
418 670 460 730 23
482 692 498 727 (ν
521 665 755 755 Extenditque
769 668 901 755 Moyses
916 665 1049 755 cirqam
1074 665 1111 731 ia
1135 664 1284 747 coelum,
1304 678 1338 732 ei
1360 668 1525 733 Domana

188 768 283 835 dedit
308 771 461 836 tonitrua
487 783 518 838 et
537 772 744 861 praadiaem
763 794 804 839 ae
827 771 1058 839 discurrentia
1078 771 1229 862 fulquere
1253 796 1355 862 suuper
1379 785 1518 855 terrosa,

183 875 344 965 pluitque
362 876 530 944 Dominus
540 877 749 967 praadiaem
762 900 862 969 super
880 892 1008 945 terram
1017 878 1168 969 Aepypti
1184 901 1220 961 »3
1244 906 1260 941 ι(
1278 879 1313 946 h.
1328 902 1373 961 e.,
1392 880 1523 969 lapides

186 982 365 1077 grapdinis
378 983 428 1051 ita
442 984 711 1069 descendebant,
728 987 814 1052 sicut
828 984 945 1074 pluvia
960 985 1044 1052 solet
1059 983 1209 1053 detinere
1231 1012 1247 1047 »
1270 984 1349 1075 (Syl
1373 986 1407 1074 .).
1427 1008 1459 1053 v.
1480 994 1521 1055 dt

187 1116 203 1148 «
221 1090 267 1155 Et
278 1088 412 1179 prande
428 1103 461 1157 et
476 1090 570 1179 ipais
581 1091 687 1159 mista
700 1091 1040 1181 pariterserebautur
1051 1119 1080 1156 ν.
1099 1094 1201 1157 Hebr.
1220 1092 1289 1159 :m
1300 1091 1376 1180 fuit
1386 1092 1520 1183 procido

185 1208 217 1260 et
232 1194 322 1285 ipais
341 1219 376 1263 se
393 1197 680 1287 comprehendens
694 1186 858 1290 (stephan)
873 1199 910 1264 iu
929 1196 1042 1264 medio
1059 1196 1253 1287 prandiais.
1284 1200 1351 1266 Sed
1370 1199 1455 1289 quid
1473 1207 1522 1267 est

183 1302 277 1389 ignis
292 1324 328 1369 se
342 1304 661 1393 comprehendens?
676 1304 775 1372 Globi
790 1305 901 1391 ignei,
919 1304 1032 1394 inquit
1046 1302 1143 1389 Keil,
1168 1311 1201 1371 et
1221 1306 1314 1372 iavet
1339 1311 1395 1373 ΕΖ.
1414 1314 1467 1387 i,i
1489 1312 1521 1372 et

186 1409 318 1499 Syrum.
346 1419 573 1495 ἐνειλούμενον,
594 1411 730 1479 volutus
753 1410 818 1500 (?);
839 1412 982 1497 fulgura
1001 1410 1166 1479 continuo
1190 1412 1256 1479 sibi
1284 1411 1519 1495 succedentia,

187 1515 235 1580 aii
252 1515 372 1583 Dt'llm.
400 1518 594 1585 Machanice
620 1519 723 1584 vertit
742 1520 808 1605 Aq.
838 1523 1192 1603 συναναλαμδανὸμενον,
1216 1522 1249 1584 et
1272 1516 1413 1585 liberius
1431 1522 1523 1583 LXX

187 1619 308 1690 Chald.
335 1624 415 1711 Syr.
441 1624 623 1715 effulqeas.
646 1628 799 1714 Sequens
819 1638 890 1689 san
905 1640 965 1689 aaa
990 1624 1090 1713 Vulp.
1112 1624 1156 1691 ad
1176 1624 1453 1713 muqaitudiaem
1469 1648 1520 1691 re-

183 1727 264 1809 fert,
286 1728 348 1795 sed
366 1729 494 1797 sufficit
514 1731 643 1797 reterre
664 1729 709 1797 ad
728 1730 928 1797 violentiam
949 1752 956 1799 :
979 1757 995 1793 a
1014 1741 1198 1819 tantaeque
1209 1729 1282 1819 serit
1306 1730 1519 1819 mapaiaali-

183 1833 254 1918 reis,
272 1848 406 1923 quauta
418 1849 500 1903 uate
512 1859 692 1926 uerrucam
707 1838 870 1928 apparuit
880 1837 919 1905 ia
934 1836 1095 1905 uniuersa
1111 1849 1201 1903 terra
1215 1836 1378 1927 Aeqypti,
1395 1860 1437 1903 eu
1453 1861 1519 1926 pito

181 1962 266 2027 psas
281 1941 346 2008 illa
362 1942 502 2009 condito
516 1955 564 2009 est
584 1971 616 2010 ν.
639 1948 723 2011 Rem
738 1944 871 2033 poetice
894 1942 1039 2033 explieat
1058 1948 1137 2033 Sap.
1160 1950 1262 2028 16,16
1282 1965 1334 2033 sq.
1357 1980 1402 1993 -
1420 1965 1453 2010 v.
1477 1950 1517 2010 25

184 2074 200 2107 u
217 2050 263 2114 Et
282 2049 449 2137 percussit
471 2048 605 2139 prendo
622 2050 660 2116 iu
680 2050 775 2117 cusai
789 2064 880 2116 terra
895 2050 1048 2140 Aepppte'
1059 2061 1201 2131 attacta,
1218 2071 1307 2138 quae
1319 2051 1466 2139 fecerunt
1482 2050 1517 2115 iu

181 2153 294 2242 apris,
311 2158 354 2222 ab
373 2155 512 2223 boariae
536 2178 641 2246 usque
656 2155 705 2223 ad
718 2156 911 2224 iumentum
916 2176 932 2241 ,·
949 2170 1176 2245 cunctamque
1191 2155 1330 2224 herbam
1345 2156 1425 2245 apri
1435 2177 1515 2245 prier-

180 2260 285 2327 cussit
297 2262 432 2350 praado
453 2290 488 2346 »,
506 2262 658 2331 -istud
673 2276 796 2330 cernua
815 2264 971 2350 intellige
996 2264 1066 2330 iere
1088 2265 1138 2329 uti
1155 2262 1273 2329 amaia
1286 2285 1318 2328 v.
1337 2268 1357 2328 6
1375 2283 1383 2331 :
1398 2284 1517 2352 super-

177 2365 259 2447 tuit,
277 2368 370 2457 quod
392 2369 541 2437 locustae
557 2369 772 2437 destruerent
792 2410 836 2419 -
862 2398 878 2432 ν(
896 2384 929 2437 et
947 2392 1044 2439 arnae
1065 2370 1202 2459 lipsium
1218 2368 1369 2460 repiouis
1384 2370 1517 2454 ceufre-

178 2473 232 2561 pa
256 2502 291 2557 ν,
312 2502 328 2535 «
352 2475 518 2543 arborum
539 2483 672 2544 teneros
696 2477 944 2544 ramusculos»
967 2476 1130 2565 (Rapsa).
1154 2500 1184 2543 v.
1211 2482 1253 2543 26
1277 2506 1292 2537 ιι
1316 2479 1464 2542 Tantum
1481 2476 1517 2540 ia

180 2591 270 2647 terra
294 2582 436 2663 Gessea,
461 2582 521 2648 ubi
537 2596 637 2650 eraut
658 2583 729 2673 filii
749 2583 875 2667 israel,
896 2582 1031 2673 qraado
1052 2605 1122 2650 aaa
1142 2582 1265 2649 cecidit
1283 2610 1313 2650 ».
1332 2582 1441 2649 Etiam
1455 2604 1517 2647 na·

178 2691 257 2754 tura
269 2709 331 2755 sua
345 2688 479 2775 grando
493 2689 594 2756 certis
612 2689 740 2757 finibus
755 2691 964 2773 continetur,
986 2710 1117 2779 pagum
1134 2711 1242 2756 unum
1263 2688 1392 2768 visitat,
1408 2688 1514 2755 alium

179 2793 318 2861 omittit.
338 2794 436 2872 Quod
445 2799 566 2862 auctor
579 2817 676 2863 sacer
688 2796 726 2863 in
738 2796 803 2863 hac
820 2795 977 2863 inaudita
992 2797 1096 2885 plane
1107 2795 1278 2883 grandine
1290 2794 1514 2861 describenda

177 2898 420 2989 sitaliquando
433 2901 618 2969 facundior
633 2903 689 2990 tei.
708 2925 797 2992 quae
813 2901 961 2969 diximus
975 2901 1017 2968 de
1028 2901 1151 2968 diluvii
1165 2898 1424 2990 descriptione),
1443 2921 1512 2965 non

177 3012 227 3071 est
245 3006 332 3072 ratio
344 3010 559 3096 supponendi
575 3008 749 3075 variarum
767 3008 1010 3077 narrationum
1025 3014 1184 3075 centones
1198 3006 1254 3074 hic
1269 3006 1401 3074 consui.
1415 3029 1446 3071 v.
1469 3013 1510 3071 27

180 3140 196 3171 (ν
212 3112 373 3202 Misitque
389 3112 524 3181 Pharao
539 3128 572 3182 et
587 3114 721 3183 uocauit
736 3118 876 3204 Moysen
893 3126 925 3182 et
939 3117 1068 3199 Aaron,
1082 3112 1197 3182 diceas
1212 3113 1260 3181 ad
1274 3136 1329 3180 eos
1342 3133 1355 3179 .·
1368 3114 1514 3179 Peccaei

177 3218 281 3285 eiiam
302 3242 395 3286 accite
416 3247 447 3289 νν.
469 3224 539 3287 Vox
562 3221 667 3288 etiam
693 3244 764 3289 non
784 3224 889 3289 estin
913 3227 1023 3301 textu,
1037 3222 1188 3311 facitque
1204 3222 1420 3288 Pharaonem
1436 3242 1514 3286 con-

176 3324 342 3409 fitentem,
356 3348 392 3393 se
405 3348 474 3393 non
485 3325 550 3394 hac
566 3327 638 3395 cice
652 3329 776 3409 solum,
798 3327 857 3395 sed
872 3333 976 3395 antea
989 3328 1059 3395 iam
1072 3350 1229 3419 peccasse
1247 3327 1392 3417 (Deua).
1413 3354 1429 3387 (ν
1446 3330 1513 3391 Dc-

178 3430 293 3498 au'aus
319 3434 444 3514 iustus,
468 3456 532 3523 eqo
551 3446 584 3502 ei
599 3437 749 3525 populas
767 3457 862 3502 meus
878 3434 981 3524 impii
995 3461 1025 3501 ν.
1042 3457 1074 3502 v.
1093 3440 1135 3501 28
1152 3462 1167 3496 α
1189 3436 1290 3501 Orate
1305 3434 1511 3512 Dominum,

153 3548 216 3602 *ra
229 3536 388 3605 desinant
412 3539 567 3607 tonitrua
583 3541 647 3608 Dei
666 3570 702 3626 νν,
727 3543 751 3609 i.
774 3565 804 3609 e.
823 3541 982 3629 ingentia
1002 3540 1131 3631 (Vct),
1151 3570 1167 3603 a
1192 3553 1224 3607 ct
1236 3539 1388 3631 prartda,
1409 3551 1446 3604 ut
1462 3540 1499 3605 di

177 3644 403 3731 mittentem,
421 3659 454 3714 et
472 3670 695 3738 nequaquam
711 3648 787 3737 [liic]
804 3648 896 3715 ultra
911 3648 1080 3715 mancatis
1103 3674 1133 3715 ν.

212 3814 272 3868 zai,
297 3808 372 3873 quod
400 3812 491 3873 potuit
514 3810 596 3862 iacile
627 3810 695 3863 oriri
718 3813 896 3876 corruptione
924 3814 1067 3876 sequentis
1091 3816 1175 3870 ῚἹΞἹ,
1199 3810 1330 3861 videntur
1361 3812 1505 3873 ignorasse

180 3896 256 3960 Vale.
271 3899 336 3947 m
344 3912 354 3947 .·
368 3900 473 3950 etenim
487 3900 613 3950 aestuum
624 3901 717 3952 reddit
730 3902 967 3964 praepositionem
985 3908 1034 3983 ’,τι
1053 3899 1148 3951 Cbaid.
1164 3901 1226 3963 Sur.
1243 3898 1409 3963 paraphrasi
1422 3904 1505 3947 uten-

177 3988 220 4035 tes
233 3986 355 4048 produnt
367 3987 422 4037 sthi
432 3990 539 4039 textum
554 3990 669 4040 minime
682 4003 745 4040 esse
759 3992 948 4053 perspicuum.
965 3991 1064 4040 versio
1080 4004 1092 4037 c
1109 3990 1179 4039 satis
1195 3992 1238 4039 est
1252 3986 1337 4039 fiendi
1355 3988 1476 4037 tonitrua
1492 4003 1502 4031 ν

176 4072 222 4139 (ci.
238 4073 335 4141 cutm.)
351 4076 422 4127 dura
440 4082 493 4140 est,
511 4084 596 4134 nino
616 4084 692 4129 certe
707 4078 846 4139 abundat,
872 4091 964 4143 neque
984 4079 1155 4129 constructio
1174 4082 1217 4129 est
1231 4077 1314 4141 plane
1332 4076 1444 4136 eadem,
1462 4080 1509 4125 at-

176 4172 232 4227 que
256 4163 270 4213 ³
290 4164 361 4228 Reg.
380 4164 626 4228 ta‚ra;1tz.tt,o;
643 4168 730 4218 verba
745 4167 858 4218 tandem
872 4170 963 4218 inore
983 4168 1139 4219 Pharaonis
1152 4166 1213 4217 iere
1228 4167 1341 4229 sapiunt
1353 4167 1506 4216 irreveren-

176 4252 252 4302 tiam.
264 4278 301 4289 -
322 4258 376 4303 Pro
389 4234 513 4311 nubant
529 4256 660 4319 legebant
674 4256 738 4306 tur
750 4236 874 4312 :tubam
890 4261 967 4313 thum
990 4260 1082 4306 tamen
1097 4256 1180 4306 iidem
1194 4270 1223 4305 v.
1243 4255 1275 4305 ‘29
1291 4253 1430 4304 addebant
1443 4254 1505 4318 plic-

176 4340 250 4389 atam
264 4338 308 4408 (ci.
324 4354 352 4391 v.
369 4339 428 4408 33),
445 4345 553 4395 textum
567 4343 736 4409 quandoque
751 4342 923 4395 modificant.

218 4518 249 4563 v.
267 4503 309 4563 29
328 4527 344 4558 α
362 4498 420 4564 Aa
434 4502 566 4589 Mopsus
581 4523 594 4566 .·
612 4503 697 4569 Cum
712 4524 863 4593 epressus
878 4501 981 4589 fuero
998 4500 1039 4565 de
1055 4503 1147 4588 turbe,
1170 4500 1351 4567 cateridem
1364 4499 1504 4589 psaltrias·

172 4624 266 4669 trecas
281 4602 330 4669 ad
342 4606 526 4674 Dominum
545 4634 579 4690 ν,
596 4646 640 4658 -
658 4638 673 4671 «
694 4609 752 4676 ilie
771 4615 822 4676 est
840 4616 955 4695 gestus
974 4609 1134 4675 orantis»
1154 4606 1231 4695 (Syl
1255 4608 1275 4691 .)
1294 4644 1338 4656 -
1356 4634 1371 4665 «
1388 4618 1420 4671 ct
1436 4629 1502 4671 ces-

171 4711 294 4775 sabunt
310 4711 471 4794 tonitrua,
490 4726 522 4779 et
538 4715 673 4803 prendo
689 4738 759 4782 aaa
772 4715 838 4782 erit
853 4738 865 4779 .·
880 4728 920 4781 ut
933 4715 1031 4798 scias,
1050 4713 1133 4804 quia
1147 4712 1288 4779 Dorrriai
1302 4725 1348 4778 est
1362 4724 1451 4778 terra
1469 4744 1498 4793 ν,

173 4836 243 4903 qua
264 4838 345 4883 voce
366 4816 536 4909 imprimis
555 4826 729 4912 Aegyptus
756 4823 809 4909 (ci.
835 4821 961 4895 Calue.)
978 4819 1194 4906 designatur;
1212 4840 1257 4885 an
1271 4840 1353 4885 vero
1376 4823 1501 4903 iioyses

1657 4624 1765 4821 n
