3534 5384
1464 408 1564 451 nx.
1608 394 1756 463 4‚19
1801 408 1929 460 soo.
2952 394 3025 452 61

364 544 510 595 filios
541 548 594 594 et
619 557 879 605 uxorem,
911 548 1032 595 erat
1069 545 1286 605 asinus,
1321 545 1378 594 in
1407 557 1519 608 quo
1560 545 1845 595 Abraham
1872 547 2113 609 portavit
2152 546 2307 608 ligna
2345 547 2657 596 holocausti
2697 559 2799 611 pro
2839 546 3024 606 Isaac,

367 636 425 683 et
450 633 602 698 quod
638 646 806 696 super
830 646 956 683 eum
985 634 1172 684 veniet
1197 633 1455 693 messiae,
1483 634 1687 684 habeat
1715 635 1963 698 aliquem
1989 635 2234 685 colorem
2268 650 2318 683 ».

453 795 516 838 v.
559 778 638 837 19
680 801 710 833 «
753 771 947 837 Dz'oeic
989 770 1194 861 [erqo]
1241 772 1575 837 Dominus
1623 772 1720 837 (nl
1755 776 2042 859 Moysen
2077 773 2151 839 in
2188 771 2479 839 Madian
2511 795 2536 838 .·
2592 772 2773 840 Vade
2822 787 2884 839 et
2924 799 3031 840 re-

366 890 617 945 vertere
659 878 727 943 in
773 882 1208 969 Aeqyptzmz;
1244 878 1501 944 mortui
1541 892 1699 945 sunt
1731 879 1917 944 mim
1968 902 2231 958 omnes,
2262 879 2388 968 qui
2430 882 2851 968 quaerebant
2884 881 3031 947 ani-

367 997 767 1052 mammam
810 1013 866 1051 ».
904 1007 968 1052 V.
1006 991 1089 1050 20
1129 1012 1160 1046 «
1199 984 1381 1051 Tulit
1406 1008 1564 1076 erqo
1600 988 1871 1075 Moyses
1905 1009 2186 1052 uxorem
2216 1008 2413 1052 suam
2442 999 2509 1051 et
2534 986 2723 1074 filios
2759 1010 2936 1069 suos,
2969 999 3033 1053 et

367 1091 692 1181 irreposuit
727 1114 837 1156 eos
878 1114 1082 1181 super
1117 1091 1432 1178 asinum,
1469 1114 1907 1182 reversusque
1933 1094 2126 1159 estin
2166 1095 2557 1182 Aeqyptum
2579 1107 2870 1181 portans
2896 1094 3031 1159 vir-

362 1220 525 1288 qam
569 1200 693 1264 Dei
740 1199 814 1263 in
852 1220 1062 1263 mama
1114 1220 1237 1264 sua
1283 1227 1340 1265 ».
1388 1222 1452 1264 v.
1498 1204 1578 1264 21
1622 1228 1651 1259 α
1705 1199 2034 1288 Dioettque
2083 1198 2147 1265 ei
2184 1200 2519 1265 Dominus·
2566 1202 2931 1266 revertenti
2958 1201 3030 1266 in

360 1309 754 1394 Aeqyptum
789 1332 819 1364 »
861 1324 874 1370 :
908 1343 996 1352 —
1046 1306 1258 1391 iunge
1296 1304 1737 1394 sequentibus
1777 1328 1791 1373 :
1857 1308 2028 1372 Cum
2067 1328 2323 1394 7701·an
2352 1304 2448 1371 ad
2491 1306 2912 1373 redeundum
2956 1305 3023 1372 in

361 1415 786 1501 Aeqyptum‚
836 1409 986 1476 vide
1025 1424 1197 1492 ete.,·
1227 1411 1274 1476 i.
1322 1434 1382 1478 e.
1419 1433 1573 1477 cum
1619 1410 1917 1479 reditum
1960 1413 2097 1478 iam
2123 1433 2489 1499 aggressus
2513 1413 2635 1492 siS,
2671 1415 2801 1480 hoc
2839 1412 3027 1502 quod

360 1517 585 1584 dicam
615 1516 889 1584 attende
929 1556 1014 1567 —
1047 1546 1077 1577 «
1128 1516 1291 1585 Vide
1312 1571 1326 1598 ,
1366 1530 1441 1583 ut
1472 1517 1703 1584 onmia
1734 1529 2030 1604 ostenta,
2064 1541 2241 1608 quae
2263 1520 2473 1607 posui
2504 1519 2578 1585 in
2625 1542 2836 1585 manu
2869 1531 3021 1600 tua,

353 1626 574 1712 facias
614 1646 841 1690 coram
880 1623 1238 1690 Pharaone
1266 1646 1291 1689 .·
1317 1647 1442 1711 eqo
1477 1651 1509 1685 »
1545 1647 1697 1690 vero
1727 1652 1758 1685 «
1788 1623 2126 1690 indurabo
2163 1648 2276 1690 cor
2313 1625 2487 1709 eius,
2526 1638 2591 1692 et
2617 1650 2758 1693 non
2793 1625 3028 1692 ‹timit-

361 1743 455 1796 tet
469 1730 806 1820 populum
843 1759 899 1797 ».
928 1737 1003 1798 In
1022 1730 1370 1820 prioribus
1394 1730 1706 1821 explicite
1736 1753 1962 1798 sermo
1995 1737 2140 1798 erat
2163 1731 2247 1798 de
2275 1731 2487 1818 signis
2512 1754 2744 1799 coram
2771 1733 3029 1823 populo

354 1836 710 1904 faciendis,
733 1841 920 1903 Nunc
941 1842 1257 1904 monetur
1271 1841 1544 1924 Moyses,
1571 1843 1646 1903 ut
1667 1839 1799 1903 tria
1821 1837 1943 1903 illa
1963 1838 2163 1923 signa
2180 1839 2387 1903 etiam
2407 1860 2640 1905 coram
2663 1840 3021 1905 Pharaone

354 1950 697 2032 operetur,
745 1943 1068 2009 adiicitur
1105 1949 1428 2031 quartum
1468 1942 1553 2009 de
1597 1943 2054 2010 interimendo
2094 1942 2468 2010 Pharaonis
2507 1944 2651 2010 filio
2700 1945 2977 2031 signum
3002 1998 3018 2026 ,

356 2049 627 2139 reliqua
667 2052 899 2115 futura
944 2049 1140 2135 signa
1176 2051 1448 2115 interim
1492 2048 1766 2116 silentio
1804 2056 2235 2138 premuntur.
2286 2050 2503 2116 Etiam
2545 2051 2898 2138 signorum
2931 2051 3026 2117 ef-

357 2157 571 2223 fectus
598 2156 988 2222 summatim
1009 2156 1559 2244 praenuntiatur.
1597 2161 1702 2223 Sc.
1738 2156 2018 2222 effectus
2050 2154 2442 2223 dimittendi
2458 2156 2699 2246 populi
2721 2156 3024 2245 primum

355 2263 664 2329 nondum
694 2261 1141 2341 obtinebitur,
1175 2262 1364 2350 quod
1405 2266 1578 2328 Deus
1610 2261 2062 2329 induratur-ets·
2100 2263 2186 2328 sit
2227 2285 2348 2330 cor
2378 2263 2783 2344 Pharaonis;
2830 2264 2916 2330 cf.
2953 2269 3015 2343 lt,

356 2374 476 2450 213
521 2375 668 2451 7,3;
706 2375 899 2449 9,12;
941 2374 1161 2449 1020.
1207 2375 1325 2447 2¹st
1377 2375 1608 2449 11‚10;
1659 2374 1839 2449 Mdv.
1886 2375 1951 2436 8.
2003 2376 2107 2436 17.
2160 2369 2340 2436 Alias
2387 2369 2614 2459 ipsum
2651 2369 3021 2436 Pharaonis

357 2497 475 2541 cor
504 2475 752 2541 (lurum
787 2475 998 2562 (7,13.
1046 2481 1166 2556 22;
1204 2481 1397 2556 8‚15;
1435 2475 1619 2564 9,35)
1655 2476 1763 2542 vel
1793 2499 2003 2564 qrare
2037 2476 2258 2566 (2143
2295 2478 2432 2564 9,7)
2474 2489 2574 2541 est
2621 2473 2731 2542 vel
2758 2476 2888 2564 fit;
2913 2477 3019 2542 vel

356 2581 617 2647 Pharao
651 2603 765 2647 cor
801 2602 998 2647 suum
1035 2581 1208 2668 facit
1243 2604 1450 2671 qma-e
1488 2582 1595 2647 vel
1641 2580 1891 2646 (lurum
1939 2583 2149 2671 (8,11.
2188 2587 2305 2662 28;
2335 2582 2521 2668 9‚3[÷)
2554 2581 2694 2662 vel,
2739 2604 2872 2647 non
2905 2581 3020 2647 ad-

355 2688 606 2776 scripto
645 2687 947 2771 obiecto,
996 2685 1279 2752 indurat
1321 2688 1364 2752 i.
1405 2710 1464 2754 e.
1515 2686 1767 2754 durum
1803 2710 1873 2754 se
1914 2688 2202 2777 praebet
2249 2689 2535 2777 (13‚15).
2563 2687 2659 2753 Cf.
2691 2686 2948 2753 Dillm.·
2974 2693 3020 2754 Ε
3076 2682 3081 2692 ’

356 2793 607 2882 quibus
635 2794 956 2860 omnibus
979 2794 1057 2858 fit
1092 2792 1405 2869 evidenS,
1442 2798 1655 2859 Deum
1691 2795 1785 2860 ita
1816 2792 2162 2860 obdurare
2186 2794 2613 2861 Pharaonem
2635 2848 2649 2874 ‚
2686 2801 2758 2860 ut
2787 2800 3021 2859 tamen

359 2901 621 2966 Pharao
661 2900 864 2966 etiam
897 2921 1051 2965 vere
1093 2897 1382 2965 obduret
1417 2922 1485 2964 se
1529 2898 1780 2989 ipsum.
1820 2905 1925 2967 Sc.
1961 2900 2295 2989 quamdiu
2343 2901 2607 2967 Pharao
2646 2899 2864 2986 gemit
2893 2900 3020 2965 sub

356 3029 614 3096 poena,
663 3013 942 3095 paratus
987 3013 1085 3072 est
1132 3005 1220 3072 ad
1272 3004 1604 3095 populum
1645 3005 2168 3089 dimittendum3
2205 3006 2437 3073 ablato
2468 3007 2749 3092 flagello
2784 2994 3022 3072 'mutat

355 3118 652 3179 mentem
686 3134 700 3180 :
738 3117 908 3178 Deus
958 3112 1086 3177 hoc
1124 3111 1518 3201 praesciens
1546 3114 1771 3180 aufert
1797 3113 2147 3198 flagellum
2168 3165 2183 3193 ‚
2211 3118 2416 3201 atque
2467 3112 2564 3178 ita
2594 3113 3018 3179 Pharaonem

355 3219 651 3286 indurat.
698 3241 760 3286 v,
810 3225 894 3284 22
940 3246 969 3277 «
1004 3218 1336 3307 Dicesque
1375 3217 1472 3284 ad
1495 3241 1653 3284 eum
1687 3241 1712 3283 .·
1754 3222 1941 3285 Haec
1975 3218 2146 3284 dicit
2166 3219 2502 3285 Dominus
2528 3241 2555 3284 .·
2580 3219 2802 3284 Filius
2832 3240 3018 3284 meus

342 3325 846 3415 primoqenitus
889 3324 1109 3391 Israel
1158 3351 1217 3389 ».
1271 3324 1717 3410 Primogeniti
1770 3325 2176 3411 dignitatem
2213 3331 2281 3391 et
2324 3347 2631 3392 amorem
2676 3324 2883 3392 habet
2930 3324 3017 3390 ob

352 3431 746 3498 electionem
807 3453 974 3519 prae
1023 3431 1296 3520 populis
1341 3429 1626 3520 reliquis
1663 3431 1985 3498 omnibus
2027 3453 2043 3496 t
2092 3433 2272 3497 hanc
2323 3437 2562 3499 nactus
2605 3440 2704 3498 est
2752 3431 2842 3497 ob
2900 3431 3016 3497 Dei

350 3536 785 3623 unigenitum
807 3537 1183 3626 aliquando
1204 3536 1278 3602 in
1309 3559 1511 3603 carne
1536 3537 2035 3625 generandum.
2075 3562 2137 3603 v.
2168 3545 2250 3604 23
2284 3567 2313 3598 «
2346 3539 2506 3603 Dixi
2532 3538 2656 3603 tibi
2685 3560 2711 3602 .·
2736 3537 3015 3603 Dimitte

344 3642 575 3732 filium
612 3666 868 3725 meum,
914 3655 991 3708 ut
1020 3643 1272 3709 serviat
1299 3642 1477 3709 mihi
1506 3672 1535 3703 »
1559 3698 1574 3727 ,
1609 3643 1929 3734 iniquum
1963 3645 2147 3710 enim
2179 3650 2309 3725 est,
2345 3651 2418 3710 u‘t
2447 3645 2633 3710 filius
2661 3666 2849 3709 meus
2872 3666 3014 3710 ser-

356 3750 493 3815 viat
540 3747 664 3815 cibi
718 3750 789 3815 in
847 3749 1178 3816 lateribus
1216 3749 1628 3838 coquendiS,
1689 3773 1896 3838 quem
1945 3773 2074 3836 ego
2116 3750 2286 3816 mibi
2335 3751 2588 3817 sel-*ire
2631 3750 2782 3816 volo
2828 3749 3012 3816 cultu

351 3855 591 3921 latriae
626 3857 844 3944 (3,12;
880 3857 964 3921 cf.
1020 3858 1225 3938 Tost„
1261 3855 1514 3944 Syllam).
1562 3883 1593 3916 «
1636 3859 1721 3921 Et
1755 3856 2042 3921 noluisti
2067 3855 2411 3923 dimittere
2442 3881 2594 3923 eum
2646 3879 2671 3922 .·
2702 3879 2851 3922 eece
2890 3880 3014 3943 eqo

353 3962 761 4050 interficiam
797 3962 1030 4050 filium
1089 3975 1284 4027 tuum
1328 3961 1883 4052 p7·z'moqenitwn
1936 3991 1995 4028 n.
2055 3969 2207 4044 11,5
2257 3970 2323 4030 et
2384 3971 2581 4041 1239
2632 3961 3019 4029 extenditur

347 4068 531 4134 istud
569 4067 655 4134 ad
692 4089 927 4133 omnes
960 4069 1455 4158 primogenitos
1484 4069 1812 4158 Aegypti,
1849 4074 1991 4135 tam
2033 4068 2393 4135 hominum
2434 4091 2640 4158 quarn
2672 4069 3016 4135 iumento-

349 4197 527 4242 rum.
601 4179 860 4264 Reapse
915 4173 991 4239 hi
1047 4176 1254 4241 etiam
1315 4196 1550 4241 omnes
1598 4174 1895 4261 intelligi
1940 4180 2225 4264 possunt
2270 4174 2532 4242 includi
2586 4174 3015 4264 expressione

347 4281 576 4371 filium
637 4293 828 4347 tuum
869 4280 1462 4370 primoyenittcm,
1515 4283 1680 4370 quia
1725 4283 1990 4348 Pharao
2030 4285 2292 4371 prostat
2332 4304 2460 4371 pro
2511 4283 2831 4348 universa
2880 4287 3036 4347 Ae-'

351 4395 599 4478 sypto·

420 4549 601 4601 Etiam
628 4551 688 4600 hi
724 4563 917 4600 versus
950 4550 1353 4601 recentioribus
1383 4551 1643 4602 videntur
1673 4551 1996 4614 asyndetice
2038 4554 2249 4618 scripti.
2287 4553 2398 4604 Cur
2443 4553 2581 4604 illud
2621 4566 2675 4604 v.
2713 4553 2772 4602 21
2808 4532 3010 4633 '3n2‘72

349 4620 505 4697 :51:55
534 4652 646 4689 non
676 4640 912 4690 habetur
953 4644 1084 4689 ante
1123 4654 1177 4690 v.
1204 4640 1292 4701 20,
1325 4642 1597 4690 monitum
1635 4655 1715 4690 sc.
1748 4654 1852 4704 pro
1881 4643 2081 4692 itinere
2110 4642 2299 4692 datum
2344 4647 2474 4691 ante
2504 4644 2685 4705 ipsum
2721 4648 3006 4692 narratum

349 4729 486 4779 iter?
514 4727 690 4779 Eccur
723 4728 897 4778 solius
924 4729 1423 4792 primogenitorum
1453 4729 1640 4779 caedis
1678 4733 1888 4780 mentio
1919 4730 2173 4790 habetur,
2208 4732 2478 4793 ignoratis
2515 4732 2701 4794 plagis
2739 4731 2970 4793 reliquis
2995 4730 3018 4777 ’ἰ

350 4816 703 4882 Respondeo,
733 4831 787 4866 v.
814 4816 982 4867 ‘zi-23
1016 4817 1142 4868 ideo
1172 4817 1278 4868 hoc
1306 4819 1362 4868 et
1391 4830 1503 4867 non
1532 4819 1643 4868 alio
1669 4819 1795 4869 loco
1826 4821 2017 4880 inseri,
2045 4820 2193 4882 quod
2216 4821 2409 4869 intime
2440 4822 2842 4870 connectantur
2879 4830 3005 4869 cum
