3534 5384
719 419 767 463 rx.
792 405 884 477 3234
906 418 971 471 soe.
1451 408 1508 467 331

180 566 247 619 tern
271 552 310 619 in
330 552 386 618 die
406 552 550 619 ultionis
574 554 721 620 visitabo
746 566 779 620 et
797 552 860 620 lroc
880 566 1062 641 peccatum
1081 576 1199 621 eornm
1227 582 1257 621 n.
1283 557 1425 633 Quando
1450 556 1509 622 ille

178 659 250 727 dies
263 660 399 726 futurus
413 658 467 742 sit,
485 682 555 727 non
571 659 698 727 dicitur
713 660 887 749 explicite3
903 682 1009 749 quare
1024 661 1146 748 Bonfr.
1161 660 1406 752 interpretatur
1420 668 1508 730 tem·-
1531 694 1533 697 ·

178 789 243 855 pus
257 764 437 833 indefinite
453 789 460 835 :
479 794 496 828 u
515 770 599 833 Cum
617 788 671 833 me
687 766 801 834 denuo
822 766 897 833 aliis
908 767 1055 856 peccatis
1069 766 1114 833 ad
1130 768 1295 835 ultionem
1306 769 1509 836 sumendam

177 872 545 961 provocaverint,tunc
557 879 591 939 et
601 871 703 939 simul
716 874 781 939 hoe
790 878 967 963 peceatum
982 895 1059 941 cum
1073 874 1148 940 aliis
1158 873 1300 963 puniam
1315 902 1344 939 n.
1357 873 1417 942 Vel
1428 877 1509 941 sim-

179 979 319 1069 plicius,
338 979 462 1045 omissa
482 980 678 1046 futurorum
699 985 918 1069 peccatorum
934 980 1105 1047 mentione
1123 1000 1130 1046 :
1148 980 1292 1070 puniam
1307 980 1373 1048 hoc
1390 1003 1508 1049 eorum

178 1089 359 1175 peccatum
374 1090 548 1175 tempore,
566 1084 660 1175 quod
675 1085 762 1152 mihi
775 1085 955 1175 placuerit.
974 1108 1007 1154 v.
1024 1092 1065 1153 35
1082 1114 1097 1147 «
1115 1086 1288 1154 Percussit
1303 1110 1383 1176 erqo
1397 1090 1510 1155 Itouri-

181 1213 247 1257 nus
259 1190 428 1281 populum
439 1214 505 1281 pro
521 1203 619 1259 reatu
634 1190 751 1275 rituli,
768 1214 871 1281 quem
882 1192 1016 1279 feceren
1028 1196 1145 1259 Aaron
1162 1220 1192 1259 n.

213 1381 321 1431 Textus
335 1381 496 1442 saal-Mn
515 1388 557 1433 est
569 1395 704 1447 perquam
719 1382 878 1446 impeditus.
894 1382 1008 1433 Iubetur
1023 1383 1103 1443 aaut
1119 1383 1230 1447 Moyses
1242 1385 1350 1433 educere
1361 1384 1508 1448 populum,

180 1474 209 1521 at
227 1471 302 1521 illico
315 1484 342 1520 v.
361 1470 393 1520 35
413 1470 551 1533 infligitur
567 1472 666 1535 pbga,
684 1484 756 1536 quae
775 1470 976 1535 protectionem
995 1471 1091 1521 debuit
1105 1471 1263 1533 retardare;
1281 1484 1354 1536 quae
1373 1472 1456 1523 tuerit
1476 1486 1510 1524 ea

179 1561 263 1623 plaga
274 1560 416 1619 reticetur,
432 1573 496 1610 cum
511 1564 605 1610 nmen
618 1561 706 1611 altera
718 1558 800 1620 sins
815 1561 899 1624 plaga
913 1562 1027 1610 omnino
1040 1560 1170 1611 distincte
1186 1560 1271 1611 tuerit
1283 1564 1406 1613 narrata.
1423 1560 1509 1612 Prae-

181 1654 257 1699 terea
278 1648 337 1707 sai
359 1662 402 1712 sq.
421 1659 478 1699 non
498 1651 541 1698 est
554 1650 609 1699 nisi
623 1650 753 1713 repetitio
773 1648 873 1710 imit·
888 1649 1039 1709 dictorum,
1054 1650 1109 1699 nisi
1128 1649 1204 1713 quod
1224 1649 1285 1711 33,3
1306 1650 1418 1713 legatur
1430 1650 1508 1711 illud,

179 1738 252 1801 quod
267 1736 349 1797 3334
364 1738 444 1786 nullo
457 1739 572 1787 nomine
590 1736 682 1788 luerat
696 1737 881 1788 omittendum
898 1750 905 1787 ι
922 1750 975 1801 ego
989 1743 1047 1788 non
1062 1737 1212 1789 ascendam
1230 1740 1328 1789 tecum.
1343 1738 1468 1801 Reapse‚
1486 1740 1510 1789 si

179 1825 308 1877 advertas
329 1824 430 1884 32³4·
444 1838 502 1876 non
520 1838 607 1877 sensu
626 1827 748 1888 tantum,
765 1826 815 1877 sed
830 1828 899 1889 ipsis
914 1826 1007 1877 verbis
1026 1825 1094 1875 illud
1115 1826 1282 1888 compendio
1296 1827 1419 1887 edicere,
1434 1828 1509 1891 quod

178 1915 252 1976 33,1.
269 1914 303 1965 2¹
318 1914 417 1975 habet,
430 1913 514 1965 lacile
528 1915 666 1965 concedes
681 1915 846 1965 alterutrum
865 1916 973 1965 textum
989 1915 1105 1965 alterius
1115 1916 1213 1966 textus
1227 1927 1290 1965 esse
1303 1916 1509 1979 repetitionem,

177 2016 249 2066 quae
266 2004 387 2068 margini
401 2004 521 2067 primum
533 2004 673 2067 adscripta
688 2005 716 2053 in
731 2016 839 2053 sacram
855 2002 921 2053 inde
935 2005 1124 2054 narrationem
1140 2006 1283 2066 irrepserit
1298 2005 1360 2054 loco
1375 2017 1431 2055 non
1446 2018 1507 2054 su0.
1578 2066 1582 2079 ἱ

177 2090 269 2143 Locus
284 2104 369 2155 porro
388 2093 449 2142 eius
463 2093 621 2142 sententiae
635 2093 764 2155 proprius
783 2104 840 2142 non
855 2094 898 2142 cst
915 2084 1094 2153 satisfuit
1113 2104 1147 2142 ea
1166 2092 1291 2142 nativum
1305 2094 1379 2143 inter
1393 2106 1420 2143 v.
1436 2092 1468 2142 33
1482 2100 1510 2144 et

178 2174 231 2231 iil>
244 2185 407 2231 contextum
416 2182 585 2245 perrumpit,
601 2181 651 2231 sed
668 2184 711 2231 est
725 2180 805 2230 initio
819 2193 881 2244 cap.
899 2180 942 2230 33.
960 2178 1022 2239 Quo
1037 2180 1159 2231 admisso
1175 2180 1292 2231 habetur
1305 2182 1451 2231 contextus
1464 2182 1510 2230 hie

178 2271 292 2321 omnino
302 2270 475 2335 perspicuus.
487 2270 639 2333 Postquam
651 2268 732 2330 auio
748 2271 925 2332 expresserat
939 2269 1015 2320 Deus
1027 2270 1174 2319 consilium
1182 2268 1294 2320 delendi
1304 2270 1390 2320 totius
1400 2271 1506 2334 populi,

176 2359 279 2421 Moysis
291 2371 359 2409 vcro
370 2358 542 2421 posteritatis
554 2357 782 2421 multiplicandae
792 2360 820 2408 in
830 2364 957 2421 gentem,
975 2371 1047 2421 quac
1062 2359 1186 2407 omnium
1201 2359 1420 2421 promissionum
1434 2362 1508 2410 esset

177 2447 287 2509 haeres,
298 2446 410 2509 Moyses
423 2460 475 2510 pro
488 2446 592 2510 populo
607 2446 769 2510 supplicans
780 2459 808 2496 u.
826 2446 909 2497 li-lt
923 2446 992 2497 illud
1005 2446 1091 2497 aDeo
1106 2447 1223 2507 obtinet,
1237 2452 1269 2497 ut
1278 2447 1313 2497 ab
1321 2448 1508 2499 interimendo

176 2536 279 2599 populo
297 2535 446 2587 abstineat.
464 2549 491 2584 v.
505 2534 538 2586 30
552 2548 595 2599 sq.
612 2535 685 2586 redit
702 2535 738 2586 ad
756 2536 976 2600 supplicationes
990 2534 1116 2599 Moyses,
1134 2537 1164 2586 ut
1178 2530 1290 2599 plenam
1305 2536 1380 2587 Deus
1396 2538 1508 2587 veniam

177 2624 323 2685 concedat,
337 2629 368 2674 ut
387 2628 436 2675 aut
450 2624 565 2687 Moysen
584 2626 676 2687 ipsum
694 2624 786 2675 deleat
805 2625 840 2675 de
858 2625 931 2675 libro
950 2637 1002 2674 suo
1021 2630 1070 2675 aut
1091 2622 1222 2674 delictum
1243 2624 1347 2688 populo
1368 2624 1509 2675 condonet

176 2714 300 2765 omnino.
315 2714 406 2773 Quam
423 2714 586 2776 petitionem
602 2714 677 2764 Deus
688 2727 715 2763 v.
731 2713 775 2763 33.
790 2707 844 2761 iil
857 2713 988 2777 denegat.
1007 2713 1042 2762 At
1062 2726 1127 2763 ruox
1143 2712 1202 2774 sar
1227 2726 1284 2762 non
1305 2718 1435 2775 rogatus,
1451 2726 1508 2764 non

177 2802 254 2853 enlm
272 2802 374 2851 dicitur
387 2802 426 2851 ibi
440 2802 552 2863 Moyses
571 2803 648 2865 prior
661 2802 767 2867 aliquid
781 2801 872 2852 Deum
886 2814 1016 2865 rogasse,
1033 2800 1082 2850 sed
1097 2807 1198 2863 sponte
1217 2801 1293 2853 Deus
1312 2801 1428 2863 Moysen
1443 2814 1506 2852 csse

175 2891 328 2950 allocutus,
345 2904 408 2941 earn
426 2892 529 2953 prioris
547 2891 706 2941 sententiae
720 2891 926 2953 mitigationem
945 2888 1086 2949 concedit,
1104 2894 1134 2939 ut
1149 2889 1252 2952 angelo
1267 2890 1338 2940 duce
1353 2891 1382 2939 ln
1402 2894 1506 2939 terram

175 2982 342 3042 promissam
352 2978 543 3029 introducatur
554 2978 689 3042 populus,
705 2980 767 3028 sola
780 2979 906 3041 gratiosa
920 2978 972 3029 Dei
987 2979 1017 3027 in
1032 2972 1124 3029 medio
1138 2978 1235 3042 populi
1252 2979 1295 3027 sui
1310 2978 1447 3028 habitatio
1459 2990 1505 3027 re-

176 3070 300 3126 vocetur,
316 3067 437 3130 ideoque
451 3069 518 3117 item
533 3068 723 3117 sanctuarium
738 3066 790 3117 Ex.
807 3066 886 3117 25-31
900 3068 1168 3129 praemonstratum,
1186 3066 1261 3129 quod
1278 3065 1399 3116 iuturum
1416 3066 1508 3117 iuerat

177 3155 263 3206 lehre
276 3155 475 3205 habitaculum.
490 3155 614 3205 Rediens
633 3156 746 3206 tandem
759 3155 795 3205 ad
807 3157 1027 3219 supplicationes
1042 3156 1152 3218 Moyses
1172 3154 1236 3215 3⁴,ss
1252 3168 1315 3219 sqq.
1335 3157 1420 3206 etiam
1435 3157 1508 3205 hanc

176 3244 300 3294 divinam
323 3242 559 3294 cohabitationem
582 3249 738 3307 recuperat.
752 3271 787 3281 —
801 3244 1000 3295 Difficuliatem
1024 3244 1115 3295 adhue
1138 3244 1205 3293 tacit
1227 3244 1323 3305 sins,
1339 3245 1387 3308 qui
1407 3257 1506 3295 versus

175 3345 275 3397 reapse
299 3331 411 3382 videtur
434 3344 497 3383 esse
521 3332 632 3383 additus
651 3345 669 3382 a
689 3332 780 3383 scriba
803 3333 912 3397 aliquo,
928 3334 977 3397 qui
996 3346 1023 3381 v.
1046 3326 1099 3381 34¹³
1114 3334 1312 3395 interpretatus
1334 3333 1369 3382 de
1390 3332 1507 3396 speciali

176 3423 273 3485 aliqua
292 3423 378 3485 plaga
398 3434 415 3471 a
434 3421 494 3473 Deo
514 3421 682 3484 infligenda,
704 3422 857 3473 mirabatur
878 3434 941 3471 eam
959 3422 1073 3486 plagam
1092 3435 1230 3485 nusquam
1249 3422 1367 3471 describi
1387 3433 1506 3485 eamque

177 3511 344 3573 generaliori
360 3524 428 3560 usus
442 3510 538 3575 phrasi
552 3511 701 3573 supplevit.

224 3651 307 3738 Cap.
333 3650 484 3715 XXXIII
503 3671 535 3715 v.
559 3655 610 3713 1«
635 3652 851 3738 Locutusque
869 3661 919 3715 est
942 3647 1107 3714 Dominus
1126 3646 1173 3715 ad
1190 3652 1333 3739 Moysen
1353 3648 1469 3717 dicens
1495 3671 1507 3713 :

183 3753 290 3837 Vade,
305 3754 448 3821 ascende
461 3753 502 3819 de
518 3755 591 3822 loco
607 3754 688 3838 isto,
706 3768 743 3821 tu
757 3766 790 3821 et
801 3755 952 3845 populus
969 3768 1047 3821 tuns
1064 3783 1095 3839 n,
1112 3776 1359 3844 -pronomen
1372 3778 1504 3847 posses-

176 3861 289 3927 sivum
310 3861 369 3951 (cl.
394 3862 487 3949 327)
517 3860 798 3947 ignorantHebr.
825 3863 920 3929 Sum.
950 3859 1093 3945 ctatt.;
1115 3862 1157 3929 ci.
1178 3864 1268 3951 Any.
1296 3900 1340 3913 -
1362 3892 1377 3924 <‹
1402 3884 1503 3951 quern

176 3966 326 4033 estuanti
342 3967 382 4034 de
398 3980 488 4034 terro
503 3967 669 4057 Aeqyptt',
689 3967 726 4033 r'n
745 3980 888 4052 terrane,
906 3990 1010 4057 qurum
1025 3966 1137 4033 iuraui
1156 3966 1339 4052 Abrettene,
1359 3970 1456 4035 Isaac
1471 3982 1504 4035 et

176 4075 277 4141 Iacob
292 4072 409 4141 dicens
425 4096 437 4140 .·
453 4074 589 4141 Semini
601 4089 658 4140 tuo
675 4072 761 4140 tato
778 4096 854 4140 eom
870 4102 900 4140 n.
919 4097 951 4139 v.
969 4080 990 4139 2
1007 4101 1023 4135 «ι
1039 4076 1084 4139 Et
1098 4073 1235 4140 initium
1248 4096 1503 4157 praecursorem

177 4180 230 4247 tur'
247 4208 263 4241 n
283 4220 328 4229 -
343 4183 445 4247 Hebe.
473 4201 486 4244 .·
501 4193 582 4247 ante
595 4180 724 4268 sociem
738 4194 835 4247 tuarn
851 4218 897 4231 -
914 4206 930 4241 u
947 4179 1130 4268 arrpelnm,
1148 4193 1187 4247 ut
1206 4208 1222 4242 »
1236 4220 1280 4230 —
1294 4186 1388 4248 verte
1407 4193 1440 4248 et
1459 4220 1503 4232 -

68 4336 76 4356 .
176 4313 192 4347 u
210 4286 348 4353 eiiciam
366 4286 609 4354 chananaeum
621 4300 655 4353 et
672 4287 918 4354 Artiorrlzoeum
931 4299 964 4353 et
975 4286 1167 4353 Hetlroenrn
1178 4300 1210 4353 et
1224 4287 1454 4355 Pherezaewn
1470 4302 1505 4355 et

178 4396 348 4459 Heraeum
363 4404 395 4459 et
411 4395 609 4459 Iebusrreurn
626 4422 656 4475 n,
674 4416 706 4459 v.
728 4401 746 4460 3
764 4420 780 4453 «
799 4394 844 4482 [et
857 4394 975 4481 intres]
992 4394 1026 4459 in
1045 4406 1170 4461 terram
1185 4394 1350 4483 sitientem
1365 4396 1453 4463 lacte
1470 4408 1503 4461 et

175 4498 275 4566 nzelle
294 4528 323 4581 n,
338 4498 382 4566 cl'.
401 4506 470 4582 3,8.
491 4506 549 4581 173
569 4508 659 4580 13,5.
678 4526 694 4560 «
714 4503 792 4567 Non
808 4500 899 4566 enirn
915 4500 1098 4567 ascendam
1113 4512 1239 4586 terreni,
1258 4502 1342 4593 quio
1350 4502 1503 4593 propicius

176 4604 283 4673 (terroe
296 4605 436 4673 cervicis
452 4628 498 4689 es,
515 4629 558 4673 ue
572 4607 662 4695 sorte
677 4604 874 4697 disperdunt
890 4619 922 4673 te
938 4606 974 4673 in
990 4608 1045 4674 ria
1061 4639 1091 4675 o.
1109 4613 1209 4676 Recte
1222 4612 1278 4676 Ps.
1294 4612 1384 4690 Ion,
1398 4612 1499 4697 Herpa,

179 4712 269 4799 tat,
285 4712 407 4799 Bonsr.
424 4712 513 4778 illud
535 4715 615 4779 Non
629 4712 814 4780 ascendunt
829 4713 867 4778 r'n
884 4714 993 4780 nredt'o
1010 4713 1062 4779 tui
1081 4721 1286 4781 connectunt
1301 4736 1377 4781 cum
1398 4720 1501 4795 *idai

174 4840 265 4908 sqq,
288 4820 346 4886 ubi
366 4824 453 4887 licus
471 4824 539 4886 tam
560 4819 759 4886 solemniter
775 4819 994 4909 promiserat,
1014 4819 1251 4887 habitaturum
1276 4842 1309 4887 se
1329 4821 1366 4885 in
1388 4818 1500 4887 medio

568 4947 742 4984 ΗϋΙΙΕΒΛῦΕΙῐ.
759 4962 791 4971 -
807 4948 833 4985 ΙΝ
850 4948 892 4986 Π.
910 4948 940 4985 ΕΤ
957 4948 1011 4983 triv.
1030 4960 1061 4970 ·-·
1078 4939 1105 4983 2l
