3534 5384
252 366 311 425 152
729 376 768 420 rx
791 376 930 421 srcrrro
953 376 984 419 ru
1007 376 1097 420 amar.

252 514 354 581 etiam
364 511 435 602 filii
449 511 566 597 lsrael,
584 511 668 601 quin
681 510 810 577 luerint
821 515 988 577 auctores.
1002 514 1118 598 Neque
1128 506 1285 597 sequitur
1298 528 1337 573 er
1348 506 1580 597 appellatione

254 647 270 681 (ι
298 619 470 687 canticum
492 616 630 705 Moysi»
652 620 714 705 hp.
740 623 830 699 15‚3,
852 637 932 683 cum
951 614 1124 683 canticum
1142 612 1244 701 Moysi
1268 636 1337 680 non
1361 612 1447 680 illud
1471 614 1580 680 solum

252 726 320 794 dici
340 732 461 815 queat,
475 724 572 791 cuius
594 729 720 811 Moyses
738 729 869 803 auctor,
889 720 1051 789 seditem
1071 718 1169 805 illud,
1191 719 1286 810 quod
1309 724 1436 808 Moyses
1451 718 1582 810 primus

252 832 411 900 cecinisse
428 829 596 897 tradatur.
614 834 753 910 Tamen,
772 829 800 895 si
815 827 990 912 advertas,
1006 827 1180 918 quomodo
1195 826 1232 892 in
1245 832 1318 893 tota
1332 826 1437 893 exodo
1452 826 1582 915 princi-

252 960 333 1029 pem
352 942 545 1004 constanter
557 936 670 1003 locum
684 940 811 1023 Moyses
827 934 997 1015 obtineat,
1019 934 1079 1002 Dei
1093 932 1200 999 verba
1219 932 1263 1001 ad
1278 932 1445 1023 populum
1466 934 1583 1022 loqua-

252 1052 321 1127 tur,
338 1043 490 1136 prudens
506 1041 650 1110 dubium
664 1041 872 1131 relinquitur
886 1041 1039 1123 nullum,
1058 1061 1137 1108 eum
1152 1039 1314 1107 carminis
1333 1060 1404 1106 non
1418 1061 1581 1129 praecen-

254 1157 363 1219 torem
384 1150 494 1217 solum
508 1148 569 1215 sed
589 1148 694 1216 etiam
716 1153 892 1216 auctorem
915 1148 1028 1215 fuisse.
1046 1148 1094 1215 cf.
1119 1167 1208 1237 quae
1228 1145 1375 1212 diximus
1394 1144 1439 1212 ad
1457 1144 1529 1211 lud.
1549 1152 1580 1213 5.

256 1256 366 1340 adde,
387 1260 464 1346 Sap.
490 1262 587 1338 1021
609 1254 698 1322 edici
721 1254 848 1338 videri,
869 1253 1011 1343 speciali
1031 1251 1148 1320 divino
1166 1252 1298 1319 influxu
1320 1253 1490 1320 canticum
1513 1273 1583 1319 esse

256 1364 524 1431 concinnatum:
545 1390 562 1422 α
585 1361 761 1453 Sapientia
779 1360 914 1451 aperuit
935 1383 971 1429 os
987 1364 1177 1443 mutorum,
1196 1364 1228 1426 et
1242 1358 1380 1445 linguas
1399 1358 1583 1424 infantium

256 1469 335 1539 lecit
356 1468 499 1537 disertas
516 1491 550 1550 »ς
567 1468 592 1536 i.
611 1490 641 1535 e.
658 1468 715 1534 vel
732 1489 805 1549 eos,
825 1467 887 1557 qui
901 1466 1023 1535 ceteris
1038 1466 1151 1533 minus
1172 1469 1285 1533 essent
1299 1463 1515 1554 eloquentes,
1530 1486 1585 1532 sa-

257 1576 387 1666 pientia
408 1575 562 1666 impulit,
580 1580 619 1643 ut
645 1574 725 1642 totis
747 1574 872 1644 animis
899 1573 1069 1641 canticum
1093 1570 1182 1638 illud
1209 1570 1445 1639 decantarent.
1462 1574 1505 1640 At
1523 1593 1586 1662 per

256 1704 441 1773 quemnam
466 1681 582 1772 potius
598 1681 658 1747 ille
680 1680 829 1748 influxus
849 1682 886 1746 in
899 1680 1095 1747 universam
1119 1677 1255 1768 plebem
1279 1677 1428 1745 derivari
1449 1676 1583 1757 debuit,

259 1812 363 1879 quam
385 1811 449 1879 per
462 1793 613 1877 Moysen,
630 1786 690 1877 qui
703 1788 741 1854 in
760 1786 921 1854 omnibus
940 1807 1071 1853 numen
1093 1784 1182 1851 inter
1202 1790 1235 1851 et
1257 1785 1424 1874 populum
1440 1784 1587 1851 interce·

259 1894 384 1963 debat?
401 1895 452 1980 Si,
471 1894 563 1985 quod
594 1899 668 1984 post
689 1900 746 1975 651
774 1892 1062 1981 suggerebamus,
1080 1890 1221 1979 linguae
1248 1892 1286 1957 in
1309 1895 1418 1978 Moyse
1443 1890 1588 1981 impedi·

258 2008 413 2069 mentum
437 2026 459 2069 a
477 2007 545 2069 Deo
565 2000 609 2068 sit
629 1999 799 2089 paulatim
819 1998 1034 2081 alleviatum,
1052 2020 1122 2065 non
1139 1996 1416 2088 improbabiliter
1432 1996 1488 2086 (cf.
1506 2000 1584 2088 Sap.

262 2108 372 2199 rum)
391 2106 596 2187 affirmabis,
616 2105 759 2173 illudio
779 2107 845 2173 hoc
864 2105 995 2173 cantico
1014 2106 1084 2172 iam
1102 2104 1201 2194 plene
1219 2125 1290 2170 esse
1309 2108 1477 2171 sanatum.

302 2222 347 2282 lle
362 2216 494 2283 cantico
509 2218 565 2280 Mx.
588 2218 628 2281 15
642 2211 862 2304 disputaturi,
878 2210 1022 2299 vestigia
1037 2210 1226 2302 premimus
1240 2211 1268 2276 Ι.
1285 2212 1325 2277 K.
1339 2212 1470 2276 Zeuaer·
1488 2210 1524 2276 S.
1541 2210 1562 2274 1
1563 2263 1569 2276 .
1574 2263 1586 2294 ,

260 2322 320 2411 qui
343 2322 386 2389 de
409 2320 621 2409 psalmorum
641 2318 857 2407 aliorumque
873 2320 1086 2386 canticorum
1101 2317 1218 2383 indole
1235 2315 1343 2383 solide
1365 2315 1589 2404 simulatque

259 2428 398 2516 egregie
422 2427 556 2494 disserit
577 2426 614 2493 in
637 2425 757 2494 libro:
780 2424 839 2493 Die
862 2422 1104 2511 Chorgesr'inge
1124 2424 1173 2490 im
1188 2424 1302 2490 Buche
1326 2423 1391 2490 der
1413 2422 1585 2503 Psalmen,

259 2532 427 2620 Freiburg
446 2533 469 2600 i.
487 2537 523 2600 Β.
541 2538 638 2600 1896.
662 2536 819 2599 Nostrum
834 2532 941 2617 igitur
955 2531 1138 2612 canticum,
1157 2528 1252 2619 quod
1274 2552 1305 2596 v.
1328 2535 1369 2595 21
1389 2529 1587 2608 confirmat,

258 2640 325 2708 fuit
342 2662 361 2707 e
380 2661 523 2708 numero
544 2660 683 2720 eorum,
699 2637 745 2705 ad
767 2660 857 2727 quae
870 2637 997 2727 poesis,
1016 2635 1146 2703 musica
1164 2642 1199 2702 et
1218 2636 1313 2704 chori
1333 2635 1588 2725 conspirabant.

259 2752 396 2815 Constat
410 2747 550 2837 stropha
564 2769 595 2812 v.
617 2751 675 2812 1-5
688 2751 723 2811 et
734 2743 950 2835 antistropha
963 2766 994 2812 v.
1011 2750 1093 2811 6-10
1109 2743 1296 2833 quinorum
1309 2764 1487 2822 versuum,
1505 2762 1591 2832 quas

262 2854 331 2921 duo
345 2875 384 2921 ex
400 2852 519 2921 ordine
534 2852 632 2921 chori
642 2851 884 2920 decantabant.
904 2851 1064 2940 Sequitur
1073 2849 1214 2939 stropha
1227 2848 1412 2917 mutatoria
1422 2872 1454 2917 v.
1472 2855 1588 2931 11-13‚

261 2960 357 3028 cuius
378 2982 513 3027 versum
532 2959 681 3051 primum
700 2963 734 3025 et
758 2957 898 3026 tertium
914 2957 1039 3025 chorus
1061 2956 1167 3047 prior,
1186 2955 1338 3022 medium
1358 2957 1486 3023 chorus
1505 2956 1592 3023 alter

262 3067 475 3134 decantabat.
499 3066 648 3134 Tandem
663 3065 750 3131 alter
764 3063 822 3130 bic
841 3065 969 3131 chorus
987 3061 1194 3130 decantabat
1207 3062 1384 3151 stropham
1403 3061 1591 3129 secundam

262 3195 295 3239 v.
316 3178 440 3253 lli-16⁵,
458 3173 583 3240 chorus
602 3171 697 3261 prior
716 3171 970 3260 antistropham
989 3170 1177 3237 secundam
1191 3192 1223 3234 v.
1245 3169 1371 3251 roh-18,
1389 3190 1478 3257 quae
1495 3174 1593 3235 eraut

261 3279 429 3346 trinorum
443 3300 614 3346 versuum.
631 3277 795 3345 affectum
805 3276 929 3344 cantici
940 3276 1142 3366 primarium
1155 3274 1313 3366 exprimit
1322 3275 1464 3363 stropha
1478 3278 1589 3341 muta-

264 3385 354 3453 toria
374 3384 551 3452 celebrans
565 3385 709 3465 lahven,
728 3384 827 3473 quod*
837 3383 1029 3451 terribilem
1047 3404 1082 3448 se
1098 3381 1293 3449 exhibuerit
1312 3381 1476 3464 inimicis,
1494 3379 1594 3447 beni-

265 3513 374 3579 gnum
396 3492 525 3581 populo
543 3514 617 3559 suo.
635 3494 719 3557 Eum
745 3489 903 3558 affectum
924 3494 1132 3579 praeparant
1153 3489 1297 3577 stropha
1321 3492 1355 3554 et
1376 3486 1595 3577 antistropha

265 3598 412 3687 priores,
429 3596 628 3686 producunt
646 3598 862 3686 posteriores.
884 3595 1019 3682 Singuli
1033 3617 1149 3661 versus
1164 3593 1299 3661 distichi
1319 3598 1413 3675 sunt,
1434 3592 1594 3684 quando·

269 3726 334 3795 que
360 3704 404 3794 (v.
423 3709 454 3771 8.
474 3710 504 3769 9.
525 3703 580 3795 15)
604 3702 766 3784 tristichi,
789 3702 908 3769 binam
930 3705 988 3770 aut
1007 3700 1132 3769 trinam
1155 3701 1322 3768 habentes
1343 3700 1434 3766 vocis
1454 3706 1594 3767 conten·

266 3812 394 3879 tionem
413 3815 447 3877 ot
462 3810 707 3877 remissionem.

301 4020 354 4069 lor.
375 4021 513 4070 canticum
537 4019 630 4068 aiebat
650 4018 837 4080 conscriptum
859 4029 922 4067 esso
936 4016 1108 4066 hexametris.
1129 4014 1254 4079 Idipsum
1276 4014 1310 4065 de
1322 4015 1438 4078 psalmis
1453 4028 1515 4064 cum
1535 4014 1597 4076 ipso

269 4108 445 4159 affirmabant
458 4108 545 4170 Hier„
562 4106 676 4168 Musca,
689 4106 749 4166 Or,
767 4106 850 4156 Philo
864 4103 985 4172 (Zerner
996 4119 1025 4168 p.
1042 4102 1093 4171 13).
1111 4103 1190 4163 Quae
1204 4116 1259 4153 vox
1273 4104 1297 4153 si
1312 4103 1347 4153 ad
1362 4105 1521 4153 accuratum
1539 4103 1597 4165 syl-

266 4196 394 4246 labarum
408 4207 555 4246 numorum
568 4197 595 4245 et
618 4193 743 4244 ordinem
765 4193 911 4254 celeratur,
926 4193 1021 4257 inepte
1033 4193 1086 4242 hac
1099 4193 1128 4241 lu
1147 4192 1329 4242 rescribitur.
1346 4190 1387 4241 Eo
1403 4193 1497 4241 autem
1512 4202 1597 4240 sensu

269 4288 312 4335 est
324 4298 403 4343 vera,
413 4286 484 4334 sicut
498 4284 659 4333 hexameter
673 4282 790 4333 duobus⁴
802 4285 911 4332 constet
925 4282 1022 4331 arichis
1041 4292 1159 4331 caesura
1173 4279 1324 4341 distinctis,
1341 4280 1380 4329 ita
1398 4290 1509 4329 versum
1525 4291 1598 4341 quo-

267 4386 321 4437 que
333 4372 484 4423 hebraeum
497 4372 660 4435 plerumque
674 4372 745 4422 duos
759 4369 863 4421 habero
874 4370 991 4420 stichos.

313 4560 420 4634 Quam
441 4555 544 4643 longe
559 4552 661 4620 distat
682 4553 748 4621 hoc
768 4553 938 4620 canticum
954 4574 975 4618 a
991 4551 1143 4618 carmine
1162 4551 1309 4618 Lamech
1329 4554 1411 4619 Gen.
1429 4553 1508 4632 133
1529 4571 1596 4638 sq.,

269 4661 506 4751 antiquissimo
526 4661 600 4737 illo,
619 4659 714 4748 quod
733 4659 907 4740 novimus,
924 4658 1058 4747 poetico
1079 4656 1282 4723 tentamine!
1300 4656 1349 4722 lbi
1366 4654 1512 4722 disticha
1533 4655 1600 4721 tria

266 4767 310 4835 ab
323 4766 424 4835 unico
436 4773 527 4835 certe
539 4765 698 4858 primitus
712 4766 852 4833 homine
868 4763 1153 4848 decantabantur,
1170 4762 1263 4829 Adae
1281 4766 1314 4828 et
1333 4763 1443 4829 Sellae
1459 4762 1597 4841 marito,
