3534 5384
242 388 300 447 162
731 400 770 443 ux
790 398 927 445 inorrro
948 398 978 443 ru
999 399 1091 444 sruur.

250 534 401 626 (masc),
419 546 565 601 contule.
583 539 654 612 Qua
672 531 818 600 lectione
832 532 1032 620 suggeritur
1051 534 1138 615 tere,
1157 534 1318 601 mulieres
1329 534 1435 623 ipsius
1450 535 1574 602 cantici

250 666 284 709 v.
303 648 383 709 1-18
398 640 486 707 nihil
499 640 751 730 pronuntiasse,
767 662 836 707 nou
851 638 1097 729 antistrophas,
1115 639 1175 707 sed
1189 641 1299 707 solum
1314 640 1406 707 huuc
1421 640 1574 731 primum

249 770 387 817 versum
402 746 644 835 ingeminasse.
666 747 805 825 Quando
827 745 863 812 id
883 746 1045 830 feceriut,
1072 769 1111 813 ex
1126 746 1208 814 data
1229 770 1263 815 v.
1290 753 1331 814 19
1348 747 1574 838 explicatione

252 856 353 923 facile
367 854 560 941 colligitur3
582 875 634 920 res
648 853 756 936 enim,
779 875 847 942 quo
866 852 987 920 ordine
1004 858 1099 921 actae
1115 859 1210 938 suut,
1233 852 1355 921 eodem
1375 860 1572 922 narrantur.

252 962 357 1030 Primi
371 961 542 1030 cauticum
555 960 593 1027 in
612 960 733 1027 choros
747 959 900 1027 distincti
918 959 1142 1028 decantavere
1165 960 1245 1039 viri;
1267 960 1349 1027 dein
1367 960 1576 1029 recitabatur

252 1071 363 1138 iactae
377 1067 588 1136 liberationis
602 1067 761 1148 historia3
786 1089 856 1155 qua
874 1067 974 1135 linita
992 1066 1150 1135 mulieres
1167 1067 1289 1135 choros
1305 1089 1382 1135 cum
1403 1070 1576 1158 tympanis

252 1181 391 1263 agentes
410 1173 788 1253 circumfundebantur,
811 1196 851 1241 ac
867 1173 1007 1241 tandem
1027 1173 1142 1241 omnia
1163 1174 1376 1261 ingeminato
1396 1175 1576 1242 sexcenties

251 1283 364 1374 primo
386 1281 510 1349 cantici
532 1302 632 1348 versu
658 1280 876 1347 resonabant.
900 1280 1033 1361 Priora,
1056 1301 1125 1369 qua
1150 1279 1282 1349 ratione
1303 1303 1324 1347 a
1345 1285 1454 1368 lloyse
1474 1303 1575 1371 prae-

249 1390 377 1479 scripta
403 1389 557 1471 fuerant,
586 1393 725 1478 peracta
755 1394 832 1454 sunt
860 1410 868 1455 :
899 1390 971 1452 tum
999 1386 1117 1469 Maria,
1144 1386 1256 1455 subito
1281 1386 1399 1455 divino
1426 1388 1576 1478 impulsu

250 1496 407 1585 abrepta,
427 1496 460 1583 (α
477 1494 689 1585 prophetissa
709 1494 744 1582 a)
761 1497 962 1584 tympanum
979 1492 1163 1581 prehendit
1177 1498 1240 1559 etc.

286 1740 392 1790 Partim
404 1750 471 1789 vera
483 1738 568 1802 igitur
581 1738 740 1803 partimque
753 1736 825 1789 ialsa
836 1738 932 1788 scribit
940 1739 1015 1787 Prcc.
1029 1750 1037 1786 :
1053 1753 1065 1785 r
1081 1737 1166 1789 Chori
1179 1740 1258 1788 erant
1272 1738 1342 1798 duo,
1357 1740 1481 1791 virorum
1496 1740 1576 1801 alter,

251 1830 331 1881 cuius
339 1833 505 1892 praecentor
518 1832 546 1878 et
560 1827 617 1878 dux
627 1829 688 1877 erat
699 1826 823 1889 Moyses;
841 1827 912 1877 alter
930 1825 1092 1887 mulierum,
1110 1839 1195 1891 quem
1214 1826 1389 1889 gubernabat
1405 1830 1433 1878 et
1448 1828 1578 1879 modera-

250 1919 333 1969 batur
341 1917 444 1981 Moysis
457 1928 537 1967 soror
551 1916 637 1966 Maria
650 1915 766 1981 pulsans
775 1917 971 1979 tympanum...
987 1914 1107 1967 Carmen
1120 1914 1233 1979 quidem
1242 1928 1329 1966 uuum
1341 1921 1397 1977 est,
1411 1920 1438 1967 ct
1448 1928 1465 1966 a
1475 1916 1579 1981 duplici

252 2008 360 2058 canitur
379 2006 465 2056 choro
479 2006 602 2056 vicissim
616 2004 735 2055 canente
755 2006 784 2055 et
797 2002 985 2067 respondente
1001 2018 1026 2054 r.
1038 2004 1062 2053 A
1072 2003 1181 2054 duobus
1195 2005 1288 2055 choris
1301 2004 1501 2055 decantabatur
1511 2018 1578 2061 can-

249 2098 350 2157 ticum,
364 2107 482 2160 quorum
496 2094 616 2144 alterum
627 2092 713 2143 luisse
727 2093 875 2143 mulierum
889 2105 1025 2156 perquam
1042 2092 1224 2155 improbabile
1237 2097 1290 2143 est.
1305 2092 1360 2145 Sed
1375 2092 1454 2145 sinito
1471 2095 1580 2145 <amico

252 2186 353 2237 tertius
366 2184 490 2234 omnium
504 2182 652 2233 mulierum
666 2182 768 2232 chorus
781 2182 811 2232 iu
825 2182 948 2232 medium
960 2180 1072 2245 prodiit.

521 2450 560 2501 D.
577 2449 625 2499 De
637 2447 730 2499 Harl
748 2448 864 2499 Rubro
879 2446 914 2499 iu
927 2448 1030 2499 Mara
1048 2450 1109 2499 Ex.
1131 2448 1301 2513 teneas.

293 2664 378 2750 Arq.
399 2698 442 2708 —
460 2662 688 2727 Murmuraute
707 2658 836 2748 populo
849 2656 894 2723 oh
907 2679 1018 2747 aquae
1032 2657 1202 2747 inopiam,
1224 2680 1331 2748 aquas
1345 2682 1479 2727 amaras
1491 2664 1581 2748 lloy-

254 2791 307 2836 ses
318 2770 429 2835 mutat
437 2765 474 2833 in
489 2765 616 2833 dulces
629 2770 811 2855 Praecepta
823 2762 989 2846 inculcat,
1003 2763 1220 2833 obedieutiae
1235 2766 1426 2855 praemium
1442 2767 1581 2834 nominc

254 2905 270 2939 (ι
296 2877 399 2943 lahve
417 2874 583 2940 sanatoris
603 2900 618 2932 2>
642 2871 810 2963 promittit
829 2870 1081 2938 immunitatem
1097 2894 1117 2939 a
1131 2870 1259 2961 plagis,
1277 2872 1411 2963 quasin
1426 2879 1581 2964 Aegypto

253 2985 508 3073 conspexerant.

297 3088 410 3175 Plagis
428 3086 598 3177 aegyptiis
617 3085 756 3154 edoctus
778 3086 890 3152 fuerat
908 3085 1039 3152 Pharao
1062 3086 1187 3153 lahveu
1207 3106 1277 3153 esse
1298 3090 1404 3155 licum
1418 3087 1583 3155 Hebraeo-

255 3216 349 3277 rum,
367 3192 529 3281 denegati
549 3190 704 3284 obsequii
722 3213 848 3281 poenas
865 3191 1001 3259 tulerat.
1025 3191 1209 3283 Oportebat
1230 3215 1311 3260 vcro
1332 3193 1504 3262 Hebraeos
1522 3215 1583 3283 pe·

256 3301 362 3369 nitius
375 3300 489 3367 adhuc
502 3298 697 3389 perspicere
711 3299 857 3365 eandem
875 3298 1055 3366 veritatem
1072 3326 1088 3359 ι(
1104 3302 1175 3386 Ego
1190 3298 1293 3367 lahve
1311 3304 1398 3368 Deus
1417 3306 1527 3368 vester
1546 3328 1580 3383 a,

258 3410 312 3477 cui
326 3428 404 3473 mox
416 3406 534 3493 legum
547 3403 703 3472 omnium
715 3406 899 3472 auctoritas
913 3410 987 3473 crat
997 3404 1282 3494 superstruenda,
1301 3428 1445 3496 eamque
1459 3408 1585 3474 harum

257 3515 375 3602 legum
395 3512 561 3580 constanti
579 3512 741 3601 obsequio
755 3511 922 3602 profiteri.
938 3510 989 3578 Ad
1009 3510 1046 3578 id
1065 3516 1221 3601 Aegypto
1245 3512 1301 3578 vix
1316 3515 1443 3599 egressi
1461 3536 1585 3582 mauu-

256 3621 429 3688 ducuntur
442 3618 552 3685 trihus
570 3617 697 3685 divinis
716 3618 897 3707 portentis,
923 3639 1033 3707 aquae
1053 3622 1160 3685 Marce
1179 3623 1334 3701 sanatae,
1356 3620 1502 3711 duplicis
1516 3622 1585 3688 cibi

255 3726 408 3795 coelestis
424 3725 589 3808 concessi,
606 3746 716 3813 aquae
740 3745 876 3791 rursum
899 3728 1030 3813 epetra
1050 3724 1195 3791 elicitae.
1220 3730 1326 3793 Marce
1346 3726 1587 3794 manifestatur

256 3840 343 3902 licus
354 3836 393 3901 ut
408 3860 424 3893 u
441 3832 541 3899 lahve
551 3836 689 3898 sanator
700 3856 716 3891 u
728 3829 874 3919 (15‚·26),
888 3828 924 3896 in
936 3828 1070 3897 deserto
1082 3830 1141 3896 Sin
1156 3835 1194 3897 ut
1210 3858 1225 3889 u
1238 3833 1341 3900 lahve
1355 3834 1550 3901 Deuslsrael
1567 3863 1583 3894 a

258 3938 406 4031 (tatu),
432 3938 469 4005 in
491 3936 673 4026 Rephidim
687 3941 726 4004 ut
748 3963 764 3999 ε(
787 3936 890 4003 lahve
904 3940 1054 4004 tentator
1072 3964 1087 3997 a
1111 3936 1255 4025 (1215),
1278 3939 1438 4008 sanando
1458 3948 1492 4006 et
1510 3944 1586 4007 tcu-

259 4047 366 4115 taudo
385 4068 420 4113 se
439 4050 544 4112 licum
563 4044 716 4126 exhibet,
732 4042 798 4111 hoc
819 4042 947 4134 duplex
967 4042 1026 4111 Dei
1050 4044 1153 4110 lsrael
1171 4044 1333 4113 officium.
1357 4073 1373 4107 «
1401 4050 1547 4114 Senator
1568 4074 1584 4108 a

257 4158 324 4236 est,
339 4158 508 4242 quatenus
521 4172 660 4219 omnem
674 4154 826 4217 removet
839 4148 980 4240 plagam
998 4149 1146 4238 (tanc),
1164 4171 1301 4217 omnem
1317 4150 1407 4218 tollit
1420 4153 1584 4235 inediam,

259 4259 342 4325 boni
355 4258 501 4348 pastoris
519 4259 631 4343 (15,ss
645 4257 711 4347 sq.)
729 4262 845 4347 partes
858 4258 943 4343 agit.
966 4282 983 4317 «
1001 4260 1120 4324 Tentat
1138 4284 1154 4318 »
1175 4256 1385 4347 imponendo
1401 4259 1583 4343 mandato,

259 4364 383 4454 quibus
398 4368 431 4433 et
448 4363 680 4431 obedientiam
699 4364 806 4452 exigit
825 4370 858 4432 et
870 4362 1123 4431 inobedientiae
1139 4362 1351 4432 occasionem
1364 4366 1515 4455 praebet.
1534 4368 1588 4435 Sic

259 4471 403 4539 tentavit
416 4471 573 4539 Israelem
588 4476 697 4538 ilarae
713 4470 860 4561 (1536),
877 4470 915 4537 iu
928 4470 1061 4537 deserto
1080 4470 1139 4537 Sin
1155 4470 1297 4559 (1638).
1320 4475 1362 4539 tt
1381 4474 1588 4564 quaudoque

260 4578 407 4647 vicissim
417 4581 525 4645 tentat
536 4578 638 4644 lsrael
652 4584 774 4663 Deum,
790 4576 930 4667 quando
944 4576 998 4643 vel
1014 4576 1239 4645 «sanatoris»
1253 4577 1480 4648 diffidentiam
1494 4603 1589 4649 uiur-

260 4685 429 4753 murando
443 4684 560 4775 prodit
579 4684 687 4774 (ΗΠ)
702 4685 756 4752 vel
770 4683 932 4752 mandata
944 4683 1095 4772 negligit
1111 4682 1254 4773 (teas).
1271 4684 1458 4753 Meminisse
1473 4694 1588 4755 autem

259 4792 416 4862 lsraelem
432 4791 545 4873 decet,
562 4792 725 4860 mandata
735 4792 837 4859 etiam
853 4813 924 4857 nou
938 4788 1042 4857 solius
1058 4812 1127 4858 csse
1146 4790 1204 4858 Dei
1218 4792 1394 4875 tantautis,
1413 4794 1588 4865 sedetiam
