3534 5384
259 395 298 455 82
715 404 827 450 uovsrs
847 406 927 450 acra
949 404 981 448 m
1003 402 1148 449 inurere.

258 547 308 599 sed
321 546 356 597 ab
371 548 484 596 herone
497 556 547 607 per
569 544 665 594 omnia
686 544 776 592 iuvari
802 542 978 606 praescribit.
999 542 1036 591 At
1055 554 1089 593 eo
1107 554 1165 591 non
1184 539 1350 600 excluditur,
1367 539 1398 590 ut
1411 538 1591 602 postmodum

258 638 416 687 misericors
429 634 506 685 Deus
520 632 634 696 linguae
646 632 731 681 etiam
745 631 986 694 impedimentum,
1003 642 1060 680 non
1070 630 1163 681 subito
1173 629 1285 693 quidem
1300 628 1444 688 miraculo,
1461 630 1490 677 at
1502 626 1589 690 pede-

258 726 358 776 tentim
376 723 567 782 alleviaverit,
584 724 616 771 ut
634 720 746 782 Moyses
761 719 876 771 tandem
891 719 969 770 nullo
987 718 1113 771 adhibito
1132 718 1284 782 interprete
1301 730 1364 768 cum
1379 717 1483 781 populo
1502 716 1589 766 libere

258 814 382 877 potuerit
395 824 490 875 agere.
506 808 678 875 Crediderim
692 808 733 859 ita
746 820 812 859 eum
827 811 921 871 egisse
936 820 998 872 cap.
1017 806 1048 857 ii
1063 820 1125 873 sqq.

303 1017 335 1060 v.
356 1000 376 1061 8
394 1020 410 1054 «
428 992 592 1081 Dixitque
607 990 774 1057 Dominus
789 988 837 1055 od
849 992 992 1079 Moysen
1009 1002 1042 1056 et
1054 992 1170 1056 Aaron
1188 1017 1204 1049 n
1223 1008 1231 1055 :
1249 1011 1281 1055 v.
1300 994 1348 1053 9«
1368 990 1452 1055 Cnm
1465 985 1593 1053 eliserit

260 1100 352 1168 vohis
367 1098 502 1166 Pharao
521 1120 534 1163 .·
557 1095 732 1165 Ostendite
751 1096 867 1186 siqua,
892 1095 984 1163 dices
1002 1094 1050 1163 ad
1062 1098 1180 1162 Aaron
1199 1116 1212 1160 .·
1233 1092 1324 1161 Tolle
1345 1094 1480 1183 virpam
1497 1106 1593 1161 taam

260 1220 294 1275 et
307 1206 440 1297 proiice
460 1227 536 1272 earn
560 1226 675 1271 coram
698 1202 896 1287 Pharaone,
918 1225 959 1270 ac
979 1214 1128 1269 certetur
1146 1202 1184 1269 in
1206 1201 1382 1268 colubrum
1405 1227 1435 1266 a.
1457 1200 1594 1268 Enullo

259 1320 353 1381 textu
378 1312 458 1379 satis
481 1310 629 1378 efficitur
657 1323 723 1402 'pm
746 1332 818 1376 esse
843 1321 1046 1399 serpentem.
1069 1312 1164 1375 Dent.
1190 1313 1291 1389 3233
1316 1335 1332 1369 a
1365 1308 1462 1373 iuror
1486 1320 1552 1396 tun
1576 1334 1593 1371 a

261 1420 411 1487 habetur
424 1416 590 1509 parallele
605 1439 682 1485 eum
699 1443 716 1477 ι(
734 1438 868 1483 veneno
886 1415 1045 1507 aspidum
1062 1442 1092 1482 v.
1105 1420 1156 1483 Ps.
1173 1420 1215 1481 90
1237 1414 1322 1503 (9¹b·
1336 1419 1377 1480 13
1392 1415 1597 1503 copulantur

262 1527 316 1593 leo
334 1531 368 1592 et
385 1539 464 1617 pru.
480 1523 544 1591 Ubi
565 1527 680 1590 autem
702 1524 793 1589 vocis
807 1521 1015 1609 significatio
1033 1520 1178 1588 indubia
1191 1528 1256 1603 est,
1277 1518 1328 1586 ibi
1346 1519 1504 1607 designat
1521 1520 1596 1587 ani-

262 1633 331 1701 mal
358 1629 535 1721 quoddam
563 1629 733 1711 immane,
758 1629 887 1718 piscem
922 1632 956 1696 et
988 1627 1183 1717 saepissime
1211 1626 1422 1694 crocodilum
1444 1626 1505 1715 (ci.
1536 1627 1596 1693 lob

264 1745 365 1821 i0,20
380 1760 456 1825 sqq.
478 1742 512 1803 et
529 1736 777 1802 Knadendaner
790 1735 876 1822 ib.);
899 1733 1109 1802 crocodilum
1125 1732 1266 1823 inquam
1285 1738 1325 1800 ut
1341 1733 1493 1823 Aepppti
1506 1756 1597 1821 sym-

262 1844 383 1912 bolum
404 1843 458 1932 (ls.
487 1848 583 1923 51‚9;
600 1847 656 1908 En.
679 1846 777 1923 3223
794 1845 845 1907 Ps.
864 1846 967 1923 73,13
991 1840 1068 1930 sq).
1085 1844 1200 1930 Neque
1220 1839 1361 1907 iubetur
1379 1845 1505 1928 Moyses
1529 1856 1596 1934 pm

264 1950 373 2020 cauda
393 1947 627 2039 prehendere,
644 1947 694 2014 uti
718 1952 775 2029 tp
792 1963 870 2013 nur.
894 1951 981 2013 Sane
1001 1967 1112 2036 prope
1133 1946 1226 2013 Sinai
1248 1946 1417 2015 crocodilo
1433 1968 1501 2013 non
1523 1950 1599 2013 erat

263 2059 373 2138 locus,
390 2078 470 2123 cum
492 2076 535 2122 ea
548 2053 730 2143 amphibia
745 2075 817 2120 non
836 2053 998 2120 infestent
1018 2052 1167 2136 deserta;
1182 2057 1256 2120 erat
1274 2060 1389 2120 autem
1413 2053 1528 2121 eidem
1546 2052 1598 2119 lo-

264 2185 322 2231 cus
339 2162 377 2230 iu
395 2160 583 2229 Pharaonis
602 2158 693 2228 aula.
711 2160 926 2243 Crocodilus,
943 2158 1074 2227 animal
1088 2158 1210 2226 eximie
1225 2182 1345 2242 vorax,
1360 2160 1498 2227 facilius
1518 2180 1599 2225 con-

264 2269 390 2358 cipitur
402 2273 484 2350 ψ
495 2266 730 2333 maleficorum
741 2265 930 2333 crocodilos
939 2266 1130 2349 devorasse,
1143 2287 1248 2356 quam
1262 2289 1402 2357 serpens
1411 2270 1595 2357 serpentes

265 2378 408 2441 Tantum
432 2368 540 2460 igitur
562 2373 674 2455 abest,
690 2375 727 2438 ut
749 2370 842 2439 idem
866 2370 1039 2438 aduobus
1057 2371 1197 2439 diversis
1220 2374 1417 2441 auctoribus
1440 2379 1600 2439 narretur

265 2484 480 2569 portentum,
502 2483 542 2545 ut
560 2479 676 2568 potius
698 2476 897 2544 habeantur
914 2482 1072 2567 portenta
1094 2476 1181 2559 duo,
1203 2480 1319 2567 virgae
1344 2480 1433 2547 duae
1454 2484 1503 2561 et,
1522 2478 1598 2545 loco

266 2584 435 2676 serpentis
450 2590 524 2669 lui,
546 2583 740 2651 crocodilus
761 2591 819 2667 l,9
838 2605 913 2673 sqq.
934 2606 942 2651 :
966 2582 1131 2651 illustrius
1154 2607 1268 2652 coram
1295 2586 1473 2654 Pharaone
1494 2606 1598 2675 quam

268 2714 384 2760 coram
411 2692 642 2759 Hebraeorum
656 2689 758 2779 plebe
780 2689 929 2757 obtinuit
951 2695 1160 2778 portentum.
1176 2714 1208 2757 v.
1228 2698 1268 2758 10
1285 2720 1300 2755 α
1319 2692 1467 2782 [repressi
1483 2692 1600 2781 itaque

269 2800 402 2887 Moyses
417 2811 450 2865 et
462 2800 579 2865 Aaron
596 2796 644 2863 od
660 2796 895 2877 Pharaonem,
905 2796 1079 2885 secernat,
1099 2797 1190 2865 sicut
1198 2812 1404 2889 praeeperat
1419 2799 1599 2867 Dominus.

271 2905 428 2995 Talitqne
451 2907 568 2971 Aaron
583 2902 720 2993 oirparn
735 2925 849 2970 coram
865 2902 1045 2971 Pharaone
1065 2916 1097 2970 et
1117 2905 1222 2971 servis
1236 2906 1324 2987 eitts,
1341 2928 1429 2997 qttae
1442 2929 1538 2973 versa
1552 2918 1601 2973 est

269 3012 306 3077 in
318 3010 534 3079 colubram».
552 3009 601 3093 id,
618 3009 715 3100 quod
725 3014 835 3077 textus
848 3008 992 3076 indubie
1012 3010 1177 3095 affirmat,
1193 3016 1243 3079 est
1257 3012 1428 3101 completa
1442 3025 1601 3080 externae

266 3116 651 3208 specieitransmntatio,
667 3120 704 3183 ut
714 3115 777 3183 ubi
789 3121 891 3184 antea
902 3116 1045 3184 indubie
1056 3118 1209 3185 sensibus
1218 3118 1473 3209 percipiebatur
1486 3120 1597 3206 virga,

269 3223 317 3290 ibi
334 3223 476 3290 indubie
491 3222 613 3291 iisdem
636 3222 707 3290 iam
728 3224 965 3313 perciperetur
985 3224 1103 3290 vivens
1118 3224 1347 3314 amphibium.
1367 3227 1446 3293 Sola
1465 3233 1602 3294 externa

269 3330 329 3397 illa
348 3330 585 3397 transmutatio
600 3352 621 3395 a
636 3330 812 3397 Pharaone
832 3330 988 3396 sensibus
1009 3330 1141 3419 percipi
1160 3334 1305 3421 poterat.
1325 3332 1421 3411 Quod
1441 3354 1524 3399 vero
1544 3354 1601 3399 ve-

268 3444 357 3504 teres
374 3435 483 3525 aliqui
505 3441 660 3502 auctores
677 3436 884 3527 disceptant,
902 3441 1076 3503 mutatane
1096 3436 1200 3503 inerit
1218 3439 1408 3507 substantia
1423 3439 1547 3526 ¹virgae
1565 3438 1603 3505 in

269 3542 494 3610 substantiam
515 3542 689 3626 animalis,
712 3539 749 3608 id
770 3543 808 3609 in
834 3547 927 3609 textu
952 3542 1150 3610 nullatenus
1176 3546 1391 3633 exprimitur,
1417 3568 1438 3612 a
1461 3545 1603 3612 testibus

269 3650 465 3717 nullatenus
477 3647 661 3737 comperiri
673 3653 825 3739 poterat,
842 3649 989 3739 ideoque
999 3670 1019 3715 a
1030 3654 1139 3717 textus
1150 3650 1337 3742 interprete
1351 3675 1421 3719 non
1438 3655 1486 3718 est
1500 3650 1602 3719 attin-

270 3756 434 3843 gendum.
455 3779 488 3821 v.
508 3761 546 3822 ii
571 3783 587 3817 n
613 3755 757 3822 Vocaoit
778 3768 893 3823 antem
913 3754 1049 3823 Pharao
1061 3757 1231 3845 sapientes
1248 3770 1280 3825 et
1298 3758 1489 3849 maleficos,
1504 3771 1538 3826 et
1550 3758 1602 3847 [e-

271 3875 389 3931 cernnt
413 3862 520 3930 etiam
542 3860 610 3953 ipsi
623 3885 691 3951 per
710 3862 964 3929 incantationes
983 3865 1205 3953 aeppptiacas
1225 3876 1258 3932 et
1280 3888 1410 3933 arcana
1432 3866 1604 3956 qrroedorn

269 3970 475 4037 similiter».
492 3968 670 4035 Sedaliter
685 3968 787 4035 Hebr.
806 3991 819 4035 .·
841 3970 980 4037 Vocaoit
999 3982 1114 4037 antem
1126 3970 1263 4039 Pharao
1282 3988 1386 4039 utura
1404 3985 1436 4039 et
1453 3988 1603 4049 uisura,

272 4089 305 4143 et
320 4076 478 4165 fecerunt
493 4075 564 4165 ipsi
580 4097 714 4166 qnoque
732 4074 830 4165 inopi
848 4076 1001 4166 Aepypti
1015 4100 1078 4167 per
1092 4078 1341 4147 incantationes
1353 4102 1431 4147 snas
1450 4080 1511 4147 ita.

307 4266 378 4317 Cum
387 4268 460 4317 inter
474 4267 628 4329 Aegyptios
638 4266 776 4317 exstiterit
786 4267 884 4316 classis
897 4266 991 4330 aliqua
1001 4267 1177 4319 sacerdotum
1193 4270 1284 4319 rechin
1296 4289 1331 4313 =
1342 4272 1485 4333 sapientes
1500 4266 1602 4335 (libers,

271 4356 342 4419 Aeg.
358 4368 386 4419 p.
398 4354 449 4404 3i3
464 4368 538 4420 sqq.;
549 4360 654 4404 armon
667 4368 695 4418 p.
712 4352 789 4420 202),
803 4356 833 4404 hi
850 4367 950 4418 reapse
969 4358 1083 4406 nomine
1103 4364 1206 4415 niman
1227 4359 1369 4421 designari
1388 4359 1533 4420 videntum
1551 4372 1604 4410 uo-

271 4447 368 4508 tatque
382 4444 463 4493 libers
483 4458 510 4507 p.
528 4443 579 4494 tii
598 4455 703 4494 nomeu
722 4444 892 4507 quandoque
908 4457 970 4495 esse
991 4447 1049 4495 tam
1068 4446 1142 4497 latae
1161 4449 1346 4511 acceptionis,
1362 4451 1391 4498 ut
1411 4450 1526 4511 quosvis
1546 4448 1605 4498 iere

270 4533 431 4584 sacerdotes
455 4533 663 4596 complectatur.
685 4530 745 4581 lam
767 4534 798 4581 ln
821 4532 904 4583 Novo
929 4534 1027 4596 Regno
1051 4540 1111 4585 eret
1134 4549 1295 4599 supremum
1317 4536 1456 4601 quoddam
1482 4536 1604 4587 tribunal

273 4639 284 4668 ι
302 4625 460 4686 sapientum
474 4626 503 4673 et
516 4622 673 4686 principum
690 4637 702 4668 r
724 4620 837 4687 (armon
851 4623 870 4671 l.
888 4620 935 4689 ct,
947 4624 966 4673 i.
982 4624 1196 4675 asserendorum
1211 4630 1239 4676 et
1254 4626 1421 4685 aulicorum
1438 4626 1521 4675 Eteri
1536 4638 1605 4675 vcro

271 4726 300 4775 p.
318 4710 368 4760 347
387 4722 474 4760 unum
493 4723 528 4762 ex
542 4708 685 4761 ordinibus
699 4723 727 4759 v.
747 4709 775 4760 il
797 4714 970 4762 enumeratis
991 4718 1135 4777 comparat
1153 4714 1263 4777 scribis,
1280 4717 1329 4779 qui
1348 4728 1411 4766 cum
1430 4714 1605 4778 sapientibus

271 4800 403 4865 leguntur
427 4812 490 4851 esse
513 4800 647 4850 accensiti
672 4800 853 4851 Pharaonum
880 4801 1010 4852 concilio.
1028 4802 1132 4855 contra
1152 4816 1224 4868 quae
1245 4805 1357 4855 obiiciat
1378 4804 1455 4867 quis,
1474 4809 1604 4865 uirum
