3534 5384
259 334 299 393 64
709 347 817 392 narsis
838 349 916 392 Aera
940 346 970 390 m
992 345 1138 390 rausero.

258 481 439 573 plicationi
450 481 611 550 obiicitur
622 481 819 564 difficultas,
841 481 955 549 forma
968 480 1065 548 verbi
1084 480 1274 548 masculina
1288 495 1364 573 qun
1383 485 1510 546 Tamen
1523 501 1594 546 nou

255 589 488 679 infrequentia
511 595 589 656 sunt
616 588 779 677 exempla
800 587 899 654 verbi
922 589 1069 655 formam
1093 587 1317 655 masculinam
1338 609 1401 677 pro
1427 585 1594 654 feminina

253 695 443 787 induentis,
461 701 495 760 et
510 709 519 747 ²
536 701 603 761 ern
618 693 655 760 in
674 694 823 783 antiquis
838 695 1094 762 characteribus
1112 694 1238 761 similia
1251 700 1331 760 sunt
1349 695 1439 760 inter
1452 715 1499 759 se.

300 808 372 868 lam
390 801 434 868 ad
448 802 622 890 Sephorae
636 801 777 870 effatum
789 802 1032 868 convertimur.
1052 806 1142 878 Quae
1152 823 1184 867 v.
1200 807 1243 868 26
1257 800 1449 867 affirmatur
1458 821 1595 888 expres-

259 909 355 975 sione
381 929 523 997 rpansm·
548 907 759 996 sanquinem
785 929 844 974 usa
872 930 944 974 esse
965 911 1005 974 ob
1030 908 1334 989 circumcisionem,
1357 908 1485 974 intuitu
1507 909 1591 974 eius.

259 1021 366 1092 Quam
380 1014 427 1081 ita
444 1015 606 1081 maritum
620 1014 855 1119 alloquentem
869 1013 1059 1081 introducit
1072 1014 1178 1081 Malo.
1201 1035 1214 1079 .·
1231 1042 1247 1075 «
1266 1014 1397 1080 Bellum
1417 1035 1592 1102 sponsum,

257 1121 476 1212 praeclarum
498 1119 716 1206 coniugium,
739 1122 832 1211 quod
854 1122 1023 1207 sanguine
1042 1126 1201 1187 natorum
1230 1121 1381 1187 sancitur
1403 1125 1493 1187 :stat
1510 1119 1597 1185 mihi

260 1226 353 1295 haud
371 1249 479 1316 parvo
493 1249 635 1316 sponsus
656 1249 767 1307 meus,
790 1249 916 1316 nempe
929 1227 1097 1314 sanguine
1111 1227 1172 1293 filii
1188 1227 1272 1310 mei,
1295 1249 1364 1315 quo
1384 1248 1491 1313 cogor
1505 1226 1597 1292 illius

260 1334 365 1400 vitam
379 1333 548 1400 redimere
567 1361 597 1398 ».
619 1333 676 1398 Vix
692 1339 813 1400 contra
836 1335 951 1423 ipsum
973 1334 1244 1400 circumcisionis
1261 1333 1379 1410 ritum,
1397 1353 1502 1423 quem
1516 1355 1595 1422 per·

260 1446 377 1526 egerat
400 1442 492 1530 ipsa,
509 1445 560 1506 tot
580 1439 740 1526 gentibus
758 1461 909 1522 sacrum,
929 1440 1078 1527 insurgit
1096 1440 1232 1522 mulier,
1252 1440 1313 1507 sed
1327 1444 1446 1506 contra
1460 1439 1594 1506 foedam

259 1546 355 1612 illam
371 1549 508 1614 Gersam
531 1546 836 1614 circumcisionem.
855 1560 917 1638 rna
938 1567 1099 1636 sponsum
1114 1547 1292 1633 designat,
1311 1545 1500 1637 quamlibet
1513 1547 1595 1611 item

262 1653 504 1738 cognationem
512 1651 734 1719 matrimonio
743 1652 933 1734 inductam,
947 1655 1297 1742 nunquammaritnm
1311 1674 1319 1720 :
1336 1675 1419 1739 ergo
1427 1653 1595 1741 expressio

259 1781 328 1824 non
341 1758 478 1848 respicit
487 1758 684 1844 coniugium
695 1769 970 1826 consummatum
982 1765 1015 1825 et
1027 1758 1236 1825 foecundum
1249 1759 1438 1846 Sephoram
1457 1753 1547 1824 iuter
1561 1765 1596 1825 et

260 1869 402 1952 Moysen.
429 1865 521 1932 Sicut
542 1887 685 1954 sponsas
704 1887 803 1931 seusu
827 1871 990 1931 consueto
1009 1864 1037 1931 is
1058 1873 1126 1947 est,
1144 1864 1205 1954 qui
1224 1866 1377 1930 futurum
1395 1864 1594 1951 coniugium

263 1972 447 2060 promittit,
464 1971 512 2038 ita
524 1993 666 2060 sponsas
676 1971 954 2060 mnqrrimrmseu
966 1971 1149 2060 sanqninis
1163 1972 1192 2036 is
1205 1976 1267 2052 est,
1285 1970 1344 2060 qui
1357 1971 1507 2052 caedem,
1521 1971 1595 2036 vio-

268 2077 425 2160 lentiam,
453 2077 656 2162 sanguiuem
678 2077 868 2166 portendit,
891 2078 928 2144 iu
946 2078 1043 2144 ouius
1058 2077 1129 2144 vita
1144 2075 1296 2143 nefastus
1314 2076 1437 2165 aliquis
1450 2075 1597 2143 habetur

260 2189 416 2266 eventuS,
432 2183 494 2272 qui
515 2184 746 2271 superstitiose
766 2183 960 2274 accipiatur
978 2189 1154 2272 tamquam
1177 2182 1283 2249 futuri
1301 2182 1479 2249 infortunii
1495 2203 1594 2272 prae-

261 2291 407 2376 sagium.
430 2287 548 2366 Quoad
562 2290 820 2356 matrimonium
836 2295 963 2376 Moyses
981 2295 1031 2356 est
1044 2290 1216 2378 Sephorae
1230 2289 1385 2367 maritas,
1400 2289 1593 2356 futurorum

261 2395 528 2466 infortuniorum
543 2395 611 2461 iarn
626 2401 677 2461 est
688 2418 842 2484 sponsor.
860 2401 930 2472 Qua
948 2417 1112 2484 sponsum
1126 2397 1333 2482 sanguinum
1347 2396 1501 2485 Sephora
1515 2416 1593 2460 eum

262 2501 455 2583 renuntiat,
476 2500 573 2568 abeo
593 2500 738 2584 recedit,
761 2522 838 2568 cum
859 2525 900 2568 eo
919 2501 1084 2591 progredi
1095 2503 1130 2566 in
1150 2506 1342 2590 Aegyptum
1362 2501 1489 2568 renuit.
1507 2507 1593 2567 Post-

262 2607 416 2688 modum,
434 2606 572 2697 quando
583 2607 765 2686 omniailli,
776 2629 940 2698 prospere
954 2607 1076 2674 cedere
1086 2606 1346 2690 animadvertit,
1365 2607 1409 2674 ad
1424 2631 1502 2673 eum
1515 2631 1590 2697 cap.

265 2721 307 2784 18
327 2735 466 2781 reversa
483 2719 546 2782 est.

308 2820 399 2887 Facti
412 2821 579 2888 rationem
596 2819 750 2886 intimius
765 2820 832 2887 iam
853 2821 1090 2910 perspicimus
1112 2826 1199 2888 Deus
1215 2827 1348 2909 Moysen
1365 2820 1510 2888 iusserat
1530 2821 1594 2885 rir-

259 2949 341 3016 qam
366 2949 480 2994 secum
501 2949 635 2993 sumere
656 2932 689 2993 et
712 2929 888 2992 Aaronem
911 2927 1024 3016 operis
1046 2928 1175 2995 socium
1199 2927 1405 3008 adsciscere,
1429 2927 1472 2994 de
1491 2950 1593 2994 uxore

256 3035 407 3100 siluerat.
423 3039 514 3100 llano
527 3037 652 3122 Moyses
666 3055 735 3099 non
753 3033 861 3100 iussus
873 3056 989 3100 seeum
1007 3034 1209 3101 deducebat.
1228 3040 1269 3101 At
1283 3033 1481 3123 expeditum
1492 3056 1591 3124 opor-

259 3139 354 3206 tebat
373 3161 487 3206 coram
511 3140 688 3207 Pharaone
709 3139 855 3208 adstare.
882 3140 998 3208 Effecit
1021 3140 1129 3226 igitur
1143 3145 1245 3223 Meus,
1264 3146 1300 3207 ut
1320 3161 1407 3206 uxor
1431 3140 1593 3229 supersti-

264 3245 356 3312 tione
371 3250 464 3312 mota
478 3246 602 3334 pedem
617 3244 825 3328 retraheret,
842 3253 920 3336 post
931 3246 1078 3313 exodum
1093 3247 1257 3314 reditura.

542 3479 566 3524 b.
584 3477 683 3536 Moyses
698 3483 723 3524 et
742 3479 825 3524 Aaron
842 3480 874 3525 ab
890 3477 1011 3526 Israelitis
1026 3478 1127 3537 excepti
1143 3477 1190 3525 Ex.
1206 3479 1315 3538 aar-31.

305 3674 388 3760 Arq.
406 3711 449 3722 -
464 3675 577 3738 Aaron
590 3693 611 3737 a
625 3675 690 3738 Meo
704 3671 853 3739 monitus
867 3671 967 3738 fratri
980 3672 1139 3739 alacriter
1155 3672 1322 3759 iungitur.
1347 3673 1408 3750 Qui
1427 3675 1454 3739 si
1475 3679 1532 3740 Ex.
1550 3680 1592 3738 32

261 3778 305 3845 ob
321 3777 419 3844 vituli
438 3778 534 3844 aurei
549 3777 827 3868 superstitionem
850 3779 912 3844 tihi
935 3778 1094 3845 videatur
1117 3779 1226 3846 lenius
1243 3779 1396 3863 tractari,
1419 3787 1592 3846 memento

261 3883 423 3965 eundern,
446 3884 507 3951 uhi
525 3884 675 3972 primum
691 3891 788 3951 alteo
803 3885 1002 3967 vocabatur,
1021 3885 1169 3953 alacrius
1182 3893 1216 3952 et
1229 3886 1351 3954 fortius
1365 3885 1473 3973 egisse
1487 3909 1591 3974 quarn

260 3997 403 4080 Moysen.
437 3992 584 4080 Populus
612 3992 831 4080 oppressione
872 3999 1089 4082 exasperatus
1119 3993 1285 4060 fratribus
1312 3993 1462 4059 libenter
1489 3993 1592 4060 tidem

261 4102 422 4186 praestat.

305 4225 337 4270 v.
353 4209 395 4270 Ἢ
416 4231 431 4264 «
455 4203 554 4270 Dicit
573 4217 688 4270 atrlcm
706 4203 874 4270 Dominus
893 4203 941 4270 ad
957 4209 1104 4273 Aaron:
1133 4205 1223 4272 Vade
1238 4205 1276 4271 in
1293 4229 1469 4272 occurram
1484 4205 1594 4294 Mopsi

263 4309 300 4375 in
312 4308 493 4376 desertum.
517 4310 748 4400 Qaiprrrcait
768 4311 901 4377 obviam
913 4312 954 4377 ci
975 4313 1011 4378 in
1030 4326 1178 4379 arantem
1202 4313 1265 4378 Dei
1270 4365 1279 4395 ,
1303 4325 1335 4378 et
1353 4313 1526 4378 osculatus
1544 4325 1592 4379 es!

222 4398 230 4410 ⁸
263 4439 340 4484 cam
357 4445 388 4482 n.
409 4439 441 4482 v.
457 4422 498 4483 28
518 4445 534 4478 ι(
556 4418 788 4508 Narraaitqne
804 4419 936 4508 Moyses
955 4422 1072 4484 Aaron
1088 4419 1204 4485 orrrrria
1224 4418 1324 4485 cerba
1340 4420 1500 4500 Domini,
1517 4419 1592 4509 qai-

265 4523 324 4589 bns
347 4523 487 4589 miserat
506 4547 598 4606 crine,
622 4537 654 4590 cl
668 4525 786 4613 siqna,
803 4547 892 4613 qaae
917 4525 1142 4592 mandaverat
1163 4553 1191 4590 a,
1210 4548 1240 4592 v.
1260 4533 1302 4592 29
1319 4554 1335 4587 a
1357 4529 1593 4615 Veneremque

266 4629 372 4698 sinerii
387 4643 419 4698 ct
437 4645 731 4720 conpreqarerrml
751 4644 890 4698 cunctos
909 4631 1057 4697 seniores
1075 4631 1227 4719 filiorum
1248 4633 1357 4699 lsrael
1375 4661 1409 4715 r,
1427 4639 1461 4698 et
1476 4639 1594 4722 postea

271 4737 327 4826 (cf.
346 4760 378 4806 v.
405 4744 447 4806 30
467 4738 534 4828 sq.)
554 4738 734 4829 populum.
751 4761 784 4806 v,
805 4745 847 4807 30
865 4767 881 4800 a
902 4741 1114 4828 Locatnsqae
1137 4750 1185 4806 est
1204 4741 1319 4806 Aaron
1339 4740 1455 4806 omnia
1475 4742 1591 4821 cerda,
