<?xml version="1.0" encoding="UTF-8"?>
<!DOCTYPE html PUBLIC "-//W3C//DTD XHTML 1.0 Transitional//EN"
    "http://www.w3.org/TR/xhtml1/DTD/xhtml1-transitional.dtd">
<html xmlns="http://www.w3.org/1999/xhtml" xml:lang="en" lang="en">
 <head>
  <title>
</title>
<meta http-equiv="Content-Type" content="text/html;charset=utf-8" />
  <meta name='ocr-system' content='tesseract 3.04.00' />
  <meta name='ocr-capabilities' content='ocr_page ocr_carea ocr_par ocr_line ocrx_word'/>
</head>
<body>
  <div class='ocr_page' id='page_1' title='image "./commentariusine00hummgoog/commentariusine00hummgoog_0184.png"; bbox 0 0 3534 5384; ppageno 0'>
   <div class='ocr_carea' id='block_1_1' title="bbox 802 380 1528 439">
    <p class='ocr_par' dir='ltr' id='par_1_1' title="bbox 802 380 1528 439">
     <span class='ocr_line' id='line_1_1' title="bbox 802 380 1528 439; baseline 0.004 -3"><span class='ocrx_word' id='word_1_1' title='bbox 802 392 919 437; x_wconf 75' lang='lat' dir='ltr'><strong>narni.</strong></span> <span class='ocrx_word' id='word_1_2' title='bbox 1471 380 1528 439; x_wconf 82' lang='grc'><strong>113</strong></span> 
     </span>
    </p>
   </div>
   <div class='ocr_carea' id='block_1_2' title="bbox 186 530 1533 3170">
    <p class='ocr_par' dir='ltr' id='par_1_2' title="bbox 191 530 1528 684">
     <span class='ocr_line' id='line_1_2' title="bbox 229 530 1528 596; baseline 0.004 -16"><span class='ocrx_word' id='word_1_3' title='bbox 229 530 410 594; x_wconf 80' lang='lat' dir='ltr'><strong>Respondent</strong></span> <span class='ocrx_word' id='word_1_4' title='bbox 428 535 468 595; x_wconf 84' lang='lat' dir='ltr'><strong>a)</strong></span> <span class='ocrx_word' id='word_1_5' title='bbox 485 546 492 582; x_wconf 76' lang='grc' dir='ltr'>ε</span> <span class='ocrx_word' id='word_1_6' title='bbox 509 530 587 583; x_wconf 90' lang='lat' dir='ltr'><strong>Licet</strong></span> <span class='ocrx_word' id='word_1_7' title='bbox 605 543 722 594; x_wconf 90' lang='lat' dir='ltr'><strong>sagaces</strong></span> <span class='ocrx_word' id='word_1_8' title='bbox 737 531 861 581; x_wconf 88' lang='lat' dir='ltr'><strong>viatores</strong></span> <span class='ocrx_word' id='word_1_9' title='bbox 877 531 961 594; x_wconf 89' lang='lat' dir='ltr'><strong>plura</strong></span> <span class='ocrx_word' id='word_1_10' title='bbox 979 543 1031 581; x_wconf 86' lang='lat' dir='ltr'><strong>nos</strong></span> <span class='ocrx_word' id='word_1_11' title='bbox 1051 530 1087 581; x_wconf 91' lang='lat' dir='ltr'><strong>de</strong></span> <span class='ocrx_word' id='word_1_12' title='bbox 1105 543 1208 581; x_wconf 89' lang='lat' dir='ltr'><strong>manna</strong></span> <span class='ocrx_word' id='word_1_13' title='bbox 1226 532 1336 595; x_wconf 86' lang='lat' dir='ltr'><strong>vulgari</strong></span> <span class='ocrx_word' id='word_1_14' title='bbox 1355 532 1528 596; x_wconf 88' lang='lat' dir='ltr'><strong>edocuerint,</strong></span> 
     </span>
     <span class='ocr_line' id='line_1_3' title="bbox 191 619 1382 684; baseline 0 -15"><span class='ocrx_word' id='word_1_15' title='bbox 191 631 249 671; x_wconf 90' lang='lat' dir='ltr'><strong>non</strong></span> <span class='ocrx_word' id='word_1_16' title='bbox 262 620 358 669; x_wconf 89' lang='lat' dir='ltr'><strong>omnia</strong></span> <span class='ocrx_word' id='word_1_17' title='bbox 369 622 513 683; x_wconf 88' lang='lat' dir='ltr'><strong>comperta</strong></span> <span class='ocrx_word' id='word_1_18' title='bbox 526 619 676 679; x_wconf 89' lang='lat' dir='ltr'><strong>habemus,</strong></span> <span class='ocrx_word' id='word_1_19' title='bbox 692 620 774 684; x_wconf 90' lang='lat' dir='ltr'><strong>plura</strong></span> <span class='ocrx_word' id='word_1_20' title='bbox 787 624 941 683; x_wconf 83' lang='lat' dir='ltr'><strong>supersunt</strong></span> <span class='ocrx_word' id='word_1_21' title='bbox 956 620 1087 683; x_wconf 81' lang='lat' dir='ltr'>penitiori</span> <span class='ocrx_word' id='word_1_22' title='bbox 1103 620 1197 670; x_wconf 90' lang='lat' dir='ltr'><strong>studio</strong></span> <span class='ocrx_word' id='word_1_23' title='bbox 1212 620 1382 683; x_wconf 84' lang='lat' dir='ltr'><strong>indaganda.</strong></span> 
     </span>
    </p>

    <p class='ocr_par' dir='ltr' id='par_1_3' title="bbox 192 706 1533 1304">
     <span class='ocr_line' id='line_1_4' title="bbox 227 706 1532 775; baseline 0.003 -18"><span class='ocrx_word' id='word_1_24' title='bbox 227 706 255 773; x_wconf 91' lang='lat' dir='ltr'><strong>b)</strong></span> <span class='ocrx_word' id='word_1_25' title='bbox 272 707 334 758; x_wconf 90' lang='lat' dir='ltr'><strong>Duo</strong></span> <span class='ocrx_word' id='word_1_26' title='bbox 353 720 407 758; x_wconf 86' lang='lat' dir='ltr'><strong>nos</strong></span> <span class='ocrx_word' id='word_1_27' title='bbox 425 708 460 757; x_wconf 90' lang='lat' dir='ltr'><strong>de</strong></span> <span class='ocrx_word' id='word_1_28' title='bbox 478 720 584 759; x_wconf 88' lang='lat' dir='ltr'><strong>manna</strong></span> <span class='ocrx_word' id='word_1_29' title='bbox 601 707 686 759; x_wconf 87' lang='lat' dir='ltr'><strong>dccet</strong></span> <span class='ocrx_word' id='word_1_30' title='bbox 704 708 842 772; x_wconf 89' lang='lat' dir='ltr'><strong>scriptura</strong></span> <span class='ocrx_word' id='word_1_31' title='bbox 858 709 1003 771; x_wconf 88' lang='lat' dir='ltr'><strong>:primum</strong></span> <span class='ocrx_word' id='word_1_32' title='bbox 1024 710 1162 759; x_wconf 89' lang='lat' dir='ltr'><strong>mansisse</strong></span> <span class='ocrx_word' id='word_1_33' title='bbox 1180 708 1250 758; x_wconf 93' lang='lat' dir='ltr'><strong>illud</strong></span> <span class='ocrx_word' id='word_1_34' title='bbox 1271 710 1459 774; x_wconf 89' lang='lat' dir='ltr'><strong>incorruptum</strong></span> <span class='ocrx_word' id='word_1_35' title='bbox 1481 724 1532 775; x_wconf 87' lang='lat' dir='ltr'><strong>por</strong></span> 
     </span>
     <span class='ocr_line' id='line_1_5' title="bbox 192 795 1533 861; baseline 0.001 -14"><span class='ocrx_word' id='word_1_36' title='bbox 192 796 321 859; x_wconf 90' lang='lat' dir='ltr'><strong>singulos</strong></span> <span class='ocrx_word' id='word_1_37' title='bbox 339 795 414 856; x_wconf 91' lang='lat' dir='ltr'><strong>dies,</strong></span> <span class='ocrx_word' id='word_1_38' title='bbox 430 796 488 846; x_wconf 91' lang='lat' dir='ltr'><strong>imo</strong></span> <span class='ocrx_word' id='word_1_39' title='bbox 504 796 603 857; x_wconf 89' lang='lat' dir='ltr'><strong>biduo,</strong></span> <span class='ocrx_word' id='word_1_40' title='bbox 620 799 735 860; x_wconf 87' lang='lat' dir='ltr'><strong>quoties</strong></span> <span class='ocrx_word' id='word_1_41' title='bbox 753 796 915 849; x_wconf 88' lang='lat' dir='ltr'><strong>occurrebat</strong></span> <span class='ocrx_word' id='word_1_42' title='bbox 932 796 1094 857; x_wconf 89' lang='lat' dir='ltr'><strong>sabbatum,</strong></span> <span class='ocrx_word' id='word_1_43' title='bbox 1109 800 1136 847; x_wconf 90' lang='lat' dir='ltr'><strong>et</strong></span> <span class='ocrx_word' id='word_1_44' title='bbox 1151 813 1162 844; x_wconf 81' lang='grc' dir='ltr'>ι</span> <span class='ocrx_word' id='word_1_45' title='bbox 1179 798 1208 847; x_wconf 92' lang='lat' dir='ltr'><strong>in</strong></span> <span class='ocrx_word' id='word_1_46' title='bbox 1227 796 1335 848; x_wconf 89' lang='lat' dir='ltr'><strong>iuturas</strong></span> <span class='ocrx_word' id='word_1_47' title='bbox 1355 801 1430 850; x_wconf 90' lang='lat' dir='ltr'><strong>retro</strong></span> <span class='ocrx_word' id='word_1_48' title='bbox 1445 813 1533 861; x_wconf 88' lang='lat' dir='ltr'><strong>gene-</strong></span> 
     </span>
     <span class='ocr_line' id='line_1_6' title="bbox 193 884 1533 950; baseline 0.002 -15"><span class='ocrx_word' id='word_1_49' title='bbox 193 885 318 935; x_wconf 77' lang='lat' dir='ltr'>rationes</span> <span class='ocrx_word' id='word_1_50' title='bbox 334 900 359 947; x_wconf 82' lang='lat'><strong>»,</strong></span> <span class='ocrx_word' id='word_1_51' title='bbox 375 887 518 949; x_wconf 87' lang='lat' dir='ltr'><strong>quatenus</strong></span> <span class='ocrx_word' id='word_1_52' title='bbox 536 884 706 948; x_wconf 78' lang='lat' dir='ltr'><strong>aliquantus</strong></span> <span class='ocrx_word' id='word_1_53' title='bbox 720 886 804 950; x_wconf 88' lang='lat' dir='ltr'><strong>copia</strong></span> <span class='ocrx_word' id='word_1_54' title='bbox 815 886 940 949; x_wconf 88' lang='lat' dir='ltr'><strong>reposita</strong></span> <span class='ocrx_word' id='word_1_55' title='bbox 955 889 984 937; x_wconf 91' lang='lat' dir='ltr'><strong>et</strong></span> <span class='ocrx_word' id='word_1_56' title='bbox 1001 888 1144 936; x_wconf 84' lang='lat' dir='ltr'><strong>asservata</strong></span> <span class='ocrx_word' id='word_1_57' title='bbox 1158 884 1209 936; x_wconf 90' lang='lat' dir='ltr'><strong>luit</strong></span> <span class='ocrx_word' id='word_1_58' title='bbox 1228 898 1322 937; x_wconf 89' lang='lat' dir='ltr'><strong>coram</strong></span> <span class='ocrx_word' id='word_1_59' title='bbox 1335 887 1472 947; x_wconf 89' lang='lat' dir='ltr'><strong>Domino;</strong></span> <span class='ocrx_word' id='word_1_60' title='bbox 1487 902 1533 938; x_wconf 87' lang='lat' dir='ltr'><strong>se-</strong></span> 
     </span>
     <span class='ocr_line' id='line_1_7' title="bbox 192 972 1528 1040; baseline 0.001 -16"><span class='ocrx_word' id='word_1_61' title='bbox 192 974 297 1033; x_wconf 90' lang='lat' dir='ltr'><strong>cundo,</strong></span> <span class='ocrx_word' id='word_1_62' title='bbox 314 986 377 1023; x_wconf 90' lang='lat' dir='ltr'><strong>cum</strong></span> <span class='ocrx_word' id='word_1_63' title='bbox 389 973 478 1037; x_wconf 76' lang='lat' dir='ltr'><strong>aliqui</strong></span> <span class='ocrx_word' id='word_1_64' title='bbox 491 972 581 1037; x_wconf 78' lang='lat' dir='ltr'><strong>Moysi</strong></span> <span class='ocrx_word' id='word_1_65' title='bbox 596 972 791 1025; x_wconf 89' lang='lat' dir='ltr'><strong>inobedientes</strong></span> <span class='ocrx_word' id='word_1_66' title='bbox 805 986 913 1023; x_wconf 87' lang='lat' dir='ltr'><strong>manna</strong></span> <span class='ocrx_word' id='word_1_67' title='bbox 928 980 1090 1025; x_wconf 87' lang='lat' dir='ltr'><strong>servassent</strong></span> <span class='ocrx_word' id='word_1_68' title='bbox 1104 975 1178 1025; x_wconf 88' lang='lat' dir='ltr'><strong>ultra</strong></span> <span class='ocrx_word' id='word_1_69' title='bbox 1194 976 1304 1039; x_wconf 87' lang='lat' dir='ltr'><strong>tempus</strong></span> <span class='ocrx_word' id='word_1_70' title='bbox 1318 978 1528 1040; x_wconf 87' lang='lat' dir='ltr'><strong>praescriptum,</strong></span> 
     </span>
     <span class='ocr_line' id='line_1_8' title="bbox 195 1061 1533 1127; baseline 0 -14"><span class='ocrx_word' id='word_1_71' title='bbox 195 1062 265 1113; x_wconf 91' lang='lat' dir='ltr'><strong>illud</strong></span> <span class='ocrx_word' id='word_1_72' title='bbox 285 1064 496 1127; x_wconf 80' lang='lat' dir='ltr'><strong>computruisse.</strong></span> <span class='ocrx_word' id='word_1_73' title='bbox 511 1062 683 1113; x_wconf 78' lang='lat' dir='ltr'><strong>Alterutrum</strong></span> <span class='ocrx_word' id='word_1_74' title='bbox 701 1061 806 1114; x_wconf 87' lang='lat' dir='ltr'><strong>iactum</strong></span> <span class='ocrx_word' id='word_1_75' title='bbox 827 1062 994 1113; x_wconf 81' lang='lat' dir='ltr'><strong>miraculum</strong></span> <span class='ocrx_word' id='word_1_76' title='bbox 1009 1062 1101 1114; x_wconf 89' lang='lat' dir='ltr'><strong>luerit.</strong></span> <span class='ocrx_word' id='word_1_77' title='bbox 1119 1062 1226 1123; x_wconf 82' lang='lat' dir='ltr'><strong>Quodsi</strong></span> <span class='ocrx_word' id='word_1_78' title='bbox 1244 1064 1380 1115; x_wconf 88' lang='lat' dir='ltr'><strong>miraculo</strong></span> <span class='ocrx_word' id='word_1_79' title='bbox 1402 1064 1533 1115; x_wconf 74' lang='lat' dir='ltr'><strong>adstruas</strong></span> 
     </span>
     <span class='ocr_line' id='line_1_9' title="bbox 194 1151 1531 1217; baseline 0.001 -16"><span class='ocrx_word' id='word_1_80' title='bbox 194 1163 345 1216; x_wconf 89' lang='lat' dir='ltr'><strong>paucorum</strong></span> <span class='ocrx_word' id='word_1_81' title='bbox 360 1151 471 1202; x_wconf 88' lang='lat' dir='ltr'><strong>iliorum</strong></span> <span class='ocrx_word' id='word_1_82' title='bbox 485 1151 630 1202; x_wconf 89' lang='lat' dir='ltr'><strong>hominum</strong></span> <span class='ocrx_word' id='word_1_83' title='bbox 643 1163 748 1201; x_wconf 86' lang='lat' dir='ltr'><strong>manna</strong></span> <span class='ocrx_word' id='word_1_84' title='bbox 761 1151 985 1215; x_wconf 80' lang='lat' dir='ltr'><strong>computruisse,</strong></span> <span class='ocrx_word' id='word_1_85' title='bbox 1000 1151 1071 1201; x_wconf 89' lang='lat' dir='ltr'><strong>nihii</strong></span> <span class='ocrx_word' id='word_1_86' title='bbox 1092 1151 1144 1203; x_wconf 90' lang='lat' dir='ltr'><strong>erit</strong></span> <span class='ocrx_word' id='word_1_87' title='bbox 1162 1153 1191 1201; x_wconf 89' lang='lat' dir='ltr'><strong>in</strong></span> <span class='ocrx_word' id='word_1_88' title='bbox 1209 1164 1313 1202; x_wconf 88' lang='lat' dir='ltr'><strong>manna</strong></span> <span class='ocrx_word' id='word_1_89' title='bbox 1326 1152 1443 1214; x_wconf 90' lang='lat' dir='ltr'><strong>biblico,</strong></span> <span class='ocrx_word' id='word_1_90' title='bbox 1456 1155 1531 1217; x_wconf 86' lang='lat' dir='ltr'><strong>quod</strong></span> 
     </span>
     <span class='ocr_line' id='line_1_10' title="bbox 193 1239 737 1304; baseline 0.002 -13"><span class='ocrx_word' id='word_1_91' title='bbox 193 1252 326 1291; x_wconf 77' lang='lat' dir='ltr'><strong>amanus</strong></span> <span class='ocrx_word' id='word_1_92' title='bbox 335 1240 460 1303; x_wconf 86' lang='lat' dir='ltr'><strong>vulgaris</strong></span> <span class='ocrx_word' id='word_1_93' title='bbox 474 1240 569 1291; x_wconf 89' lang='lat' dir='ltr'><strong>indole</strong></span> <span class='ocrx_word' id='word_1_94' title='bbox 583 1239 737 1304; x_wconf 79' lang='lat' dir='ltr'><strong>discrepet.</strong></span> 
     </span>
    </p>

    <p class='ocr_par' dir='ltr' id='par_1_4' title="bbox 190 1328 1530 1823">
     <span class='ocr_line' id='line_1_11' title="bbox 228 1328 1530 1395; baseline 0.002 -16"><span class='ocrx_word' id='word_1_95' title='bbox 228 1328 255 1391; x_wconf 83' lang='grc'><strong>3)</strong></span> <span class='ocrx_word' id='word_1_96' title='bbox 269 1328 385 1379; x_wconf 83' lang='lat' dir='ltr'><strong>Etiamsi</strong></span> <span class='ocrx_word' id='word_1_97' title='bbox 400 1333 574 1393; x_wconf 89' lang='lat' dir='ltr'><strong>supponatur</strong></span> <span class='ocrx_word' id='word_1_98' title='bbox 595 1341 699 1379; x_wconf 89' lang='lat' dir='ltr'><strong>manna</strong></span> <span class='ocrx_word' id='word_1_99' title='bbox 713 1329 832 1391; x_wconf 87' lang='lat' dir='ltr'><strong>vulgare</strong></span> <span class='ocrx_word' id='word_1_100' title='bbox 854 1328 943 1380; x_wconf 88' lang='lat' dir='ltr'><strong>luisse</strong></span> <span class='ocrx_word' id='word_1_101' title='bbox 962 1331 1021 1380; x_wconf 92' lang='lat' dir='ltr'><strong>tum</strong></span> <span class='ocrx_word' id='word_1_102' title='bbox 1036 1329 1065 1379; x_wconf 90' lang='lat' dir='ltr'><strong>in</strong></span> <span class='ocrx_word' id='word_1_103' title='bbox 1086 1328 1221 1379; x_wconf 86' lang='lat' dir='ltr'><strong>Sinaitide</strong></span> <span class='ocrx_word' id='word_1_104' title='bbox 1236 1330 1336 1393; x_wconf 86' lang='lat' dir='ltr'><strong>longe,</strong></span> <span class='ocrx_word' id='word_1_105' title='bbox 1354 1343 1437 1395; x_wconf 92' lang='lat' dir='ltr'><strong>quam</strong></span> <span class='ocrx_word' id='word_1_106' title='bbox 1455 1344 1530 1381; x_wconf 89' lang='lat' dir='ltr'><strong>nunc</strong></span> 
     </span>
     <span class='ocr_line' id='line_1_12' title="bbox 191 1417 1526 1482; baseline -0.001 -13"><span class='ocrx_word' id='word_1_107' title='bbox 191 1420 247 1479; x_wconf 84' lang='lat' dir='ltr'><strong>est,</strong></span> <span class='ocrx_word' id='word_1_108' title='bbox 264 1417 465 1478; x_wconf 87' lang='lat' dir='ltr'><strong>abundantius,</strong></span> <span class='ocrx_word' id='word_1_109' title='bbox 481 1420 536 1469; x_wconf 90' lang='lat' dir='ltr'><strong>imo</strong></span> <span class='ocrx_word' id='word_1_110' title='bbox 555 1419 665 1469; x_wconf 84' lang='lat' dir='ltr'><strong>etiamsi</strong></span> <span class='ocrx_word' id='word_1_111' title='bbox 687 1423 862 1482; x_wconf 87' lang='lat' dir='ltr'><strong>supponatur</strong></span> <span class='ocrx_word' id='word_1_112' title='bbox 884 1420 944 1469; x_wconf 86' lang='lat' dir='ltr'><strong>tota</strong></span> <span class='ocrx_word' id='word_1_113' title='bbox 966 1420 1026 1468; x_wconf 90' lang='lat' dir='ltr'><strong>turn</strong></span> <span class='ocrx_word' id='word_1_114' title='bbox 1051 1418 1219 1482; x_wconf 82' lang='lat' dir='ltr'><strong>paeninsula</strong></span> <span class='ocrx_word' id='word_1_115' title='bbox 1240 1418 1420 1470; x_wconf 89' lang='lat' dir='ltr'><strong>tamaricibus</strong></span> <span class='ocrx_word' id='word_1_116' title='bbox 1440 1419 1526 1469; x_wconf 84' lang='lat' dir='ltr'><strong>luisse</strong></span> 
     </span>
     <span class='ocr_line' id='line_1_13' title="bbox 191 1506 1526 1571; baseline 0 -15"><span class='ocrx_word' id='word_1_117' title='bbox 191 1507 282 1557; x_wconf 86' lang='lat' dir='ltr'><strong>obsita</strong></span> <span class='ocrx_word' id='word_1_118' title='bbox 295 1518 399 1557; x_wconf 89' lang='lat' dir='ltr'><strong>manna</strong></span> <span class='ocrx_word' id='word_1_119' title='bbox 420 1506 636 1567; x_wconf 82' lang='lat' dir='ltr'><strong>exsudantibus,</strong></span> <span class='ocrx_word' id='word_1_120' title='bbox 652 1506 749 1557; x_wconf 87' lang='lat' dir='ltr'><strong>tamen</strong></span> <span class='ocrx_word' id='word_1_121' title='bbox 762 1519 820 1557; x_wconf 92' lang='lat' dir='ltr'><strong>non</strong></span> <span class='ocrx_word' id='word_1_122' title='bbox 834 1508 945 1571; x_wconf 89' lang='lat' dir='ltr'><strong>poterat</strong></span> <span class='ocrx_word' id='word_1_123' title='bbox 965 1518 999 1556; x_wconf 91' lang='lat' dir='ltr'><strong>ea</strong></span> <span class='ocrx_word' id='word_1_124' title='bbox 1018 1508 1127 1557; x_wconf 90' lang='lat' dir='ltr'><strong>tantum</strong></span> <span class='ocrx_word' id='word_1_125' title='bbox 1146 1518 1250 1557; x_wconf 89' lang='lat' dir='ltr'><strong>manna</strong></span> <span class='ocrx_word' id='word_1_126' title='bbox 1267 1509 1452 1571; x_wconf 81' lang='lat' dir='ltr'><strong>progignere,</strong></span> <span class='ocrx_word' id='word_1_127' title='bbox 1470 1520 1526 1571; x_wconf 85' lang='lat' dir='ltr'><strong>quo</strong></span> 
     </span>
     <span class='ocr_line' id='line_1_14' title="bbox 190 1594 1526 1661; baseline 0 -16"><span class='ocrx_word' id='word_1_128' title='bbox 190 1599 233 1645; x_wconf 88' lang='lat' dir='ltr'><strong>tot</strong></span> <span class='ocrx_word' id='word_1_129' title='bbox 251 1599 370 1647; x_wconf 88' lang='lat' dir='ltr'><strong>centena</strong></span> <span class='ocrx_word' id='word_1_130' title='bbox 388 1594 532 1645; x_wconf 89' lang='lat' dir='ltr'><strong>hominum</strong></span> <span class='ocrx_word' id='word_1_131' title='bbox 547 1594 636 1645; x_wconf 89' lang='lat' dir='ltr'><strong>millia</strong></span> <span class='ocrx_word' id='word_1_132' title='bbox 654 1596 890 1653; x_wconf 86' lang='lat' dir='ltr'><strong>sustentarentur,</strong></span> <span class='ocrx_word' id='word_1_133' title='bbox 905 1597 1027 1645; x_wconf 86' lang='lat' dir='ltr'><strong>maxime</strong></span> <span class='ocrx_word' id='word_1_134' title='bbox 1048 1608 1111 1646; x_wconf 89' lang='lat' dir='ltr'><strong>curn</strong></span> <span class='ocrx_word' id='word_1_135' title='bbox 1126 1606 1244 1655; x_wconf 88' lang='lat' dir='ltr'><strong>manna,</strong></span> <span class='ocrx_word' id='word_1_136' title='bbox 1262 1596 1297 1646; x_wconf 92' lang='lat' dir='ltr'><strong>de</strong></span> <span class='ocrx_word' id='word_1_137' title='bbox 1316 1608 1372 1661; x_wconf 90' lang='lat' dir='ltr'><strong>quo</strong></span> <span class='ocrx_word' id='word_1_138' title='bbox 1389 1598 1526 1659; x_wconf 85' lang='lat' dir='ltr'><strong>scriptura</strong></span> 
     </span>
     <span class='ocr_line' id='line_1_15' title="bbox 191 1682 1524 1750; baseline 0.001 -17"><span class='ocrx_word' id='word_1_139' title='bbox 191 1685 324 1747; x_wconf 87' lang='lat' dir='ltr'><strong>loquitur,</strong></span> <span class='ocrx_word' id='word_1_140' title='bbox 339 1683 423 1736; x_wconf 89' lang='lat' dir='ltr'><strong>luerit</strong></span> <span class='ocrx_word' id='word_1_141' title='bbox 440 1700 451 1732; x_wconf 81' lang='grc' dir='ltr'><strong><em>ι</em></strong></span> <span class='ocrx_word' id='word_1_142' title='bbox 468 1683 547 1734; x_wconf 89' lang='lat' dir='ltr'><strong>cibus</strong></span> <span class='ocrx_word' id='word_1_143' title='bbox 567 1683 755 1735; x_wconf 79' lang='lat' dir='ltr'><strong>levissimus»</strong></span> <span class='ocrx_word' id='word_1_144' title='bbox 773 1683 867 1750; x_wconf 85' lang='lat' dir='ltr'><strong>(Num.</strong></span> <span class='ocrx_word' id='word_1_145' title='bbox 888 1682 962 1747; x_wconf 63' lang='lat' dir='ltr'><strong>ihi)</strong></span> <span class='ocrx_word' id='word_1_146' title='bbox 984 1690 1012 1734; x_wconf 90' lang='lat' dir='ltr'><strong>et</strong></span> <span class='ocrx_word' id='word_1_147' title='bbox 1032 1696 1138 1734; x_wconf 89' lang='lat' dir='ltr'><strong>manna</strong></span> <span class='ocrx_word' id='word_1_148' title='bbox 1161 1684 1278 1747; x_wconf 83' lang='lat' dir='ltr'><strong>vulgare</strong></span> <span class='ocrx_word' id='word_1_149' title='bbox 1299 1686 1335 1734; x_wconf 91' lang='lat' dir='ltr'><strong>sit</strong></span> <span class='ocrx_word' id='word_1_150' title='bbox 1359 1686 1425 1737; x_wconf 90' lang='lat' dir='ltr'><strong>item</strong></span> <span class='ocrx_word' id='word_1_151' title='bbox 1446 1686 1524 1734; x_wconf 86' lang='lat' dir='ltr'><strong>cibus</strong></span> 
     </span>
     <span class='ocr_line' id='line_1_16' title="bbox 196 1773 367 1823; baseline -0.006 -1"><span class='ocrx_word' id='word_1_152' title='bbox 196 1773 367 1823; x_wconf 78' lang='lat' dir='ltr'><strong>levissimus.</strong></span> 
     </span>
    </p>

    <p class='ocr_par' dir='ltr' id='par_1_5' title="bbox 189 1860 1526 2548">
     <span class='ocr_line' id='line_1_17' title="bbox 226 1860 1525 1925; baseline 0 -14"><span class='ocrx_word' id='word_1_153' title='bbox 226 1860 423 1924; x_wconf 87' lang='lat' dir='ltr'><strong>Respondent,</strong></span> <span class='ocrx_word' id='word_1_154' title='bbox 444 1862 616 1925; x_wconf 82' lang='lat' dir='ltr'><strong>scripturam</strong></span> <span class='ocrx_word' id='word_1_155' title='bbox 642 1861 742 1913; x_wconf 90' lang='lat' dir='ltr'><strong>nullibi</strong></span> <span class='ocrx_word' id='word_1_156' title='bbox 765 1861 876 1922; x_wconf 91' lang='lat' dir='ltr'><strong>dicere,</strong></span> <span class='ocrx_word' id='word_1_157' title='bbox 898 1860 1042 1912; x_wconf 87' lang='lat' dir='ltr'><strong>Hebraeos</strong></span> <span class='ocrx_word' id='word_1_158' title='bbox 1069 1874 1119 1925; x_wconf 88' lang='lat' dir='ltr'><strong>per</strong></span> <span class='ocrx_word' id='word_1_159' title='bbox 1142 1860 1328 1925; x_wconf 88' lang='lat' dir='ltr'><strong>quadraginta</strong></span> <span class='ocrx_word' id='word_1_160' title='bbox 1353 1874 1443 1913; x_wconf 89' lang='lat' dir='ltr'><strong>annos</strong></span> <span class='ocrx_word' id='word_1_161' title='bbox 1465 1863 1525 1912; x_wconf 88' lang='lat' dir='ltr'><strong>solo</strong></span> 
     </span>
     <span class='ocr_line' id='line_1_18' title="bbox 192 1949 1526 2015; baseline 0 -16"><span class='ocrx_word' id='word_1_162' title='bbox 192 1962 297 2001; x_wconf 86' lang='lat' dir='ltr'><strong>ruauna</strong></span> <span class='ocrx_word' id='word_1_163' title='bbox 309 1950 430 2011; x_wconf 81' lang='lat' dir='ltr'><strong>vixisse,</strong></span> <span class='ocrx_word' id='word_1_164' title='bbox 444 1962 536 2015; x_wconf 90' lang='lat' dir='ltr'><strong>neque</strong></span> <span class='ocrx_word' id='word_1_165' title='bbox 550 1949 578 2000; x_wconf 92' lang='lat' dir='ltr'><strong>id</strong></span> <span class='ocrx_word' id='word_1_166' title='bbox 593 1963 609 2000; x_wconf 88' lang='lat' dir='ltr'><strong>c</strong></span> <span class='ocrx_word' id='word_1_167' title='bbox 623 1950 721 2015; x_wconf 88' lang='lat' dir='ltr'><strong>populi</strong></span> <span class='ocrx_word' id='word_1_168' title='bbox 734 1963 760 1999; x_wconf 94' lang='lat' dir='ltr'><strong>v.</strong></span> <span class='ocrx_word' id='word_1_169' title='bbox 778 1949 793 1999; x_wconf 92' lang='grc'>3</span> <span class='ocrx_word' id='word_1_170' title='bbox 807 1950 932 2014; x_wconf 90' lang='lat' dir='ltr'><strong>querelis</strong></span> <span class='ocrx_word' id='word_1_171' title='bbox 953 1950 1069 2010; x_wconf 88' lang='lat' dir='ltr'><strong>eruitur,</strong></span> <span class='ocrx_word' id='word_1_172' title='bbox 1085 1962 1156 2013; x_wconf 90' lang='lat' dir='ltr'><strong>quae</strong></span> <span class='ocrx_word' id='word_1_173' title='bbox 1174 1950 1272 2013; x_wconf 90' lang='lat' dir='ltr'><strong>utique</strong></span> <span class='ocrx_word' id='word_1_174' title='bbox 1291 1962 1349 2001; x_wconf 88' lang='lat' dir='ltr'><strong>rem</strong></span> <span class='ocrx_word' id='word_1_175' title='bbox 1369 1962 1526 2014; x_wconf 81' lang='lat' dir='ltr'><strong>exaggera-</strong></span> 
     </span>
     <span class='ocr_line' id='line_1_19' title="bbox 190 2037 1525 2103; baseline -0.001 -15"><span class='ocrx_word' id='word_1_176' title='bbox 190 2039 268 2089; x_wconf 88' lang='lat' dir='ltr'><strong>bant.</strong></span> <span class='ocrx_word' id='word_1_177' title='bbox 284 2037 371 2089; x_wconf 85' lang='lat' dir='ltr'><strong>Gibus</strong></span> <span class='ocrx_word' id='word_1_178' title='bbox 388 2051 457 2090; x_wconf 90' lang='lat' dir='ltr'><strong>sane</strong></span> <span class='ocrx_word' id='word_1_179' title='bbox 474 2044 534 2090; x_wconf 84' lang='lat' dir='ltr'><strong>erat</strong></span> <span class='ocrx_word' id='word_1_180' title='bbox 552 2050 671 2103; x_wconf 77' lang='lat' dir='ltr'><strong>gregum</strong></span> <span class='ocrx_word' id='word_1_181' title='bbox 687 2039 744 2097; x_wconf 89' lang='lat' dir='ltr'><strong>lac,</strong></span> <span class='ocrx_word' id='word_1_182' title='bbox 761 2039 789 2089; x_wconf 91' lang='lat' dir='ltr'><strong>et</strong></span> <span class='ocrx_word' id='word_1_183' title='bbox 806 2040 892 2089; x_wconf 87' lang='lat' dir='ltr'><strong>etiam</strong></span> <span class='ocrx_word' id='word_1_184' title='bbox 907 2050 1020 2100; x_wconf 88' lang='lat' dir='ltr'><strong>earnes,</strong></span> <span class='ocrx_word' id='word_1_185' title='bbox 1034 2037 1111 2090; x_wconf 82' lang='lat' dir='ltr'><strong>blare</strong></span> <span class='ocrx_word' id='word_1_186' title='bbox 1127 2038 1251 2089; x_wconf 86' lang='lat' dir='ltr'><strong>Rubrum</strong></span> <span class='ocrx_word' id='word_1_187' title='bbox 1266 2037 1426 2089; x_wconf 72' lang='lat' dir='ltr'><strong>abundabat</strong></span> <span class='ocrx_word' id='word_1_188' title='bbox 1440 2041 1525 2103; x_wconf 85' lang='lat' dir='ltr'><strong>pisci-</strong></span> 
     </span>
     <span class='ocr_line' id='line_1_20' title="bbox 191 2122 1524 2193; baseline -0.001 -16"><span class='ocrx_word' id='word_1_189' title='bbox 191 2127 256 2188; x_wconf 88' lang='lat' dir='ltr'><strong>bus;</strong></span> <span class='ocrx_word' id='word_1_190' title='bbox 270 2127 354 2178; x_wconf 88' lang='lat' dir='ltr'><strong>Dent.</strong></span> <span class='ocrx_word' id='word_1_191' title='bbox 368 2126 414 2188; x_wconf 76' lang='grc'><strong>8,6</strong></span> <span class='ocrx_word' id='word_1_192' title='bbox 434 2127 565 2179; x_wconf 88' lang='lat' dir='ltr'><strong>iubentur</strong></span> <span class='ocrx_word' id='word_1_193' title='bbox 578 2126 701 2179; x_wconf 85' lang='lat' dir='ltr'><strong>Hebraei</strong></span> <span class='ocrx_word' id='word_1_194' title='bbox 719 2127 796 2177; x_wconf 89' lang='lat' dir='ltr'><strong>cibos</strong></span> <span class='ocrx_word' id='word_1_195' title='bbox 811 2139 909 2179; x_wconf 88' lang='lat' dir='ltr'><strong>emere</strong></span> <span class='ocrx_word' id='word_1_196' title='bbox 928 2128 964 2177; x_wconf 85' lang='lat' dir='ltr'><strong>ab</strong></span> <span class='ocrx_word' id='word_1_197' title='bbox 979 2126 1117 2179; x_wconf 83' lang='lat' dir='ltr'><strong>lidomitis</strong></span> <span class='ocrx_word' id='word_1_198' title='bbox 1132 2126 1175 2193; x_wconf 72' lang='lat' dir='ltr'><strong>ici.</strong></span> <span class='ocrx_word' id='word_1_199' title='bbox 1193 2122 1278 2179; x_wconf 87' lang='lat' dir='ltr'><strong>Deut.</strong></span> <span class='ocrx_word' id='word_1_200' title='bbox 1294 2124 1383 2192; x_wconf 77' lang='lat'><strong>2,18);</strong></span> <span class='ocrx_word' id='word_1_201' title='bbox 1397 2133 1524 2179; x_wconf 84' lang='lat' dir='ltr'><strong>emerunt</strong></span> 
     </span>
     <span class='ocr_line' id='line_1_21' title="bbox 190 2214 1523 2279; baseline -0.002 -12"><span class='ocrx_word' id='word_1_202' title='bbox 190 2228 259 2267; x_wconf 87' lang='lat' dir='ltr'><strong>sane</strong></span> <span class='ocrx_word' id='word_1_203' title='bbox 278 2217 364 2267; x_wconf 89' lang='lat' dir='ltr'><strong>etiam</strong></span> <span class='ocrx_word' id='word_1_204' title='bbox 385 2216 468 2267; x_wconf 89' lang='lat' dir='ltr'><strong>antea</strong></span> <span class='ocrx_word' id='word_1_205' title='bbox 486 2216 552 2267; x_wconf 88' lang='lat' dir='ltr'><strong>data</strong></span> <span class='ocrx_word' id='word_1_206' title='bbox 572 2218 734 2277; x_wconf 75' lang='lat' dir='ltr'><strong>occasione,</strong></span> <span class='ocrx_word' id='word_1_207' title='bbox 748 2215 841 2266; x_wconf 89' lang='lat' dir='ltr'><strong>simlia</strong></span> <span class='ocrx_word' id='word_1_208' title='bbox 865 2217 907 2267; x_wconf 91' lang='lat' dir='ltr'><strong>tot</strong></span> <span class='ocrx_word' id='word_1_209' title='bbox 924 2214 1068 2267; x_wconf 84' lang='lat' dir='ltr'><strong>sacrificiis</strong></span> <span class='ocrx_word' id='word_1_210' title='bbox 1084 2219 1113 2267; x_wconf 90' lang='lat' dir='ltr'><strong>et</strong></span> <span class='ocrx_word' id='word_1_211' title='bbox 1128 2214 1319 2267; x_wconf 85' lang='lat' dir='ltr'><strong>oblationibus</strong></span> <span class='ocrx_word' id='word_1_212' title='bbox 1335 2216 1460 2266; x_wconf 87' lang='lat' dir='ltr'><strong>adhibita</strong></span> <span class='ocrx_word' id='word_1_213' title='bbox 1479 2217 1523 2279; x_wconf 85' lang='lat' dir='ltr'><strong>(ci.</strong></span> 
     </span>
     <span class='ocr_line' id='line_1_22' title="bbox 190 2293 1523 2372; baseline -0.002 -16"><span class='ocrx_word' id='word_1_214' title='bbox 190 2304 258 2356; x_wconf 85' lang='lat' dir='ltr'><strong>Lev.</strong></span> <span class='ocrx_word' id='word_1_215' title='bbox 273 2304 329 2366; x_wconf 77' lang='lat' dir='ltr'><strong>8,i.</strong></span> <span class='ocrx_word' id='word_1_216' title='bbox 344 2303 388 2355; x_wconf 72' lang='grc'><strong>16.</strong></span> <span class='ocrx_word' id='word_1_217' title='bbox 408 2304 439 2355; x_wconf 91' lang='grc'><strong>31</strong></span> <span class='ocrx_word' id='word_1_218' title='bbox 456 2318 511 2369; x_wconf 87' lang='lat' dir='ltr'><strong>sq.;</strong></span> <span class='ocrx_word' id='word_1_219' title='bbox 529 2304 589 2365; x_wconf 85' lang='lat' dir='ltr'><strong>9,t;</strong></span> <span class='ocrx_word' id='word_1_220' title='bbox 606 2304 670 2364; x_wconf 76' lang='lat' dir='ltr'><strong>il,5</strong></span> <span class='ocrx_word' id='word_1_221' title='bbox 689 2317 763 2367; x_wconf 90' lang='lat' dir='ltr'><strong>sqq.;</strong></span> <span class='ocrx_word' id='word_1_222' title='bbox 780 2304 866 2355; x_wconf 90' lang='lat' dir='ltr'><strong>Num.</strong></span> <span class='ocrx_word' id='word_1_223' title='bbox 888 2304 989 2365; x_wconf 80' lang='lat' dir='ltr'><strong>7310s.</strong></span> <span class='ocrx_word' id='word_1_224' title='bbox 1008 2302 1081 2372; x_wconf 86' lang='lat' dir='ltr'><strong>i,ii)</strong></span> <span class='ocrx_word' id='word_1_225' title='bbox 1100 2305 1233 2369; x_wconf 87' lang='lat' dir='ltr'><strong>supponit</strong></span> <span class='ocrx_word' id='word_1_226' title='bbox 1252 2304 1382 2355; x_wconf 82' lang='lat' dir='ltr'><strong>immenti</strong></span> <span class='ocrx_word' id='word_1_227' title='bbox 1401 2293 1523 2369; x_wconf 71' lang='lat' dir='ltr'><strong>copiam,</strong></span> 
     </span>
     <span class='ocr_line' id='line_1_23' title="bbox 189 2392 1523 2458; baseline 0 -15"><span class='ocrx_word' id='word_1_228' title='bbox 189 2394 302 2457; x_wconf 80' lang='lat' dir='ltr'><strong>qimndo</strong></span> <span class='ocrx_word' id='word_1_229' title='bbox 320 2406 370 2458; x_wconf 86' lang='lat' dir='ltr'><strong>per</strong></span> <span class='ocrx_word' id='word_1_230' title='bbox 389 2406 495 2443; x_wconf 88' lang='lat' dir='ltr'><strong>annum</strong></span> <span class='ocrx_word' id='word_1_231' title='bbox 513 2395 540 2443; x_wconf 89' lang='lat' dir='ltr'><strong>et</strong></span> <span class='ocrx_word' id='word_1_232' title='bbox 559 2393 684 2456; x_wconf 88' lang='lat' dir='ltr'><strong>amplius</strong></span> <span class='ocrx_word' id='word_1_233' title='bbox 702 2393 732 2441; x_wconf 90' lang='lat' dir='ltr'><strong>in</strong></span> <span class='ocrx_word' id='word_1_234' title='bbox 752 2392 852 2443; x_wconf 90' lang='lat' dir='ltr'><strong>eodem</strong></span> <span class='ocrx_word' id='word_1_235' title='bbox 875 2393 940 2444; x_wconf 90' lang='lat' dir='ltr'><strong>loco</strong></span> <span class='ocrx_word' id='word_1_236' title='bbox 961 2394 1157 2453; x_wconf 86' lang='lat' dir='ltr'><strong>considebant,</strong></span> <span class='ocrx_word' id='word_1_237' title='bbox 1173 2393 1294 2457; x_wconf 90' lang='lat' dir='ltr'><strong>supponi</strong></span> <span class='ocrx_word' id='word_1_238' title='bbox 1308 2398 1427 2458; x_wconf 89' lang='lat' dir='ltr'><strong>possunt</strong></span> <span class='ocrx_word' id='word_1_239' title='bbox 1440 2397 1523 2444; x_wconf 86' lang='lat' dir='ltr'><strong>etiam</strong></span> 
     </span>
     <span class='ocr_line' id='line_1_24' title="bbox 191 2483 406 2548; baseline -0.009 -15"><span class='ocrx_word' id='word_1_240' title='bbox 191 2495 277 2548; x_wconf 87' lang='lat' dir='ltr'><strong>agros</strong></span> <span class='ocrx_word' id='word_1_241' title='bbox 290 2483 406 2533; x_wconf 89' lang='lat' dir='ltr'><strong>sevisse.</strong></span> 
     </span>
    </p>

    <p class='ocr_par' dir='ltr' id='par_1_6' title="bbox 186 2569 1523 2813">
     <span class='ocr_line' id='line_1_25' title="bbox 186 2569 1522 2639; baseline -0.001 -17"><span class='ocrx_word' id='word_1_242' title='bbox 186 2569 191 2577; x_wconf 89' lang='lat'><em>&#39;</em></span> <span class='ocrx_word' id='word_1_243' title='bbox 225 2571 248 2639; x_wconf 78' lang='grc'><strong>11</strong></span> <span class='ocrx_word' id='word_1_244' title='bbox 265 2572 349 2622; x_wconf 91' lang='lat' dir='ltr'><strong>Num.</strong></span> <span class='ocrx_word' id='word_1_245' title='bbox 367 2570 428 2631; x_wconf 90' lang='lat' dir='ltr'><strong>ii,8</strong></span> <span class='ocrx_word' id='word_1_246' title='bbox 444 2570 588 2631; x_wconf 88' lang='lat' dir='ltr'><strong>docemur,</strong></span> <span class='ocrx_word' id='word_1_247' title='bbox 601 2570 746 2623; x_wconf 88' lang='lat' dir='ltr'><strong>Hebraeos</strong></span> <span class='ocrx_word' id='word_1_248' title='bbox 760 2583 866 2622; x_wconf 88' lang='lat' dir='ltr'><strong>manna</strong></span> <span class='ocrx_word' id='word_1_249' title='bbox 876 2570 995 2634; x_wconf 80' lang='lat' dir='ltr'><strong>fregisse</strong></span> <span class='ocrx_word' id='word_1_250' title='bbox 1005 2571 1081 2622; x_wconf 88' lang='lat' dir='ltr'><strong>mola</strong></span> <span class='ocrx_word' id='word_1_251' title='bbox 1092 2574 1120 2621; x_wconf 89' lang='lat' dir='ltr'><strong>et</strong></span> <span class='ocrx_word' id='word_1_252' title='bbox 1130 2571 1241 2622; x_wconf 87' lang='lat' dir='ltr'><strong>trivisse</strong></span> <span class='ocrx_word' id='word_1_253' title='bbox 1253 2572 1400 2632; x_wconf 88' lang='lat' dir='ltr'><strong>mortario,</strong></span> <span class='ocrx_word' id='word_1_254' title='bbox 1413 2573 1522 2621; x_wconf 80' lang='lat' dir='ltr'><strong>coxisse</strong></span> 
     </span>
     <span class='ocr_line' id='line_1_26' title="bbox 189 2658 1523 2725; baseline -0.004 -13"><span class='ocrx_word' id='word_1_255' title='bbox 189 2661 389 2725; x_wconf 78' lang='lat' dir='ltr'><strong>inclinatque</strong></span> <span class='ocrx_word' id='word_1_256' title='bbox 408 2672 492 2711; x_wconf 86' lang='lat' dir='ltr'><strong>exeo</strong></span> <span class='ocrx_word' id='word_1_257' title='bbox 511 2659 613 2712; x_wconf 86' lang='lat' dir='ltr'><strong>iecisse</strong></span> <span class='ocrx_word' id='word_1_258' title='bbox 632 2661 750 2712; x_wconf 86' lang='lat' dir='ltr'><strong>tortulas</strong></span> <span class='ocrx_word' id='word_1_259' title='bbox 768 2661 876 2724; x_wconf 89' lang='lat' dir='ltr'><strong>saporis</strong></span> <span class='ocrx_word' id='word_1_260' title='bbox 896 2660 978 2723; x_wconf 88' lang='lat' dir='ltr'><strong>quasi</strong></span> <span class='ocrx_word' id='word_1_261' title='bbox 996 2660 1078 2723; x_wconf 86' lang='lat' dir='ltr'><strong>panis</strong></span> <span class='ocrx_word' id='word_1_262' title='bbox 1097 2660 1192 2713; x_wconf 89' lang='lat' dir='ltr'><strong>oleati.</strong></span> <span class='ocrx_word' id='word_1_263' title='bbox 1211 2658 1266 2711; x_wconf 81' lang='lat' dir='ltr'><strong>Sed</strong></span> <span class='ocrx_word' id='word_1_264' title='bbox 1286 2672 1389 2711; x_wconf 83' lang='lat' dir='ltr'><strong>marma</strong></span> <span class='ocrx_word' id='word_1_265' title='bbox 1407 2662 1523 2723; x_wconf 74' lang='lat' dir='ltr'><strong>vulgara</strong></span> 
     </span>
     <span class='ocr_line' id='line_1_27' title="bbox 189 2748 965 2813; baseline -0.005 -11"><span class='ocrx_word' id='word_1_266' title='bbox 189 2753 235 2803; x_wconf 87' lang='lat' dir='ltr'><strong>est</strong></span> <span class='ocrx_word' id='word_1_267' title='bbox 248 2752 338 2802; x_wconf 86' lang='lat' dir='ltr'><strong>instar</strong></span> <span class='ocrx_word' id='word_1_268' title='bbox 350 2762 441 2810; x_wconf 88' lang='lat' dir='ltr'><strong>cerae,</strong></span> <span class='ocrx_word' id='word_1_269' title='bbox 458 2755 607 2801; x_wconf 88' lang='lat' dir='ltr'><strong>contusum</strong></span> <span class='ocrx_word' id='word_1_270' title='bbox 620 2748 713 2800; x_wconf 87' lang='lat' dir='ltr'><strong>calefit</strong></span> <span class='ocrx_word' id='word_1_271' title='bbox 729 2752 812 2813; x_wconf 90' lang='lat' dir='ltr'><strong>atque</strong></span> <span class='ocrx_word' id='word_1_272' title='bbox 826 2749 965 2812; x_wconf 88' lang='lat' dir='ltr'><strong>liquescit.</strong></span> 
     </span>
    </p>

    <p class='ocr_par' dir='ltr' id='par_1_7' title="bbox 189 2836 1519 3081">
     <span class='ocr_line' id='line_1_28' title="bbox 224 2836 1519 2904; baseline -0.002 -14"><span class='ocrx_word' id='word_1_273' title='bbox 224 2840 301 2891; x_wconf 87' lang='lat' dir='ltr'><strong>Haec</strong></span> <span class='ocrx_word' id='word_1_274' title='bbox 313 2838 438 2904; x_wconf 88' lang='lat' dir='ltr'><strong>proiecto</strong></span> <span class='ocrx_word' id='word_1_275' title='bbox 453 2839 574 2889; x_wconf 90' lang='lat' dir='ltr'><strong>obiectio</strong></span> <span class='ocrx_word' id='word_1_276' title='bbox 588 2838 730 2890; x_wconf 84' lang='lat' dir='ltr'><strong>difficilius</strong></span> <span class='ocrx_word' id='word_1_277' title='bbox 743 2836 872 2888; x_wconf 88' lang='lat' dir='ltr'><strong>solvitur.</strong></span> <span class='ocrx_word' id='word_1_278' title='bbox 890 2837 1072 2902; x_wconf 85' lang='lat' dir='ltr'><strong>Respondent</strong></span> <span class='ocrx_word' id='word_1_279' title='bbox 1087 2840 1193 2899; x_wconf 89' lang='lat' dir='ltr'><strong>tamen,</strong></span> <span class='ocrx_word' id='word_1_280' title='bbox 1211 2849 1315 2887; x_wconf 89' lang='lat' dir='ltr'><strong>manna</strong></span> <span class='ocrx_word' id='word_1_281' title='bbox 1329 2836 1453 2899; x_wconf 88' lang='lat' dir='ltr'><strong>vulgaris</strong></span> <span class='ocrx_word' id='word_1_282' title='bbox 1469 2852 1519 2887; x_wconf 88' lang='lat' dir='ltr'><strong>na-</strong></span> 
     </span>
     <span class='ocr_line' id='line_1_29' title="bbox 189 2924 1517 2992; baseline 0 -17"><span class='ocrx_word' id='word_1_283' title='bbox 189 2928 281 2980; x_wconf 89' lang='lat' dir='ltr'><strong>turam</strong></span> <span class='ocrx_word' id='word_1_284' title='bbox 292 2940 349 2978; x_wconf 91' lang='lat' dir='ltr'><strong>non</strong></span> <span class='ocrx_word' id='word_1_285' title='bbox 364 2940 427 2977; x_wconf 89' lang='lat' dir='ltr'><strong>esse</strong></span> <span class='ocrx_word' id='word_1_286' title='bbox 441 2927 615 2979; x_wconf 79' lang='lat' dir='ltr'><strong>sufficienter</strong></span> <span class='ocrx_word' id='word_1_287' title='bbox 626 2928 810 2992; x_wconf 85' lang='lat' dir='ltr'><strong>exploratam,</strong></span> <span class='ocrx_word' id='word_1_288' title='bbox 826 2925 896 2976; x_wconf 90' lang='lat' dir='ltr'><strong>illud</strong></span> <span class='ocrx_word' id='word_1_289' title='bbox 912 2924 1030 2978; x_wconf 87' lang='lat' dir='ltr'><strong>tortasse</strong></span> <span class='ocrx_word' id='word_1_290' title='bbox 1042 2926 1182 2977; x_wconf 84' lang='lat' dir='ltr'><strong>mortariis</strong></span> <span class='ocrx_word' id='word_1_291' title='bbox 1196 2926 1291 2975; x_wconf 91' lang='lat' dir='ltr'><strong>tritum</strong></span> <span class='ocrx_word' id='word_1_292' title='bbox 1306 2936 1370 2975; x_wconf 87' lang='lat' dir='ltr'><strong>esse</strong></span> <span class='ocrx_word' id='word_1_293' title='bbox 1385 2937 1441 2974; x_wconf 90' lang='lat' dir='ltr'><strong>una</strong></span> <span class='ocrx_word' id='word_1_294' title='bbox 1456 2940 1517 2975; x_wconf 81' lang='lat' dir='ltr'><strong>enin</strong></span> 
     </span>
     <span class='ocr_line' id='line_1_30' title="bbox 190 3016 713 3081; baseline -0.002 -13"><span class='ocrx_word' id='word_1_295' title='bbox 190 3018 253 3068; x_wconf 86' lang='lat' dir='ltr'><strong>aliis</strong></span> <span class='ocrx_word' id='word_1_296' title='bbox 267 3017 429 3067; x_wconf 87' lang='lat' dir='ltr'><strong>substantiis</strong></span> <span class='ocrx_word' id='word_1_297' title='bbox 443 3016 648 3081; x_wconf 81' lang='lat' dir='ltr'><strong>vegetabilibus</strong></span> <span class='ocrx_word' id='word_1_298' title='bbox 660 3022 713 3067; x_wconf 92' lang='lat' dir='ltr'><strong>etc.</strong></span> 
     </span>
    </p>

    <p class='ocr_par' dir='ltr' id='par_1_8' title="bbox 223 3102 1521 3170">
     <span class='ocr_line' id='line_1_31' title="bbox 223 3102 1521 3170; baseline -0.002 -13"><span class='ocrx_word' id='word_1_299' title='bbox 223 3105 264 3157; x_wconf 82' lang='lat' dir='ltr'><strong>(ii.</strong></span> <span class='ocrx_word' id='word_1_300' title='bbox 283 3107 311 3156; x_wconf 80' lang='lat' dir='ltr'><strong>G.</strong></span> <span class='ocrx_word' id='word_1_301' title='bbox 328 3104 412 3157; x_wconf 78' lang='lat' dir='ltr'><strong>litter</strong></span> <span class='ocrx_word' id='word_1_302' title='bbox 431 3119 439 3154; x_wconf 88' lang='lat'><strong>.·</strong></span> <span class='ocrx_word' id='word_1_303' title='bbox 456 3106 508 3156; x_wconf 88' lang='lat' dir='ltr'><strong>Die</strong></span> <span class='ocrx_word' id='word_1_304' title='bbox 524 3105 677 3156; x_wconf 86' lang='lat' dir='ltr'><strong>Erdkunde</strong></span> <span class='ocrx_word' id='word_1_305' title='bbox 695 3118 750 3155; x_wconf 91' lang='lat' dir='ltr'><strong>von</strong></span> <span class='ocrx_word' id='word_1_306' title='bbox 770 3105 857 3155; x_wconf 80' lang='lat' dir='ltr'><strong>Asien</strong></span> <span class='ocrx_word' id='word_1_307' title='bbox 876 3105 910 3154; x_wconf 89' lang='lat' dir='ltr'><strong>B.</strong></span> <span class='ocrx_word' id='word_1_308' title='bbox 926 3102 997 3155; x_wconf 92' lang='lat' dir='ltr'><strong>v111</strong></span> <span class='ocrx_word' id='word_1_309' title='bbox 1016 3103 1098 3154; x_wconf 81' lang='lat' dir='ltr'><strong>Abth.</strong></span> <span class='ocrx_word' id='word_1_310' title='bbox 1116 3104 1140 3153; x_wconf 94' lang='lat'><strong>11</strong></span> <span class='ocrx_word' id='word_1_311' title='bbox 1160 3103 1283 3155; x_wconf 87' lang='lat' dir='ltr'><strong>Abschn.</strong></span> <span class='ocrx_word' id='word_1_312' title='bbox 1301 3102 1311 3153; x_wconf 91' lang='lat'>1</span> <span class='ocrx_word' id='word_1_313' title='bbox 1333 3119 1362 3170; x_wconf 95' lang='lat' dir='ltr'><strong>p.</strong></span> <span class='ocrx_word' id='word_1_314' title='bbox 1377 3104 1427 3155; x_wconf 88' lang='grc'><strong>665</strong></span> <span class='ocrx_word' id='word_1_315' title='bbox 1447 3119 1521 3169; x_wconf 77' lang='lat' dir='ltr'><strong>sqq,</strong></span> 
     </span>
    </p>
   </div>
   <div class='ocr_carea' id='block_1_3' title="bbox 188 3191 1520 3347">
    <p class='ocr_par' dir='ltr' id='par_1_9' title="bbox 188 3191 1520 3347">
     <span class='ocr_line' id='line_1_32' title="bbox 190 3191 1520 3258; baseline -0.002 -13"><span class='ocrx_word' id='word_1_316' title='bbox 190 3194 286 3246; x_wconf 87' lang='lat' dir='ltr'><strong>Berlin</strong></span> <span class='ocrx_word' id='word_1_317' title='bbox 301 3193 367 3245; x_wconf 86' lang='grc'>1818</span> <span class='ocrx_word' id='word_1_318' title='bbox 373 3205 381 3254; x_wconf 88' lang='grc'><strong>;</strong></span> <span class='ocrx_word' id='word_1_319' title='bbox 393 3194 477 3244; x_wconf 76' lang='lat' dir='ltr'><strong>Ebera</strong></span> <span class='ocrx_word' id='word_1_320' title='bbox 486 3208 513 3257; x_wconf 91' lang='lat' dir='ltr'><strong>p.</strong></span> <span class='ocrx_word' id='word_1_321' title='bbox 526 3194 578 3245; x_wconf 74' lang='lat' dir='ltr'><strong>aar</strong></span> <span class='ocrx_word' id='word_1_322' title='bbox 589 3207 650 3258; x_wconf 85' lang='lat' dir='ltr'><strong>sqq.</strong></span> <span class='ocrx_word' id='word_1_323' title='bbox 661 3221 697 3231; x_wconf 98' lang='lat'>-</span> <span class='ocrx_word' id='word_1_324' title='bbox 707 3193 832 3245; x_wconf 83' lang='lat' dir='ltr'><strong>consule</strong></span> <span class='ocrx_word' id='word_1_325' title='bbox 846 3195 914 3244; x_wconf 90' lang='lat' dir='ltr'><strong>item</strong></span> <span class='ocrx_word' id='word_1_326' title='bbox 930 3194 958 3243; x_wconf 81' lang='lat' dir='ltr'><strong>C.</strong></span> <span class='ocrx_word' id='word_1_327' title='bbox 975 3191 1198 3243; x_wconf 64' lang='lat' dir='ltr'><strong>cellerannan</strong></span> <span class='ocrx_word' id='word_1_328' title='bbox 1213 3192 1290 3245; x_wconf 87' lang='lat' dir='ltr'><strong>Buch</strong></span> <span class='ocrx_word' id='word_1_329' title='bbox 1307 3194 1358 3245; x_wconf 92' lang='lat' dir='ltr'><strong>der</strong></span> <span class='ocrx_word' id='word_1_330' title='bbox 1369 3195 1520 3251; x_wconf 86' lang='lat' dir='ltr'><strong>Weisbeit,</strong></span> 
     </span>
     <span class='ocr_line' id='line_1_33' title="bbox 188 3280 1097 3347; baseline -0.001 -14"><span class='ocrx_word' id='word_1_331' title='bbox 188 3284 313 3335; x_wconf 73' lang='lat' dir='ltr'><strong>Menstcr</strong></span> <span class='ocrx_word' id='word_1_332' title='bbox 331 3282 407 3343; x_wconf 81' lang='grc'>1871,</span> <span class='ocrx_word' id='word_1_333' title='bbox 421 3297 449 3347; x_wconf 88' lang='lat' dir='ltr'><strong>p.</strong></span> <span class='ocrx_word' id='word_1_334' title='bbox 464 3283 514 3333; x_wconf 86' lang='grc'><strong>133</strong></span> <span class='ocrx_word' id='word_1_335' title='bbox 529 3295 592 3347; x_wconf 92' lang='lat' dir='ltr'><strong>sqq.</strong></span> <span class='ocrx_word' id='word_1_336' title='bbox 1091 3280 1097 3291; x_wconf 92' lang='lat'>&#39;</span> 
     </span>
    </p>
   </div>
   <div class='ocr_carea' id='block_1_4' title="bbox 186 3473 1519 4521">
    <p class='ocr_par' dir='ltr' id='par_1_10' title="bbox 186 3473 1519 4521">
     <span class='ocr_line' id='line_1_34' title="bbox 232 3473 1514 3564; baseline -0.002 -23"><span class='ocrx_word' id='word_1_337' title='bbox 232 3474 297 3541; x_wconf 90' lang='lat' dir='ltr'><strong>Sed</strong></span> <span class='ocrx_word' id='word_1_338' title='bbox 316 3480 454 3564; x_wconf 87' lang='lat' dir='ltr'><strong>praeter</strong></span> <span class='ocrx_word' id='word_1_339' title='bbox 468 3496 595 3542; x_wconf 88' lang='lat' dir='ltr'><strong>manna</strong></span> <span class='ocrx_word' id='word_1_340' title='bbox 609 3476 754 3561; x_wconf 84' lang='lat' dir='ltr'><strong>vulgare</strong></span> <span class='ocrx_word' id='word_1_341' title='bbox 777 3496 795 3540; x_wconf 92' lang='lat' dir='ltr'><strong>e</strong></span> <span class='ocrx_word' id='word_1_342' title='bbox 822 3473 985 3541; x_wconf 85' lang='lat' dir='ltr'><strong>tamarice</strong></span> <span class='ocrx_word' id='word_1_343' title='bbox 998 3475 1190 3542; x_wconf 90' lang='lat' dir='ltr'><strong>mannifera</strong></span> <span class='ocrx_word' id='word_1_344' title='bbox 1211 3476 1393 3543; x_wconf 86' lang='lat' dir='ltr'><strong>collectum</strong></span> <span class='ocrx_word' id='word_1_345' title='bbox 1406 3476 1514 3541; x_wconf 86' lang='lat' dir='ltr'><strong>eonsi-</strong></span> 
     </span>
     <span class='ocr_line' id='line_1_35' title="bbox 187 3567 1517 3670; baseline -0.001 -23"><span class='ocrx_word' id='word_1_346' title='bbox 187 3580 381 3649; x_wconf 88' lang='lat' dir='ltr'><strong>derandum</strong></span> <span class='ocrx_word' id='word_1_347' title='bbox 395 3582 432 3649; x_wconf 95' lang='lat' dir='ltr'><strong>h.</strong></span> <span class='ocrx_word' id='word_1_348' title='bbox 449 3567 474 3647; x_wconf 66' lang='lat' dir='ltr'><strong>iJ</strong></span> <span class='ocrx_word' id='word_1_349' title='bbox 486 3580 581 3648; x_wconf 91' lang='lat' dir='ltr'><strong>venit</strong></span> <span class='ocrx_word' id='word_1_350' title='bbox 602 3580 881 3670; x_wconf 74' lang='lat' dir='ltr'><strong>Sphaerotltullia</strong></span> <span class='ocrx_word' id='word_1_351' title='bbox 897 3578 1069 3648; x_wconf 82' lang='lat' dir='ltr'><strong>esculenta</strong></span> <span class='ocrx_word' id='word_1_352' title='bbox 1083 3584 1172 3650; x_wconf 76' lang='lat' dir='ltr'><strong>Nece</strong></span> <span class='ocrx_word' id='word_1_353' title='bbox 1186 3584 1228 3649; x_wconf 84' lang='lat' dir='ltr'><strong>ab</strong></span> <span class='ocrx_word' id='word_1_354' title='bbox 1248 3584 1306 3649; x_wconf 84' lang='lat' dir='ltr'><strong>Es.</strong></span> <span class='ocrx_word' id='word_1_355' title='bbox 1324 3582 1386 3660; x_wconf 83' lang='lat' dir='ltr'><strong>Qui</strong></span> <span class='ocrx_word' id='word_1_356' title='bbox 1403 3581 1517 3648; x_wconf 81' lang='lat' dir='ltr'><strong>lichen</strong></span> 
     </span>
     <span class='ocr_line' id='line_1_36' title="bbox 189 3687 1515 3779; baseline -0.003 -25"><span class='ocrx_word' id='word_1_357' title='bbox 189 3712 210 3754; x_wconf 85' lang='lat' dir='ltr'><strong>a</strong></span> <span class='ocrx_word' id='word_1_358' title='bbox 230 3689 373 3756; x_wconf 87' lang='lat' dir='ltr'><strong>Taurica</strong></span> <span class='ocrx_word' id='word_1_359' title='bbox 394 3688 603 3755; x_wconf 86' lang='lat' dir='ltr'><strong>Chersoneso</strong></span> <span class='ocrx_word' id='word_1_360' title='bbox 624 3688 669 3755; x_wconf 90' lang='lat' dir='ltr'><strong>ad</strong></span> <span class='ocrx_word' id='word_1_361' title='bbox 689 3688 878 3755; x_wconf 84' lang='lat' dir='ltr'><strong>Tartariam</strong></span> <span class='ocrx_word' id='word_1_362' title='bbox 898 3710 1021 3779; x_wconf 91' lang='lat' dir='ltr'><strong>usque,</strong></span> <span class='ocrx_word' id='word_1_363' title='bbox 1039 3687 1192 3778; x_wconf 90' lang='lat' dir='ltr'><strong>itemque</strong></span> <span class='ocrx_word' id='word_1_364' title='bbox 1216 3688 1253 3755; x_wconf 92' lang='lat' dir='ltr'><strong>in</strong></span> <span class='ocrx_word' id='word_1_365' title='bbox 1275 3688 1352 3755; x_wconf 73' lang='lat' dir='ltr'><strong>itsia</strong></span> <span class='ocrx_word' id='word_1_366' title='bbox 1373 3687 1515 3769; x_wconf 71' lang='lat' dir='ltr'><strong>itinere,</strong></span> 
     </span>
     <span class='ocr_line' id='line_1_37' title="bbox 188 3794 1517 3885; baseline -0.005 -22"><span class='ocrx_word' id='word_1_367' title='bbox 188 3794 316 3880; x_wconf 87' lang='lat' dir='ltr'><strong>Persia,</strong></span> <span class='ocrx_word' id='word_1_368' title='bbox 334 3794 447 3862; x_wconf 77' lang='lat' dir='ltr'><strong>Africa</strong></span> <span class='ocrx_word' id='word_1_369' title='bbox 471 3794 734 3885; x_wconf 85' lang='lat' dir='ltr'><strong>septentrionali</strong></span> <span class='ocrx_word' id='word_1_370' title='bbox 745 3794 920 3885; x_wconf 88' lang='lat' dir='ltr'><strong>plurimus</strong></span> <span class='ocrx_word' id='word_1_371' title='bbox 934 3794 1108 3885; x_wconf 89' lang='lat' dir='ltr'><strong>reperitur</strong></span> <span class='ocrx_word' id='word_1_372' title='bbox 1120 3794 1157 3860; x_wconf 95' lang='lat' dir='ltr'><strong>in</strong></span> <span class='ocrx_word' id='word_1_373' title='bbox 1176 3794 1259 3861; x_wconf 90' lang='lat' dir='ltr'><strong>loeis</strong></span> <span class='ocrx_word' id='word_1_374' title='bbox 1275 3794 1467 3861; x_wconf 82' lang='lat' dir='ltr'><strong>altioribus.</strong></span> <span class='ocrx_word' id='word_1_375' title='bbox 1488 3801 1517 3859; x_wconf 75' lang='lat' dir='ltr'><strong>is</strong></span> 
     </span>
     <span class='ocr_line' id='line_1_38' title="bbox 188 3900 1519 3991; baseline -0.004 -22"><span class='ocrx_word' id='word_1_376' title='bbox 188 3902 248 3969; x_wconf 91' lang='lat' dir='ltr'><strong>uhi</strong></span> <span class='ocrx_word' id='word_1_377' title='bbox 263 3908 359 3970; x_wconf 90' lang='lat' dir='ltr'><strong>aestu</strong></span> <span class='ocrx_word' id='word_1_378' title='bbox 371 3903 559 3969; x_wconf 84' lang='lat' dir='ltr'><strong>exsiccatus</strong></span> <span class='ocrx_word' id='word_1_379' title='bbox 575 3907 641 3984; x_wconf 86' lang='lat' dir='ltr'><strong>est,</strong></span> <span class='ocrx_word' id='word_1_380' title='bbox 657 3907 760 3969; x_wconf 87' lang='lat' dir='ltr'><strong>vento</strong></span> <span class='ocrx_word' id='word_1_381' title='bbox 783 3900 954 3991; x_wconf 85' lang='lat' dir='ltr'><strong>abripitur</strong></span> <span class='ocrx_word' id='word_1_382' title='bbox 971 3901 1008 3968; x_wconf 92' lang='lat' dir='ltr'><strong>in</strong></span> <span class='ocrx_word' id='word_1_383' title='bbox 1032 3901 1140 3968; x_wconf 85' lang='lat' dir='ltr'><strong>valles</strong></span> <span class='ocrx_word' id='word_1_384' title='bbox 1160 3901 1336 3969; x_wconf 79' lang='lat' dir='ltr'><strong>ueletiam</strong></span> <span class='ocrx_word' id='word_1_385' title='bbox 1361 3900 1398 3967; x_wconf 85' lang='lat' dir='ltr'><strong>in</strong></span> <span class='ocrx_word' id='word_1_386' title='bbox 1422 3900 1519 3967; x_wconf 68' lang='lat' dir='ltr'><strong>allic-</strong></span> 
     </span>
     <span class='ocr_line' id='line_1_39' title="bbox 187 4005 1519 4099; baseline -0.004 -24"><span class='ocrx_word' id='word_1_387' title='bbox 187 4023 296 4077; x_wconf 81' lang='lat' dir='ltr'><strong>centes</strong></span> <span class='ocrx_word' id='word_1_388' title='bbox 312 4008 481 4099; x_wconf 74' lang='lat' dir='ltr'><strong>reqioncu,</strong></span> <span class='ocrx_word' id='word_1_389' title='bbox 502 4009 562 4076; x_wconf 91' lang='lat' dir='ltr'><strong>uhi</strong></span> <span class='ocrx_word' id='word_1_390' title='bbox 572 4008 782 4099; x_wconf 86' lang='lat' dir='ltr'><strong>quandoque</strong></span> <span class='ocrx_word' id='word_1_391' title='bbox 798 4006 835 4074; x_wconf 80' lang='lat' dir='ltr'><strong>in</strong></span> <span class='ocrx_word' id='word_1_392' title='bbox 848 4008 1000 4098; x_wconf 69' lang='lat' dir='ltr'><strong>proaulo</strong></span> <span class='ocrx_word' id='word_1_393' title='bbox 1019 4005 1395 4097; x_wconf 83' lang='lat' dir='ltr'><strong>comminutuspluvine</strong></span> <span class='ocrx_word' id='word_1_394' title='bbox 1411 4006 1519 4072; x_wconf 73' lang='lat' dir='ltr'><strong>instar</strong></span> 
     </span>
     <span class='ocr_line' id='line_1_40' title="bbox 187 4114 1519 4205; baseline -0.003 -23"><span class='ocrx_word' id='word_1_395' title='bbox 187 4116 327 4183; x_wconf 87' lang='lat' dir='ltr'><strong>decidit.</strong></span> <span class='ocrx_word' id='word_1_396' title='bbox 345 4117 533 4183; x_wconf 76' lang='lat' dir='ltr'><strong>Alariaris</strong></span> <span class='ocrx_word' id='word_1_397' title='bbox 552 4120 695 4183; x_wconf 86' lang='lat' dir='ltr'><strong>vocatur</strong></span> <span class='ocrx_word' id='word_1_398' title='bbox 709 4142 725 4177; x_wconf 77' lang='lat' dir='ltr'><strong>n</strong></span> <span class='ocrx_word' id='word_1_399' title='bbox 745 4115 846 4204; x_wconf 85' lang='lat' dir='ltr'><strong>panis</strong></span> <span class='ocrx_word' id='word_1_400' title='bbox 858 4114 1030 4182; x_wconf 88' lang='lat' dir='ltr'><strong>terrestris</strong></span> <span class='ocrx_word' id='word_1_401' title='bbox 1046 4144 1082 4199; x_wconf 75' lang='lat' dir='ltr'><strong>n,</strong></span> <span class='ocrx_word' id='word_1_402' title='bbox 1100 4137 1139 4181; x_wconf 84' lang='lat' dir='ltr'><strong>er</strong></span> <span class='ocrx_word' id='word_1_403' title='bbox 1153 4136 1263 4205; x_wconf 88' lang='lat' dir='ltr'><strong>eoque</strong></span> <span class='ocrx_word' id='word_1_404' title='bbox 1284 4136 1403 4204; x_wconf 89' lang='lat' dir='ltr'><strong>reapse</strong></span> <span class='ocrx_word' id='word_1_405' title='bbox 1426 4135 1519 4179; x_wconf 83' lang='lat' dir='ltr'><strong>conr-</strong></span> 
     </span>
     <span class='ocr_line' id='line_1_41' title="bbox 187 4219 1519 4313; baseline -0.002 -26"><span class='ocrx_word' id='word_1_406' title='bbox 187 4230 329 4311; x_wconf 85' lang='lat' dir='ltr'><strong>paratur</strong></span> <span class='ocrx_word' id='word_1_407' title='bbox 339 4223 439 4313; x_wconf 89' lang='lat' dir='ltr'><strong>panis</strong></span> <span class='ocrx_word' id='word_1_408' title='bbox 458 4222 593 4312; x_wconf 88' lang='lat' dir='ltr'><strong>aliquis.</strong></span> <span class='ocrx_word' id='word_1_409' title='bbox 609 4226 758 4289; x_wconf 81' lang='lat' dir='ltr'><strong>Fuerunt</strong></span> <span class='ocrx_word' id='word_1_410' title='bbox 778 4221 950 4289; x_wconf 90' lang='lat' dir='ltr'><strong>eiusmodi</strong></span> <span class='ocrx_word' id='word_1_411' title='bbox 964 4221 1104 4312; x_wconf 90' lang='lat' dir='ltr'><strong>pluviae</strong></span> <span class='ocrx_word' id='word_1_412' title='bbox 1119 4222 1156 4287; x_wconf 95' lang='lat' dir='ltr'><strong>in</strong></span> <span class='ocrx_word' id='word_1_413' title='bbox 1168 4220 1272 4288; x_wconf 86' lang='lat' dir='ltr'><strong>variis</strong></span> <span class='ocrx_word' id='word_1_414' title='bbox 1286 4219 1385 4288; x_wconf 83' lang='lat' dir='ltr'><strong>Asiae</strong></span> <span class='ocrx_word' id='word_1_415' title='bbox 1399 4220 1519 4287; x_wconf 85' lang='lat' dir='ltr'><strong>tracti-</strong></span> 
     </span>
     <span class='ocr_line' id='line_1_42' title="bbox 186 4328 1519 4419; baseline -0.002 -26"><span class='ocrx_word' id='word_1_416' title='bbox 186 4328 251 4396; x_wconf 87' lang='lat' dir='ltr'><strong>bus</strong></span> <span class='ocrx_word' id='word_1_417' title='bbox 268 4333 366 4411; x_wconf 73' lang='grc'>1881,</span> <span class='ocrx_word' id='word_1_418' title='bbox 386 4336 484 4410; x_wconf 74' lang='lat'><strong>1828,</strong></span> <span class='ocrx_word' id='word_1_419' title='bbox 505 4335 602 4413; x_wconf 84' lang='lat' dir='ltr'><strong>18t1‚</strong></span> <span class='ocrx_word' id='word_1_420' title='bbox 619 4334 717 4411; x_wconf 81' lang='grc'>1866,</span> <span class='ocrx_word' id='word_1_421' title='bbox 735 4334 833 4397; x_wconf 78' lang='grc'>1861.</span> <span class='ocrx_word' id='word_1_422' title='bbox 849 4330 899 4396; x_wconf 78' lang='lat' dir='ltr'><strong>ei.</strong></span> <span class='ocrx_word' id='word_1_423' title='bbox 913 4328 1040 4395; x_wconf 76' lang='lat' dir='ltr'><strong>Leucis</strong></span> <span class='ocrx_word' id='word_1_424' title='bbox 1053 4350 1066 4394; x_wconf 87' lang='lat'><strong>.·</strong></span> <span class='ocrx_word' id='word_1_425' title='bbox 1079 4328 1242 4419; x_wconf 78' lang='lat' dir='ltr'><strong>synopsis</strong></span> <span class='ocrx_word' id='word_1_426' title='bbox 1263 4328 1325 4395; x_wconf 90' lang='lat' dir='ltr'><strong>der</strong></span> <span class='ocrx_word' id='word_1_427' title='bbox 1343 4328 1519 4395; x_wconf 76' lang='lat' dir='ltr'><strong>Pssanzen-</strong></span> 
     </span>
     <span class='ocr_line' id='line_1_43' title="bbox 188 4435 982 4521; baseline 0.001 -19"><span class='ocrx_word' id='word_1_428' title='bbox 188 4435 320 4521; x_wconf 86' lang='lat' dir='ltr'><strong>kunde,</strong></span> <span class='ocrx_word' id='word_1_429' title='bbox 333 4440 515 4503; x_wconf 87' lang='lat' dir='ltr'><strong>llannover</strong></span> <span class='ocrx_word' id='word_1_430' title='bbox 532 4439 768 4521; x_wconf 76' lang='lat'><strong>1883-1886,§</strong></span> <span class='ocrx_word' id='word_1_431' title='bbox 784 4441 982 4505; x_wconf 73' lang='lat' dir='ltr'><strong>atellei.</strong></span> 
     </span>
    </p>
   </div>
   <div class='ocr_carea' id='block_1_5' title="bbox 185 4630 1519 4887">
    <p class='ocr_par' dir='ltr' id='par_1_11' title="bbox 185 4630 1519 4887">
     <span class='ocr_line' id='line_1_44' title="bbox 223 4630 1519 4702; baseline -0.005 -14"><span class='ocrx_word' id='word_1_432' title='bbox 223 4638 253 4688; x_wconf 87' lang='lat' dir='ltr'><strong>Si</strong></span> <span class='ocrx_word' id='word_1_433' title='bbox 267 4638 353 4702; x_wconf 89' lang='lat' dir='ltr'><strong>igitur</strong></span> <span class='ocrx_word' id='word_1_434' title='bbox 366 4650 471 4687; x_wconf 86' lang='lat' dir='ltr'><strong>manna</strong></span> <span class='ocrx_word' id='word_1_435' title='bbox 489 4635 611 4687; x_wconf 83' lang='lat' dir='ltr'><strong>aisrrmes</strong></span> <span class='ocrx_word' id='word_1_436' title='bbox 624 4636 711 4687; x_wconf 88' lang='lat' dir='ltr'><strong>inisse</strong></span> <span class='ocrx_word' id='word_1_437' title='bbox 727 4638 802 4689; x_wconf 89' lang='lat' dir='ltr'><strong>hunc</strong></span> <span class='ocrx_word' id='word_1_438' title='bbox 821 4636 942 4688; x_wconf 87' lang='lat' dir='ltr'><strong>eundem</strong></span> <span class='ocrx_word' id='word_1_439' title='bbox 961 4636 1115 4696; x_wconf 89' lang='lat' dir='ltr'><strong>lichenem,</strong></span> <span class='ocrx_word' id='word_1_440' title='bbox 1132 4646 1231 4686; x_wconf 89' lang='lat' dir='ltr'><strong>revera</strong></span> <span class='ocrx_word' id='word_1_441' title='bbox 1250 4650 1261 4683; x_wconf 78' lang='grc' dir='ltr'><strong><em>ι</em></strong></span> <span class='ocrx_word' id='word_1_442' title='bbox 1279 4634 1392 4697; x_wconf 86' lang='lat' dir='ltr'><strong>pluebat</strong></span> <span class='ocrx_word' id='word_1_443' title='bbox 1412 4650 1423 4680; x_wconf 76' lang='grc' dir='ltr'><strong><em>ι</em></strong></span> <span class='ocrx_word' id='word_1_444' title='bbox 1440 4630 1519 4683; x_wconf 77' lang='lat' dir='ltr'><strong>Dens</strong></span> 
     </span>
     <span class='ocr_line' id='line_1_45' title="bbox 185 4723 1513 4791; baseline -0.009 -13"><span class='ocrx_word' id='word_1_445' title='bbox 185 4738 288 4791; x_wconf 86' lang='lat' dir='ltr'><strong>panem</strong></span> <span class='ocrx_word' id='word_1_446' title='bbox 303 4726 448 4787; x_wconf 85' lang='lat' dir='ltr'><strong>Hebraeis,</strong></span> <span class='ocrx_word' id='word_1_447' title='bbox 464 4728 623 4790; x_wconf 87' lang='lat' dir='ltr'><strong>portentum</strong></span> <span class='ocrx_word' id='word_1_448' title='bbox 633 4726 752 4776; x_wconf 86' lang='lat' dir='ltr'><strong>habetur</strong></span> <span class='ocrx_word' id='word_1_449' title='bbox 765 4727 895 4790; x_wconf 90' lang='lat' dir='ltr'><strong>portento</strong></span> <span class='ocrx_word' id='word_1_450' title='bbox 910 4726 1082 4777; x_wconf 87' lang='lat' dir='ltr'><strong>coturnicum</strong></span> <span class='ocrx_word' id='word_1_451' title='bbox 1097 4736 1231 4789; x_wconf 90' lang='lat' dir='ltr'><strong>perquam</strong></span> <span class='ocrx_word' id='word_1_452' title='bbox 1245 4723 1346 4783; x_wconf 83' lang='lat' dir='ltr'><strong>simile,</strong></span> <span class='ocrx_word' id='word_1_453' title='bbox 1360 4734 1432 4786; x_wconf 88' lang='lat' dir='ltr'><strong>quae</strong></span> <span class='ocrx_word' id='word_1_454' title='bbox 1448 4723 1513 4769; x_wconf 80' lang='lat' dir='ltr'><strong>item</strong></span> 
     </span>
     <span class='ocr_line' id='line_1_46' title="bbox 187 4809 1516 4887; baseline -0.006 -22"><span class='ocrx_word' id='word_1_455' title='bbox 187 4818 272 4868; x_wconf 83' lang='lat' dir='ltr'><strong>ventu</strong></span> <span class='ocrx_word' id='word_1_456' title='bbox 290 4816 511 4867; x_wconf 84' lang='lat' dir='ltr'><strong>advehebantur.</strong></span> <span class='ocrx_word' id='word_1_457' title='bbox 526 4814 578 4864; x_wconf 90' lang='lat' dir='ltr'><strong>ilie</strong></span> <span class='ocrx_word' id='word_1_458' title='bbox 595 4814 689 4865; x_wconf 88' lang='lat' dir='ltr'><strong>lichen</strong></span> <span class='ocrx_word' id='word_1_459' title='bbox 709 4814 784 4866; x_wconf 91' lang='lat' dir='ltr'><strong>mola</strong></span> <span class='ocrx_word' id='word_1_460' title='bbox 802 4814 941 4879; x_wconf 76' lang='lat' dir='ltr'><strong>frangitur</strong></span> <span class='ocrx_word' id='word_1_461' title='bbox 955 4816 989 4887; x_wconf 29' lang='lat' dir='ltr'><strong>&#39;et</strong></span> <span class='ocrx_word' id='word_1_462' title='bbox 1007 4812 1135 4877; x_wconf 85' lang='lat' dir='ltr'><strong>pinsitur.</strong></span> <span class='ocrx_word' id='word_1_463' title='bbox 1153 4812 1211 4863; x_wconf 82' lang='lat' dir='ltr'><strong>Erit</strong></span> <span class='ocrx_word' id='word_1_464' title='bbox 1231 4813 1326 4875; x_wconf 87' lang='lat' dir='ltr'><strong>utique</strong></span> <span class='ocrx_word' id='word_1_465' title='bbox 1346 4809 1516 4863; x_wconf 83' lang='lat' dir='ltr'><strong>asserendus</strong></span> 
     </span>
    </p>
   </div>
   <div class='ocr_carea' id='block_1_6' title="bbox 0 0 1772 5384">
    <p class='ocr_par' dir='ltr' id='par_1_12' title="bbox 0 0 1772 5384">
     <span class='ocr_line' id='line_1_47' title="bbox 0 0 1772 5384; baseline 0 3"><span class='ocrx_word' id='word_1_466' title='bbox 0 0 1772 5384; x_wconf 95' lang='lat' dir='ltr'><strong> </strong></span> 
     </span>
    </p>
   </div>
  </div>
 </body>
</html>
