3534 5384
748 366 796 409 nx.
820 351 916 428 3t,iu
937 366 981 417 so.
1475 354 1536 415 331

199 500 250 551 Ex.
264 500 443 562 tentatas
452 501 653 566 complectitur,
667 500 737 565 tepet
747 504 858 567 repetit,
872 516 941 566 qnae
951 508 1014 552 sunt
1026 502 1056 551 de
1067 502 1147 551 rebus
1157 503 1256 563 sacris,
1269 516 1304 553 ne
1314 504 1378 568 quis
1387 504 1440 555 has
1451 507 1536 556 caede

199 592 325 654 priorum
335 589 511 640 sacerdotum
525 589 675 653 abrogatas
687 602 751 641 esse
761 593 910 642 existimet.
924 590 995 643 Cum
1005 590 1131 655 generali
1142 590 1339 643 mandatorum
1354 594 1535 644 commenda·

199 680 278 728 tione
295 677 374 739 34,ss
390 678 425 728 ci.
443 678 524 739 tait
549 693 561 726 ι
582 680 686 740 omnia,
702 692 775 743 quae
790 679 847 730 dixi
867 680 961 739 vobis,
978 678 1116 730 custodite
1136 694 1160 728 s.
1179 678 1322 744 31,11·16,
1338 682 1477 743 11111331
1493 696 1535 746 sq·

200 766 230 816 31
248 779 323 830 sqq„
340 766 471 829 prohibet
483 767 633 831 gentilium
645 766 759 818 loedere
770 773 799 818 et
811 769 1003 829 matrimonia,
1016 767 1091 832 quod
1104 768 1224 831 primum
1236 767 1363 832 decalogi
1377 770 1537 821 mandatum

201 858 231 907 in
249 856 447 919 gravissimum
466 855 616 906 discrimen
634 860 747 906 vocent.
770 856 1024 918 annemundum
1041 856 1204 907 mandatum
1223 856 1346 907 inculcat
1368 855 1411 925 (cl.
1433 859 1537 924 1033),

201 944 292 1001 tate.
310 944 392 994 it-tt
410 946 511 1008 repetit
525 945 620 1009 legem
637 944 766 1006 ram-17
783 945 819 995 de
830 945 920 995 tribus
939 944 1018 995 iestis
1033 945 1196 995 maioribus.
1211 944 1279 1007 Cui,
1291 946 1400 997 scribae
1419 945 1538 999 tortasse

199 1033 323 1095 incuria,
340 1034 529 1097 interponitur
539 1046 568 1083 v.
589 1033 619 1084 19
634 1045 697 1097 sqq.
713 1033 760 1084 lex
775 1034 809 1085 de
823 1034 1020 1098 primogenitis
1035 1029 1121 1101 (tan.
1140 1033 1171 1085 12
1185 1046 1240 1098 sq.;
1254 1036 1283 1083 et
1291 1034 1326 1083 ci.
1341 1034 1422 1096 2139
1439 1035 1494 1100 sq.)
1512 1040 1539 1086 et

200 1121 247 1173 lex
260 1120 296 1173 de
312 1121 430 1173 sabbato
443 1124 527 1172 toties
542 1120 636 1191 (etiarn
652 1120 743 1187 tata)
758 1123 910 1174 inculcata.
932 1121 1012 1184 itii
1028 1136 1071 1187 sq.
1087 1122 1259 1173 verbotenus
1274 1125 1377 1186 repetit
1398 1124 1478 1186 ratu
1494 1138 1535 1187 sq.

244 1264 278 1309 v.
292 1249 333 1309 10
347 1269 365 1305 «
379 1242 565 1333 Respondit
586 1242 751 1309 Dominus
770 1265 784 1309 .·
798 1246 873 1331 Epo
895 1242 988 1309 inibo
1011 1270 1026 1305 n
1040 1282 1084 1292 —
1103 1246 1205 1309 Hebr.
1219 1242 1350 1309 ineo-
1368 1272 1384 1305 «
1393 1257 1536 1334 paetrnn

200 1346 391 1415 ridentibtn
415 1348 546 1415 cunetis
572 1379 602 1415 n.
626 1352 728 1417 Hebr.
760 1353 855 1416 Sam.
877 1352 969 1417 LXX
987 1348 1108 1417 ctatd.
1131 1370 1144 1415 .·
1162 1372 1275 1416 coram
1296 1350 1392 1415 omni
1405 1352 1535 1441 populo

201 1469 282 1539 tuo;
305 1455 365 1522 sed
385 1478 576 1547 pronomen
610 1454 835 1547 possessivum
867 1478 947 1524 cnm
975 1456 1072 1545 anq.
1100 1456 1242 1542 ignorat
1269 1457 1348 1543 Spr.
1378 1461 1536 1524 Ceterum

200 1577 270 1650 nni
281 1550 317 1627 ‘n
330 1578 380 1629 'ni
395 1568 506 1653 potest
523 1562 619 1630 trahi
638 1562 693 1629 vel
711 1562 755 1628 ad
770 1561 1029 1652 praecedentia,
1048 1561 1141 1653 quod
1155 1562 1261 1630 habet
1274 1562 1367 1653 apud
1387 1565 1485 1651 Vulg.
1503 1571 1536 1630 et

200 1672 280 1736 LXX
300 1668 550 1760 interpunctio,
575 1668 631 1735 vel
651 1668 772 1735 melius
794 1668 839 1736 ad
860 1667 1039 1758 sequentia
1064 1668 1186 1758 (Any.)
1207 1686 1215 1735 :
1235 1690 1354 1736 coram
1377 1670 1536 1737 universo

200 1775 331 1865 populo
349 1774 452 1862 signa
471 1775 606 1843 faciam.
625 1777 719 1843 LXX
731 1784 775 1844 cst
794 1776 935 1843 fortasse
951 1780 1003 1843 est
1017 1774 1129 1842 altera
1143 1775 1237 1841 vocis
1253 1790 1322 1864 'init
1340 1776 1466 1856 versio,
1485 1801 1538 1843 ac—

200 1881 358 1971 cipienda
382 1888 421 1949 ut
440 1882 575 1949 dativus
598 1881 783 1949 commodi.
811 1907 827 1942 «
852 1882 965 1971 Sipno
979 1881 1134 1971 faciunt,
1152 1904 1241 1971 quae
1265 1904 1446 1971 rittnqnant
1465 1883 1538 1949 visa

200 2000 281 2053 sunt
303 2010 405 2079 super
429 2000 555 2056 tetram
573 2010 635 2055 nec
657 1988 695 2054 in
717 1986 799 2054 ullis
824 1988 1004 2078 pentibus,
1028 2000 1202 2055 attremat
1219 1987 1372 2079 popalus
1395 1990 1474 2071 iste,
1502 1990 1535 2054 in

202 2094 300 2160 eitius
318 2118 351 2161 es
367 2094 498 2178 medio,
517 2117 601 2186 opus
617 2094 756 2162 Domini
775 2094 944 2178 terribile,
962 2093 1056 2185 qnod
1075 2096 1236 2183 facimus
1258 2118 1335 2161 sum
1356 2124 1373 2156 »
1392 2108 1505 2183 tecum
1525 2118 1536 2162 :

201 2206 288 2268 Deus
308 2200 437 2291 quippe
455 2200 670 2292 potissimum
694 2200 814 2289 lioysis
835 2200 949 2288 gratia
972 2200 1093 2267 foedus
1118 2202 1183 2267 init
1203 2200 1259 2290 (cf.
1283 2222 1370 2290 quae
1386 2200 1533 2269 diximus

200 2304 245 2374 ad
257 2330 288 2373 v.
309 2307 361 2397 9),
384 2314 417 2375 et
441 2312 620 2397 tamquam
643 2308 716 2375 eius
741 2307 878 2374 adiutor
890 2307 1060 2398 populum
1078 2306 1174 2374 ducit
1188 2312 1221 2374 ct
1238 2312 1398 2396 portenta
1413 2330 1535 2396 opera-

201 2419 267 2481 tur.
286 2412 350 2481 Ubi
374 2412 475 2502 Vulp.
497 2428 567 2479 inii
589 2413 664 2481 visa
686 2425 784 2495 saint,
810 2412 862 2479 ibi
881 2413 1009 2504 reliqui
1023 2428 1115 2478 inim
1139 2426 1253 2479 creata
1272 2426 1368 2494 sunt,
1392 2414 1534 2481 averbo

201 2519 436 2609 operationem
451 2519 567 2587 stricte
584 2519 739 2587 divinam
757 2520 980 2610 exprimente.
1001 2518 1056 2586 llis
1077 2520 1315 2609 complectitur
1328 2526 1415 2588 Deus
1429 2520 1536 2610 potis-

199 2624 287 2692 sima
296 2648 417 2716 opera,
433 2647 521 2715 quae
540 2647 579 2693 ex
593 2626 730 2693 loedere
745 2626 818 2717 ipse
832 2630 1067 2717 praestaturus
1082 2632 1147 2709 est;
1166 2634 1365 2718 supponunt
1380 2632 1536 2695 eaDcum

199 2732 235 2798 in
249 2731 364 2799 medio
377 2732 495 2823 populi
509 2733 562 2799 sui
576 2732 803 2801 habitantem.
822 2738 913 2810 Quae
928 2732 1076 2799 vicissim
1091 2733 1220 2823 populo
1232 2733 1438 2824 praestanda
1452 2734 1533 2807 sint,

198 2838 297 2905 brevi
314 2838 465 2905 formula
482 2840 643 2929 exprimit
655 2862 689 2906 v.
717 2846 755 2906 11
779 2862 788 2908 :
811 2866 828 2899 «
848 2837 997 2905 Observa
1016 2866 1031 2899 n
1046 2837 1111 2904 tibi
1129 2866 1145 2901 «
1163 2851 1284 2905 retracta
1300 2866 1334 2921 n,
1352 2877 1396 2887 -
1415 2861 1534 2905 vocem

199 2943 364 3029 ignorant
387 2946 486 3011 Hebe.
509 2946 605 3011 Sam.
631 2944 753 3013 Gdnlc'.
780 2946 860 3031 Spr.
883 2983 927 2993 -
947 2972 964 3006 «
986 2967 1076 3034 qnae
1097 2944 1199 3011 hodie
1219 2944 1348 3012 mando
1365 2945 1428 3011 tibi
1442 2966 1479 3023 ‘23
1497 2968 1537 3011 ac

199 3049 280 3115 dein
298 3072 433 3127 rursus,
451 3049 536 3139 quid
559 3056 646 3118 Deus
669 3074 732 3141 pro
752 3051 881 3141 populo
896 3053 1063 3133 facturuS,
1086 3051 1179 3123 etad
1197 3073 1299 3140 quem
1315 3052 1532 3141 potissimum

200 3155 358 3222 effectum
372 3154 600 3246 illaportenta
614 3158 659 3224 sit
670 3162 883 3247 patratum,
900 3159 1077 3226 enuntiat:
1099 3184 1115 3219 «
1126 3160 1202 3247 Epo
1220 3156 1291 3247 ipse
1305 3156 1444 3225 eiieinm
1456 3171 1537 3224 urite

196 3261 326 3349 faciem
339 3274 434 3329 tuum
447 3263 695 3331 Amorrbneum
708 3275 741 3330 et
758 3264 1006 3331 Chanartnenm
1026 3278 1059 3330 et
1078 3264 1267 3331 Hetlzoevnn
1277 3315 1286 3347 ,
1308 3264 1536 3332 Pherezcetnn

197 3390 335 3458 qvcoque
349 3372 810 3437 etHeeaenmetIebnsaeum
824 3399 855 3438 n.
867 3375 955 3438 llaec
967 3371 1098 3439 occasio
1113 3369 1275 3438 monendi
1291 3370 1411 3461 populi
1422 3371 1531 3451 electi,

199 3480 237 3542 ui
259 3499 280 3543 a
302 3475 595 3544 contaminatione
624 3476 840 3544 idololatriae
864 3495 985 3544 earnm
1007 3476 1164 3563 gentium
1187 3476 1253 3544 sibi
1275 3482 1409 3559 caveat,
1430 3483 1534 3566 atquc

198 3581 483 3650 inculcandorum
508 3582 751 3650 mandatorum
777 3589 881 3650 antea
905 3583 1082 3667 datorum,
1109 3605 1199 3673 quae
1226 3583 1286 3650 nei
1308 3583 1441 3650 cultum
1464 3607 1533 3650 res-

199 3687 333 3776 piciunt
351 3710 383 3755 v.
400 3693 512 3755 12-26.
532 3693 604 3756 Non
626 3693 829 3779 repetuntur
847 3689 1012 3757 mandata
1033 3689 1072 3756 in
1095 3694 1255 3780 parentes
1282 3696 1317 3755 et
1339 3689 1535 3779 proximum

183 3792 380 3876 servanda,
395 3816 509 3884 neque
532 3795 700 3885 repetitur
724 3795 928 3863 mandatum
952 3817 1023 3862 non
1043 3794 1242 3863 assumendi
1260 3795 1411 3862 nominis
1426 3795 1534 3861 divini

199 3900 236 3965 in
250 3921 393 3982 vanum3
410 3900 470 3967 sed
489 3900 708 3969 inculcantur
726 3902 792 3968 tria
811 3902 964 3991 supremi
986 3902 1152 3968 momenti
1167 3901 1345 3983 mandata,
1363 3924 1436 3966 non
1450 3900 1534 3967 ado-

199 4004 299 4072 randi
313 4006 396 4073 deos
407 4006 538 4074 alienos
553 4030 585 4073 v.
604 4013 718 4086 12-16,
741 4029 811 4074 non
825 4007 975 4075 faciendi
991 4008 1073 4076 deos
1086 4008 1273 4075 conflatiles
1294 4030 1325 4073 v.
1346 4014 1398 4089 17,
1421 4005 1535 4072 obser-

199 4112 390 4178 vandorum
409 4114 575 4180 festorum
590 4119 624 4180 et
633 4112 857 4181 sabbatorum
872 4137 906 4181 v.
926 4119 1044 4182 18-26.

243 4219 362 4303 igitur,
378 4217 438 4307 qui
452 4220 642 4287 eiecturum
662 4242 697 4286 se
719 4218 799 4287 illas
817 4225 938 4307 gentes
966 4242 1043 4305 seu,
1067 4221 1163 4311 quod
1182 4222 1277 4288 idem
1292 4225 1359 4299 est,
1377 4219 1537 4287 Hebraeis

198 4309 277 4389 illas
296 4324 453 4390 eiecturis
470 4331 646 4414 potentem
664 4346 765 4416 opem
783 4348 819 4393 sc
837 4326 988 4393 laturum
1007 4325 1167 4416 promisit
1180 4332 1283 4411 Deus,
1302 4327 1473 4394 Hebraeos
1493 4326 1535 4392 ab

198 4450 317 4497 earum
330 4431 533 4499 commercio
547 4454 664 4499 severe
671 4431 857 4517 interdicit,
868 4433 1088 4523 ostenditque
1096 4434 1256 4501 intimum
1266 4434 1357 4501 inter
1364 4433 1531 4501 eiusmodi

197 4535 443 4604 commercium
464 4544 498 4604 et
522 4537 755 4605 idololatriam
772 4561 911 4606 nexum.
934 4540 1173 4630 Expressiones
1190 4542 1262 4607 fere
1278 4540 1420 4607 eaedem
1435 4544 1529 4620 sunt,

196 4665 286 4732 qnae
302 4647 394 4725 203.
413 4650 451 4726 5;
467 4648 580 4727 iant.
596 4650 638 4711 32
653 4666 703 4734 sq.
722 4644 959 4728 habebantur3
976 4668 1105 4714 novum
1120 4645 1260 4713 additur
1279 4670 1311 4713 v.
1331 4652 1372 4713 16
1388 4642 1477 4711 illud
1489 4644 1531 4708 de

197 4748 344 4817 vitandis
355 4748 537 4835 coniugiis.
553 4750 605 4818 Uti
618 4773 650 4818 ν.
669 4758 706 4817 11
720 4750 835 4818 verbis
845 4740 885 4838 ¹1⁹7
901 4767 990 4826 inu,
1004 4752 1053 4818 ita
1065 4776 1097 4821 v.
1112 4758 1154 4820 12
1168 4752 1292 4840 incipit
1307 4750 1419 4817 verbis
1432 4763 1527 4814 inan
