3534 5384
251 374 289 432 58
698 389 806 434 uorsrs
829 390 907 434 scra
929 390 962 433 nr
983 387 1128 434 aserere.

252 523 381 608 cogitat
396 520 438 587 de
459 549 475 584 e
498 521 688 608 digniore»
716 522 854 610 (Chald.
875 522 981 613 LXX)
1003 521 1068 588 sibi
1092 514 1344 603 substituendo,
1367 545 1471 612 quam
1488 522 1530 590 de
1547 547 1581 592 se

249 627 461 696 excusando:
475 628 591 695 divina
608 653 639 695 v.
653 635 692 695 12
705 629 885 718 promissio
900 652 972 696 non
984 628 1219 696 suffeceratad
1234 629 1305 694 eius
1319 629 1580 697 restaurandam

247 734 420 802 fiduciam.
436 738 506 800 lam
521 739 604 801 [teus
620 734 733 801 media
748 735 805 801 via
818 734 963 808 incedit,
978 741 1110 822 Moysen
1122 732 1327 823 eloquendo
1342 736 1503 820 eximens
1520 735 1578 805 sed

245 863 313 907 non
333 840 548 926 alegatione.
565 865 596 907 v.
617 847 657 909 rt
675 867 692 901 «
709 844 822 907 iratres
841 842 1010 908 Dominus
1031 842 1067 906 in
1089 843 1230 929 Moyseo
1243 840 1295 906 eit
1312 860 1325 904 .·
1338 843 1455 908 Aaron
1468 841 1582 929 freter

250 961 326 1012 tures
348 946 496 1026 Levites,
512 947 580 1013 seio
603 947 697 1036 quod
714 947 874 1038 eloquens
897 947 940 1014 sit
964 976 994 1028 n,
1011 969 1111 1014 sensu
1137 970 1168 1012 v.
1187 953 1228 1014 10
1246 947 1437 1014 enuntiato.
1457 978 1471 1008 «
1493 951 1581 1016 Eece

249 1055 318 1144 epse
342 1053 519 1142 eqreclr'tur
537 1053 573 1120 in
598 1076 777 1121 occursum
797 1066 895 1120 terrem
919 1077 953 1137 »3
977 1054 1099 1120 melius
1121 1056 1213 1119 LXX
1236 1053 1455 1143 participium
1481 1056 1582 1122 vertit

251 1157 458 1247 eyredr'etur,
474 1183 494 1226 a
509 1181 564 1226 me
584 1161 734 1249 primum
757 1185 788 1225 v.
810 1168 851 1228 27
872 1160 1080 1242 monendus;
1098 1182 1183 1247 ergo
1203 1159 1299 1226 nulla
1322 1167 1370 1227 est
1392 1161 1480 1226 ratio
1499 1184 1581 1252 sup-

252 1266 421 1354 ponendi,
441 1288 518 1332 enm
529 1289 562 1334 v,
578 1273 620 1332 21
640 1267 865 1334 monitionem
881 1275 959 1334 ante
976 1268 1082 1334 verba
1107 1289 1139 1333 v.
1160 1272 1199 1333 lt
1213 1266 1326 1333 locum
1344 1267 1517 1334 habuisse.
1534 1273 1581 1334 Ne

255 1371 406 1454 dubites,
425 1372 527 1439 illene
552 1393 648 1440 meae
673 1375 841 1440 vocationi
858 1374 901 1440 sit
915 1373 1155 1453 obsecutum,
1177 1378 1212 1438 et
1232 1372 1277 1438 ob
1301 1373 1368 1439 tale
1385 1373 1531 1440 dubium
1547 1380 1581 1439 te

254 1499 379 1567 pergas
396 1501 552 1547 excusare
574 1479 652 1570 (Syl
676 1479 717 1568 .);
736 1507 752 1540 «
767 1479 954 1569 valensque
974 1492 1005 1546 te
1021 1479 1205 1546 loetabitur
1217 1478 1315 1545 corde
1336 1507 1366 1546 n.

290 1675 347 1728 Cur
360 1677 471 1728 additur
489 1679 608 1728 Levites?
622 1678 687 1728 Non
706 1677 741 1728 ad
761 1679 989 1742 distinguendum
1003 1680 1078 1729 hune
1092 1680 1234 1729 Aaronem
1251 1678 1286 1728 ab
1306 1678 1370 1728 aliis
1389 1677 1462 1728 forte
1480 1677 1582 1729 homo·

249 1767 342 1827 nymis
362 1765 495 1832 (Clarias,
512 1765 601 1830 Deris.)
618 1779 623 1814 :
641 1769 709 1818 satis
729 1767 954 1830 distinguebatur
972 1766 1113 1830 adscripto
1137 1767 1224 1831 freter
1243 1773 1319 1825 trouu
1333 1770 1382 1817 aut
1399 1766 1491 1816 luerat
1512 1769 1582 1816 scri-

248 1853 370 1904 bendum
386 1857 477 1904 oleron
492 1856 589 1904 Levites
604 1855 774 1920 fratremne,
789 1855 824 1905 ad
839 1857 915 1906 hune
935 1856 1075 1906 Aaronem
1088 1855 1123 1905 ab
1138 1856 1201 1904 allis
1219 1854 1290 1905 torte
1304 1855 1393 1905 tribus
1408 1855 1477 1905 Levi
1493 1855 1582 1904 Aaro-

253 1943 335 1993 nibus
355 1943 594 2006 distinguendum.
620 1944 755 2005 Adverte,
789 1957 874 2008 quam
893 1943 975 1994 facile
995 1924 1058 2000 ἢθη
1077 1945 1144 1994 oriri
1164 1945 1288 2008 potuerit
1307 1949 1438 2006 corrupto
1456 1944 1582 2008 proxime

250 2031 391 2095 adscripto
410 2013 482 2088 teiln
499 2031 605 2098 (Sem).
628 2031 702 2082 Sane
723 2045 780 2082 non
798 2037 841 2083 est
860 2031 1002 2083 sufficiens
1020 2033 1091 2083 ratio
1105 2045 1169 2082 cum
1187 2034 1238 2082 Ka.
1255 2033 1435 2093 coniiciendi,
1452 2033 1496 2082 vel
1513 2036 1580 2082 ante

258 2119 362 2183 Moysis
373 2122 550 2171 vocationem
564 2121 667 2171 tribum
682 2121 752 2172 Levi
765 2123 860 2185 aliquo
874 2121 999 2172 simelam
1013 2134 1075 2172 esse
1089 2121 1255 2172 sacerdotio.

294 2327 326 2370 v.
352 2311 392 2370 15
414 2330 429 2363 «
446 2307 597 2392 Loquere
617 2303 665 2370 ad
677 2326 754 2370 eron
769 2331 785 2364 »
804 2326 811 2371 :
828 2325 945 2370 seusus
958 2304 1133 2394 proximus
1150 2310 1300 2384 nonest,
1316 2308 1354 2371 ut
1371 2310 1494 2390 Moyses
1513 2303 1582 2369 lra-

249 2409 294 2475 tri
314 2416 389 2476 aeta
403 2410 447 2475 ad
459 2416 611 2476 montem
629 2409 738 2476 Horeb
755 2415 872 2476 narret
886 2411 1015 2498 (Post),
1030 2411 1109 2477 licet
1125 2412 1188 2476 hoe
1204 2433 1341 2499 quoque
1356 2417 1481 2496 Moyses
1493 2433 1526 2477 v.
1540 2416 1581 2477 28

250 2516 369 2582 lecerit
381 2519 415 2581 et
426 2517 539 2582 faeere
554 2516 729 2597 debuerit3
743 2515 801 2582 scd
817 2545 832 2578 «
844 2515 961 2583 indica
976 2516 1020 2598 ei,
1035 2517 1119 2605 quid
1135 2517 1248 2606 ipsum
1265 2524 1423 2605 oporteat
1434 2516 1548 2583 dicere
1564 2544 1580 2576 »

252 2621 417 2709 (Borefr.);
436 2649 451 2683 ι(
473 2635 505 2689 e!
514 2645 606 2712 pone
624 2621 721 2688 rerba
735 2624 836 2709 [eirea]
854 2623 889 2688 in
908 2645 964 2689 ore
982 2623 1053 2688 eires·
1071 2651 1101 2705 o,
1123 2646 1212 2713 pone
1231 2623 1336 2690 verba
1354 2623 1398 2690 ad
1414 2623 1582 2712 populum

250 2727 394 2794 dicenda
408 2729 445 2794 in
459 2751 516 2795 ore
529 2729 617 2808 eius,
638 2751 725 2817 quae
738 2731 857 2818 utique
869 2752 947 2796 eum
963 2731 1066 2817 Moysi
1081 2753 1102 2796 a
1120 2736 1185 2798 Deo
1197 2737 1437 2819 supponantur
1456 2728 1579 2810 indita,

246 2836 367 2903 merito
386 2835 490 2902 etiam
510 2835 674 2903 dieuntur
692 2859 768 2902 oren
783 2836 897 2924 (Vulp.
912 2836 1028 2923 LXX).
1045 2864 1060 2896 «
1075 2839 1120 2902 Mt
1132 2859 1195 2924 epo
1215 2859 1271 2902 ero
1287 2837 1325 2903 in-
1339 2859 1394 2902 ere
1414 2850 1472 2900 tuo
1492 2848 1525 2901 et
1545 2834 1582 2900 in

246 2963 301 3006 ore
315 2941 425 3025 illios,
442 2954 475 3009 et
494 2941 670 3008 ostendam
689 2943 778 3008 robis
788 2941 875 3032 quid
884 2964 985 3030 apere
999 2943 1167 3009 elenensis!
1182 2971 1198 3004 o
1217 2943 1321 3008 Hebr.
1337 2964 1350 3007 .·
1363 2965 1418 3009 ero
1433 2965 1510 3008 cum
1525 2965 1581 3008 ore

247 3060 304 3112 tuo
319 3061 351 3112 et
364 3071 440 3115 cerm
454 3072 509 3114 ore
521 3048 629 3116 illius.
643 3049 906 3116 Promissionem
917 3072 948 3114 v.
966 3056 1006 3115 12
1019 3049 1123 3135 Moysi
1132 3050 1258 3116 iactam
1268 3049 1339 3117 iam
1351 3049 1397 3116 ad
1411 3055 1580 3116 Aaronem

248 3154 351 3220 etiam
365 3153 516 3221 extendit
530 3160 627 3224 Deus.
648 3159 733 3222 Rem
749 3155 922 3245 explicant
936 3158 1027 3221 LXX
1041 3178 1052 3222 .·
1068 3155 1222 3246 aperiam
1238 3179 1274 3222 os
1292 3168 1389 3222 turem
1404 3168 1466 3222 etc.
1489 3178 1522 3221 v,
1541 3162 1581 3221 16

257 3289 272 3321 a
289 3263 365 3350 lpse
381 3260 541 3351 loquetur·
553 3283 615 3352 pro
630 3275 661 3329 te
674 3261 899 3351 adpopulum
912 3274 945 3328 et
963 3263 1027 3328 erit
1045 3285 1080 3328 os
1095 3275 1190 3328 terion
1198 3283 1212 3345 ‚·
1227 3274 1264 3328 tu
1278 3276 1393 3328 orclem
1409 3262 1474 3328 eris
1493 3262 1526 3327 ei
1545 3261 1581 3327 in.

254 3365 322 3449 tis,
340 3389 427 3456 quoe
440 3366 489 3433 ad
498 3367 788 3457 Dezeorpertioenc
798 3395 827 3436 ».
842 3373 891 3434 lta
901 3369 1004 3436 etiam
1018 3371 1129 3453 LXX‚·
1141 3371 1200 3436 sed
1208 3370 1385 3435 nervosius
1400 3371 1500 3434 Hebe.
1518 3391 1531 3433 .·
1544 3381 1582 3433 tu

252 3474 316 3539 eris
326 3475 360 3539 er'
369 3474 406 3538 in
417 3477 526 3540 Deum
537 3497 596 3541 seu
608 3478 709 3556 Deus,
722 3475 816 3562 Sylv.
830 3504 845 3537 (ι
860 3474 933 3542 vice
945 3475 1004 3541 nei
1014 3497 1045 3555 »ς
1060 3477 1086 3540 T
1085 3488 1147 3540 ost.
1162 3496 1173 3541 :
1186 3503 1203 3537 u
1215 3477 1331 3542 tueris
1343 3475 1374 3540 ei
1387 3475 1483 3564 quasi
1496 3482 1582 3543 Meus

249 3580 421 3662 revelans,
440 3603 528 3670 quae
550 3581 663 3647 dicere
679 3579 804 3648 debeat
821 3609 852 3665 u,
868 3583 1059 3671 meritoque
1073 3581 1109 3648 in
1125 3583 1423 3671 comparationem
1442 3580 1582 3648 adducit

250 3691 378 3768 7‚1.Tu
394 3710 434 3754 eo
449 3688 523 3754 loco
537 3688 603 3753 eris
617 3689 758 3770 aaroni,
776 3710 844 3776 quo
860 3689 932 3754 loeo
948 3687 1163 3777 egometipse
1177 3710 1252 3754 sum
1265 3687 1341 3754 tibi.
1361 3709 1392 3753 v.
1411 3695 1450 3753 17
1471 3716 1487 3747 a
1509 3688 1581 3755 Vir-

252 3816 333 3881 yom
349 3816 484 3882 quoque
501 3792 589 3860 hunc
608 3815 701 3860 soene
721 3793 758 3859 io
773 3817 879 3860 maner
900 3807 974 3876 tua,
995 3794 1031 3860 io
1046 3817 1114 3884 que
1131 3797 1287 3883 foetemus
1306 3817 1340 3861 es
1355 3794 1456 3883 sipon
1478 3822 1505 3861 u.

610 4033 662 4082 111.
681 4033 870 4082 PERICOPAE
889 4034 1067 4082 GLAUSULA
1082 4034 1132 4083 Ex.
1148 4037 1211 4095 4‚18.

299 4240 384 4325 Apte
402 4236 580 4326 pericope,
596 4259 683 4326 quae
699 4237 756 4304 Dei
777 4239 964 4326 Moysisque
983 4238 1151 4304 actionem
1170 4237 1349 4319 retulerat,
1368 4237 1583 4304 concluditur

251 4341 403 4409 breviter
419 4345 569 4410 referens
588 4343 732 4432 plenum
748 4344 867 4432 Moysis
880 4366 1096 4410 eonsensum.
1115 4349 1216 4432 Apte,
1232 4367 1322 4432 quae
1342 4365 1582 4411 acommemo-

253 4453 327 4514 rato
344 4469 461 4515 socero
475 4449 686 4534 ordiebatur,
702 4473 820 4518 soc-ero
836 4450 1083 4516 valedicentem
1101 4450 1324 4517 demonstrat.
1343 4474 1375 4517 v.
1400 4456 1441 4516 18
1457 4477 1474 4510 «
1488 4449 1583 4515 Abiit

257 4557 390 4644 Moyses
409 4567 442 4622 et
460 4579 610 4622 reuersus
625 4569 673 4623 est
695 4557 743 4622 ad
763 4557 874 4623 letlrro
895 4579 1046 4623 socerum
1064 4579 1179 4639 sanor,
1199 4555 1357 4647 (linitque
1374 4556 1433 4623 ei:
1454 4555 1584 4622 Vadam

259 4673 291 4724 el
306 4675 455 4728 reverter
467 4661 516 4728 ed
522 4663 649 4751 fratres
662 4686 753 4729 oreos
765 4663 798 4729 e'rr
816 4667 1029 4752 Aeqyptum,
1044 4675 1081 4728 ut
1092 4662 1239 4750 sitleam,
1254 4662 1402 4729 siedlntc
1417 4661 1536 4728 vivant
1549 4689 1580 4726 ».

260 4772 392 4835 Fratres
405 4769 562 4857 intellige
582 4793 650 4836 non
671 4771 838 4837 Israelitas
850 4770 1045 4854 universos,
1060 4769 1120 4858 qui
1139 4769 1231 4837 haud
1254 4774 1413 4860 poterant
1436 4767 1582 4858 supponi
