3534 5384
717 375 767 419 nx.
791 361 864 429 :ind
882 377 947 428 suo·
1331 405 1337 413 -
1463 367 1501 424 il

171 535 226 579 cns
239 510 410 602 populum
433 531 559 590 meum,
582 508 675 598 filios
693 509 815 594 israel,
835 509 876 575 de
888 513 1047 599 aeqypto
1063 536 1095 577 n.
1111 516 1253 596 Moyses,
1271 512 1332 600 qui
1352 511 1435 580 dnm
1450 513 1503 580 in·

167 619 245 686 nior
260 622 363 697 esset,
379 637 449 683 non
470 614 688 683 dubitaverat
706 637 844 682 causam
861 615 1033 684 israelitae
1055 621 1174 682 contra
1191 638 1426 705 percussorem
1441 625 1504 687 Ae-

166 725 325 814 gyptium
337 723 571 790 dirimendam
586 721 768 812 suscipere,
781 723 851 789 iam
863 722 974 790 factus
987 721 1155 789 humilior
1165 728 1199 790 et
1215 724 1347 791 cautior
1356 725 1504 814 (Dillm.)

168 831 341 918 suggerit,
363 852 415 912 se,
445 830 506 919 qui
528 829 698 896 Pharaoni
717 828 759 896 sit
782 850 902 896 exosus
924 829 970 896 ob
1000 827 1243 910 homicidium,
1268 829 1429 899 Hebraeis
1450 834 1505 900 vix

168 945 280 1018 notus,
293 936 418 1027 opibus
428 957 557 1017 carens,
570 941 665 1002 tanto
673 935 769 1025 operi
777 957 848 1002 esse
858 933 1177 1025 omninoimparem
1190 955 1198 1002 :
1213 958 1246 1001 v.
1260 943 1296 1003 11
1314 965 1330 998 «
1339 938 1504 1028 Dixitque
1530 1007 1536 1018 ,

167 1047 301 1133 Moyses
314 1041 481 1110 acilinum
495 1063 507 1106 :
525 1041 609 1123 Quis
625 1065 701 1108 sicin
718 1064 799 1131 eqo,
819 1053 856 1108 nt
871 1041 996 1108 cadam
1019 1040 1067 1108 ad
1084 1041 1301 1109 Pharaonem
1313 1056 1346 1110 et
1359 1045 1502 1112 educam

164 1149 256 1238 filios
272 1148 434 1216 israelite
448 1151 629 1238 Aeqypto?
646 1177 662 1210 n
679 1155 810 1236 Moysen
821 1154 947 1215 natura
960 1148 1073 1215 officio
1085 1171 1158 1216 esse
1169 1148 1340 1239 imparem
1350 1153 1504 1238 agnoscit

167 1262 251 1324 Deus
266 1257 384 1346 (Toni.)
406 1277 414 1324 :
432 1277 464 1322 v.
490 1261 530 1323 12
555 1281 571 1316 n
590 1256 657 1336 Qni
672 1253 763 1321 discit
781 1255 813 1322 ei
834 1278 847 1320 .·
866 1257 943 1344 Epo
956 1278 1011 1321 ero
1028 1267 1158 1341 tecum;
1176 1269 1210 1322 et
1228 1255 1290 1323 boc
1304 1256 1441 1324 habebis
1455 1259 1503 1323 si-

166 1385 292 1453 qnnm,
312 1361 408 1452 qnod
427 1361 581 1428 miserim
601 1373 663 1429 ie:
688 1384 765 1429 cnm
787 1361 945 1428 eduxeris
952 1361 1126 1452 populum
1137 1363 1257 1443 fnienm
1270 1363 1312 1430 de
1324 1366 1500 1455 Aeyypio,

169 1469 363 1538 immolabis
377 1472 446 1536 Deo
461 1489 564 1558 super
579 1481 727 1535 montem
751 1468 856 1535 isium
873 1497 909 1551 u,
926 1470 1029 1536 Hebr.
1051 1467 1204 1536 servietis
1227 1473 1296 1536 Deo
1313 1471 1375 1536 :id
1394 1471 1502 1539 reser-

166 1583 223 1643 tur
240 1575 286 1643 ad
296 1596 436 1643 omnem
446 1573 577 1642 cultum
595 1580 661 1642 lieo
675 1575 712 1641 in
725 1581 842 1643 monte
861 1575 955 1642 Sinai
966 1574 1211 1642 exhibendum.

205 1721 365 1782 Quaeritur,
383 1720 524 1785 quodnam
538 1722 648 1784 signnm
662 1720 690 1770 h.
707 1721 726 1770 l.
743 1719 961 1772 demonstretur.
977 1722 1059 1782 lacn,
1075 1722 1142 1770 Mur.
1156 1721 1269 1783 signum
1285 1722 1504 1786 interpretantur

166 1814 258 1874 ipsum
272 1810 373 1860 rubum
383 1809 542 1870 ardentem
560 1809 610 1859 sed
620 1809 656 1859 de
669 1811 724 1859 boc
735 1810 765 1858 in
777 1809 940 1860 immediato
948 1811 1079 1859 contextu
1092 1821 1270 1872 nequaquam
1284 1813 1376 1873 agitur
1391 1811 1501 1877 (Syia).

168 1899 274 1964 Bonis„
286 1898 373 1962 Syia,
389 1901 444 1949 Pir.
455 1897 787 1962 signumdeprehendunt
797 1899 826 1947 in
834 1899 973 1948 constanti
981 1897 1076 1948 divina
1085 1899 1259 1961 protectione
1269 1912 1400 1963 expressa
1410 1901 1504 1951 verbis

170 2004 181 2036 ι
198 1989 260 2052 Ego
273 2001 322 2038 ero
338 1994 429 2038 tecum
447 2000 478 2048 r;
496 1999 568 2050 quae
585 1987 721 2049 protectio
735 1985 824 2048 Moysi
843 1985 936 2036 lutura
956 1987 993 2036 sit
1005 1987 1118 2049 signum
1133 1998 1201 2036 suae
1219 1986 1331 2037 divinae
1350 1989 1501 2040 missionis.

169 2076 225 2126 Sed
239 2076 359 2127 turmula
380 2094 392 2125 s
410 2077 464 2126 boc
477 2077 529 2126 erit
542 2061 654 2139 sigorim
671 2091 700 2135 r,
716 2075 873 2140 praecedere
898 2077 1044 2126 consuevit
1062 2075 1149 2125 verba
1169 2076 1282 2138 signum
1301 2077 1500 2139 exprimentia;

168 2167 291 2230 itemque
313 2165 505 2228 asyndeticum
525 2163 595 2214 illud
615 2169 748 2244 'mittin
768 2162 904 2226 ostendit,
921 2163 960 2213 ibi
984 2176 1042 2213 non
1061 2165 1250 2214 narrationem
1264 2166 1436 2230 continuari,
1452 2166 1503 2216 sed

168 2255 281 2317 signum
296 2253 415 2304 describi
431 2249 555 2318 (bitin).
571 2252 646 2316 Ergo
667 2253 780 2315 signum
802 2255 912 2323 constat
930 2252 1006 2303 cultu
1027 2254 1057 2302 ln
1071 2252 1166 2303 iuturo
1189 2254 1218 2302 in
1231 2255 1326 2304 monte
1342 2253 1420 2303 Sinai
1442 2255 1502 2305 Deo

168 2342 365 2405 persolvendo.
378 2342 460 2401 Quod
470 2343 592 2405 signum,
604 2345 794 2405 quotempore
807 2341 883 2391 Deus
899 2340 995 2391 erubo
1009 2341 1185 2405 loquebatur,
1197 2342 1321 2392 nondum
1331 2343 1486 2394 exsistebat
1491 2355 1500 2403 ;

169 2431 328 2482 habiturum
342 2434 436 2482 autem
446 2433 506 2480 erat
519 2431 660 2491 valorem,
675 2429 723 2480 ubi
733 2432 853 2494 primum
866 2431 941 2480 esset
953 2431 1160 2481 exstincturum.
1178 2429 1241 2490 Quo
1255 2430 1300 2480 die
1315 2430 1424 2494 Moyses
1438 2444 1502 2482 cum

169 2521 273 2584 populo
297 2533 377 2571 sacra
399 2519 524 2570 tacturus
547 2523 607 2569 erat
631 2519 691 2570 Deo
705 2520 734 2568 ln
750 2524 845 2569 monte
866 2519 959 2580 Sinai,
979 2531 1014 2570 eo
1027 2518 1073 2570 die
1084 2520 1109 2569 is
1123 2520 1215 2568 cultus
1234 2518 1355 2570 aDeoe
1374 2520 1444 2570 rubo
1458 2522 1502 2571 lo·

117 2676 120 2683 ¹
169 2613 271 2673 quante
285 2610 333 2659 diu
347 2610 412 2660 ante
431 2609 644 2672 praenuntiatus
665 2606 886 2658 illustrissimum
902 2605 1013 2658 iuturus
1030 2612 1091 2657 erat
1113 2607 1227 2658 divinae
1241 2607 1346 2670 Moysis
1358 2610 1503 2660 missionis

168 2700 281 2762 signum
296 2699 324 2748 et
338 2702 545 2760 argumentum.
565 2699 611 2758 nt,
627 2697 752 2760 inquies,
771 2695 822 2746 tali
835 2697 917 2759 signo
932 2697 962 2746 ln
972 2694 1066 2747 tuturo
1080 2695 1260 2760 adimplendo
1277 2697 1439 2746 nullatenus
1454 2711 1502 2747 ro-

168 2789 283 2838 boratur
297 2787 421 2848 Moyses,
442 2790 473 2836 ut
487 2783 619 2836 audacter
639 2784 722 2836 adeat
737 2785 926 2835 Pharaonem.
942 2785 1042 2848 Neque
1061 2784 1096 2834 ad
1109 2797 1174 2834 enm
1190 2781 1275 2835 tinem
1296 2786 1408 2848 signum
1427 2798 1503 2835 nunc

168 2876 264 2936 datur,
282 2881 314 2925 ut
331 2877 473 2938 sapienter
486 2878 583 2925 monet
602 2872 701 2936 calm,
721 2871 756 2924 ad
778 2874 956 2924 Pharaonem
974 2873 1135 2924 adeundum
1157 2873 1268 2924 abunde
1293 2872 1503 2924 confortabatur

167 2965 279 3029 Moyses
293 2965 375 3027 signo
388 2963 451 3013 rubi
465 2962 604 3024 ardentis,
618 2975 711 3027 neque
729 2963 818 3012 altero
833 2961 868 3012 ad
883 2963 938 3013 hoc
948 2961 1023 3012 idem
1037 2963 1120 3025 signo
1134 2975 1207 3026 opus
1220 2965 1291 3012 erat.
1310 2961 1399 3024 Signo
1408 2965 1503 3012 autem

169 3053 259 3103 cuitus
274 3055 302 3102 in
318 3054 413 3103 monte
429 3051 507 3102 Sinai
522 3050 674 3116 aliquando
689 3050 812 3101 obeundi
825 3049 994 3101 concedetur
1003 3051 1057 3114 ipsi
1069 3050 1186 3100 illustris
1197 3063 1266 3101 silae
1277 3051 1420 3100 missionis
1434 3063 1503 3100 con·

168 3141 289 3192 firmatio
304 3153 337 3192 co
352 3142 476 3205 praecise
490 3141 699 3204 temporarius
713 3140 815 3202 ipsein
830 3141 871 3188 tot
884 3138 995 3202 iegibus
1010 3139 1097 3189 sacris
1111 3138 1235 3188 terendis
1248 3138 1446 3202 religiosisque
1462 3139 1503 3188 in-

168 3231 273 3280 stitutis
289 3229 464 3280 stabiliendis
476 3226 592 3291 speciali
604 3228 705 3277 robore
721 3229 748 3276 et
762 3227 928 3276 auctoritate
942 3225 1088 3290 indigebit.
1105 3226 1263 3278 Roboretur
1284 3230 1379 3276 tamen
1393 3226 1504 3288 Moyses

168 3318 373 3384 quadamtenus
387 3318 472 3368 etiam
487 3317 516 3366 lu
531 3317 681 3380 praesenti.
700 3313 771 3366 Cum
786 3328 826 3366 sc.
843 3315 879 3365 ob
894 3317 1007 3378 signum
1018 3314 1082 3365 rubi
1095 3314 1156 3366 Deo
1166 3316 1222 3365 iam
1237 3315 1359 3379 perfecte
1374 3313 1456 3376 fidat,
1468 3315 1503 3365 de

169 3409 251 3470 signo
272 3407 362 3457 cultus
377 3405 517 3469 promisso
532 3404 685 3468 aliquando
704 3402 846 3467 implendo
867 3416 904 3454 ne
919 3404 1066 3453 minimum
1090 3403 1204 3467 quidem
1225 3404 1346 3465 dubitat,
1363 3409 1448 3467 atque
1465 3405 1504 3453 ite

169 3497 249 3546 suavi
263 3494 388 3560 repletur
399 3493 501 3544 fiducia
515 3494 600 3556 atquc
612 3492 647 3542 ad
662 3504 799 3556 generose
813 3491 955 3555 agendum
970 3498 1148 3555 provocatur.

386 3694 424 3746 11.
443 3693 559 3742 DIVINI
576 3691 724 3743 cons1b11
741 3692 891 3741 PLENIOR
907 3692 1114 3740 EXPLIOATIO
1130 3693 1177 3742 Ex.
1194 3695 1296 3754 nie-m.

213 3841 297 3927 Arq.
320 3875 363 3886 —
392 3841 517 3922 Moyses
540 3835 662 3925 nequit
685 3835 825 3902 nomine
848 3835 907 3901 liei
928 3833 1093 3921 anonymi
1112 3834 1235 3924 populi
1260 3834 1502 3902 liberationem

169 3943 342 4033 postulare
359 3964 367 4009 :
389 3963 472 4028 ergo
487 3941 544 4010 Dei
564 3963 688 4007 nonam
704 3941 888 4030 proprium
901 3946 1080 4030 tamqnam
1094 3962 1177 4008 suae
1192 3941 1375 4027 legationis
1389 3947 1503 4008 aucto-

169 4049 305 4118 ritatem
320 4047 480 4138 exquirit.
500 4047 685 4115 Revelatur
700 4047 747 4127 ei,
767 4047 861 4136 quod
872 4046 938 4113 sibi
956 4047 1097 4114 iamiam
1112 4053 1198 4114 Deus
1210 4048 1390 4137 proprium
1403 4047 1500 4129 iacit,

168 4177 297 4224 nomen
314 4156 416 4223 lahve
436 4177 469 4221 v.
495 4159 610 4222 13-15.
628 4153 772 4221 Nomine
788 4153 891 4220 lahve
903 4153 962 4220 Dei
977 4153 1178 4221 mandatum
1191 4158 1318 4242 Moyses
1331 4153 1376 4221 ad
1390 4176 1503 4245 popu-

169 4261 242 4329 lum
259 4263 390 4330 deferet
403 4285 436 4330 v.
459 4266 589 4344 iti-18¹,
611 4282 715 4350 quem
735 4259 879 4326 habebit
899 4260 1165 4350 obsequentem,
1183 4260 1276 4328 etad
1291 4261 1502 4328 Pharaonem

168 4390 201 4436 v.
222 4369 351 4451 fflsffl,
368 4368 428 4457 qui
446 4367 613 4457 portentis
626 4365 671 4434 ad
687 4365 947 4456 obsequendum
968 4366 1205 4457 compelletur.

385 4597 414 4656 1.
436 4591 569 4657 Nomen
587 4589 689 4657 [ahoe
708 4611 730 4656 a
744 4591 813 4656 Deo
833 4601 1048 4680 assrcmptnm
1064 4594 1120 4656 iix.
1139 4594 1293 4670 ala-15.

215 4759 333 4827 llivino
356 4759 521 4850 promisso
544 4759 687 4842 auxilio,
709 4758 761 4826 uti
780 4759 882 4826 etiam
903 4763 1175 4847 praemonstrato
1197 4758 1312 4826 futuro
1335 4779 1396 4823 suo
1423 4775 1501 4822 cum
