3534 5384
276 396 295 453 1
835 402 1048 450 mmonucrro.

157 529 161 536 ¹
265 543 321 609 ’11)
340 541 575 608 Hebraeorum
594 563 633 607 ex
651 544 807 628 Aegypto
822 539 1064 626 emigratione,
1080 544 1237 609 Λευιτικὸν
1257 562 1277 607 a
1293 533 1430 627 legibus
1447 540 1491 607 ad
1509 563 1606 610 sacra

275 647 524 738 spectantibus3
547 645 609 727 ubi
628 651 745 713 tamen
760 645 874 735 aptior
893 644 1128 712 Rabbinorum
1143 646 1329 736 appellatio
1348 673 1366 708 e
1381 647 1482 714 Liber
1497 669 1606 715 sacer·

277 753 394 822 dotum
414 781 445 832 »‚
462 775 538 820 eum
554 757 632 820 LeV.
650 753 834 818 levitarum
851 752 1053 819 electionem
1073 759 1108 818 et
1119 774 1263 820 munera
1275 753 1425 840 ignoret.

320 859 622 948 Distinguehamus
642 859 680 925 in
698 861 818 925 Genesi
833 858 901 926 duo
924 858 1132 927 narrationis
1151 859 1383 949 disponendae
1398 860 1575 951 principia
1593 885 1602 928 ε

190 999 194 1008 ’
273 966 506 1056 91111εαί19111,
520 988 540 1032 a
553 965 678 1055 quibus
688 971 854 1056 petuntur
862 964 944 1032 libri
956 965 1139 1033 divisiones
1149 965 1359 1055 principales
1369 966 1601 1056 (Theledoth),

274 1079 307 1140 et
322 1072 503 1140 itinerario
518 1073 575 1162 (cf.
592 1077 780 1140 comment.
792 1095 827 1162 p.
840 1078 882 1138 29
896 1072 1000 1161 sqq),
1015 1072 1155 1162 quibua,
1169 1072 1377 1163 ubicumque
1391 1096 1509 1144 rerum
1522 1097 1603 1141 nar-

273 1181 461 1248 randarum
473 1178 561 1246 ratio
574 1178 762 1268 permittit,
774 1178 967 1245 adhaerent
980 1199 1187 1266 magnorum
1203 1178 1310 1246 trium
1326 1180 1602 1269 patriarcharum

273 1289 374 1354 vitae.
395 1285 633 1376 Antiquissimi
647 1308 694 1352 sc.
710 1285 764 1352 illi
782 1285 1003 1352 historiarum
1022 1290 1219 1352 narratores
1239 1287 1377 1353 tramite
1397 1287 1604 1354 incedebant

273 1394 422 1460 maxime
444 1392 562 1475 obvio,
580 1397 724 1459 eventus
742 1392 954 1459 successione
970 1397 1004 1458 et
1026 1403 1216 1480 temporum
1233 1392 1487 1483 (genealogiae)
1508 1401 1543 1461 et
1556 1394 1605 1461 lo

272 1523 390 1568 corum
411 1499 617 1590 (itineraria)
634 1499 783 1566 invicem
799 1497 1011 1588 copulantes.
1030 1498 1212 1566 Deficiente
1229 1521 1334 1588 porro
1348 1499 1384 1565 in
1404 1505 1462 1568 Ex.
1477 1507 1512 1566 et
1526 1505 1601 1568 Lev.

271 1607 494 1696 genealogia,
512 1606 633 1673 unicae
648 1605 777 1697 quippe
790 1605 1023 1692 generationis
1034 1606 1104 1671 fata
1116 1627 1186 1672 non
1197 1606 1334 1694 integra
1347 1606 1601 1690 describuntur,

270 1714 422 1781 narratio
438 1713 499 1779 uni
514 1703 679 1780 adhaeret
694 1710 892 1792 itinerario,
910 1712 1008 1798 cujus
1019 1712 1184 1779 stationes
1197 1713 1403 1803 compendio
1416 1713 1604 1804 descriptas

270 1820 378 1888 habes
398 1823 498 1887 Num.
519 1825 669 1901 33,1-15.
694 1823 781 1898 Quas
799 1823 856 1885 Ex.
878 1839 997 1884 omnes
1012 1840 1052 1884 ex
1071 1818 1192 1885 ordine
1206 1825 1408 1908 pertractet,
1425 1820 1537 1887 tribus
1551 1843 1605 1886 ex-

270 1927 393 2016 ceptis,
409 1927 446 1992 in
464 1925 589 2015 quibus
603 1925 695 1992 nihil
713 1921 1041 2011 memoria'dignum
1058 1930 1171 1993 actum
1187 1947 1258 1992 esse
1275 1925 1420 1993 videtur.
1440 1930 1525 1994 Sunt
1536 1927 1604 2015 igi-

270 2038 327 2099 tur
340 2033 502 2100 stationes
513 2035 690 2121 Aegyptus
704 2033 772 2121 (Ex.
794 2031 997 2120 selaeu),
1013 2036 1182 2113 Ramesse,
1195 2031 1320 2098 Soooth
1340 2032 1601 2122 (lusu-mne),

271 2140 392 2207 Etham
413 2141 625 2227 (1331112),
642 2137 888 2218 Phihehiroth,
906 2141 996 2205 llara
1010 2137 1255 2226 (rel-1536),
1277 2137 1364 2204 ulim
1381 2139 1524 2228 (1527),
1544 2140 1604 2206 de-

271 2250 400 2313 sertum
414 2245 477 2312 Sin
495 2249 572 2330 (Ex.
593 2242 665 2331 16),
684 2243 869 2334 Rephidim
884 2244 960 2334 (Ex.
982 2251 1023 2312 1'1
1037 2246 1116 2334 sq),
1131 2244 1307 2312 desertum
1320 2246 1430 2328 Sinai,
1448 2246 1510 2313 ubi
1521 2245 1604 2313 reli-

271 2349 477 2440 quaomnia
503 2373 594 2440 quae
621 2354 807 2418 narrantur
835 2358 911 2418 acta
944 2357 1035 2418 sunt.
1064 2350 1179 2433 Vides,
1205 2372 1277 2418 non
1299 2372 1418 2418 omnes
1443 2352 1603 2420 stationes

269 2478 379 2546 aeque
404 2456 652 2524 memorabiles
680 2455 859 2534 exstitisse3
876 2458 912 2522 in
941 2455 1115 2546 aliquibus
1144 2457 1260 2535 brevi,
1277 2458 1316 2524 in
1347 2456 1424 2524 aliis
1446 2457 1602 2544 longiore

269 2569 424 2653 tempore
446 2562 631 2630 substitere
653 2563 808 2630 Hebraei.
823 2561 979 2630 Narratio
999 2562 1204 2631 stationibus
1219 2563 1405 2630 inhaerens
1425 2569 1474 2630 est
1494 2565 1603 2632 instar

270 2668 449 2736 cuiusdam
470 2690 679 2756 magnorum
701 2670 843 2736 illorum
868 2668 1003 2737 Africae
1026 2669 1201 2738 interioris
1226 2669 1398 2752 amnium,
1421 2671 1483 2760 qui
1504 2670 1604 2738 modo

269 2775 361 2844 inter
375 2780 539 2862 angustas
552 2775 645 2866 ripas
666 2775 773 2843 veluti
795 2775 838 2841 de
853 2775 999 2843 statione
1021 2776 1057 2843 in
1075 2776 1258 2843 stationem
1276 2785 1478 2866 properant,
1498 2776 1603 2844 modo

268 2882 307 2948 in
326 2889 437 2949 vastos
458 2903 498 2948 ac
517 2883 589 2949 fere
610 2883 813 2950 interminos
832 2882 927 2949 lacus
950 2882 1152 2967 dilatantur,
1168 2882 1227 2948 hio
1244 2904 1388 2972 paucas,
1411 2881 1461 2948 ibi
1480 2884 1603 2951 multas

269 2987 399 3055 insulas
430 2988 683 3056 circumfluunt.
703 2988 913 3056 Narrationis
940 2988 1127 3079 inspiratae
1157 2995 1273 3079 partes
1305 2989 1497 3056 necessario
1522 2995 1604 3057 sunt

271 3093 370 3160 valde
383 3093 600 3188 inaequales-3
614 3117 677 3162 nos
689 3095 840 3162 minores
852 3095 1014 3162 stationes
1025 3096 1063 3162 in
1076 3116 1184 3180 unum
1193 3095 1410 3182 colligentes,
1422 3103 1602 3185 sequentes

270 3201 509 3267 commentarii
525 3203 703 3268 statuimus
718 3206 833 3290 partes
849 3221 857 3268 :
876 3207 953 3268 acta
974 3201 1090 3290 Moysis
1104 3202 1139 3268 in
1158 3205 1312 3292 Aegypto
1328 3207 1386 3269 Ex.
1408 3207 1598 3284 1,1-12,36;

270 3306 336 3372 iter
354 3329 395 3372 ex
412 3310 570 3395 Aegypto
584 3307 620 3374 in
636 3307 728 3374 Sinai
742 3313 799 3375 Ex.
819 3313 1056 3390 12,37-23‚33;
1071 3306 1153 3375 novi
1171 3307 1355 3376 sanctuarii
1371 3313 1405 3374 et
1417 3307 1601 3375 sacerdotii

270 3413 437 3480 institutio
457 3415 513 3478 Ex.
532 3417 672 3481 ot-Lev.
691 3420 751 3496 10;
770 3413 864 3500 loges
878 3413 996 3481 variae
1011 3419 1089 3483 Lev.
1107 3419 1224 3482 11-27.

315 3518 418 3585 Aliud
427 3519 508 3585 item
520 3520 556 3585 in
566 3519 761 3588 narratione
773 3519 934 3587 historica
941 3520 1048 3587 Exodi
1061 3525 1111 3587 est
1118 3520 1316 3602 observare,
1327 3521 1421 3610 quod
1431 3522 1466 3586 in
1482 3523 1601 3589 Genesi

270 3625 476 3702 notabamus
497 3624 521 3691 l.
534 3647 564 3691 o.
580 3647 617 3715 p.
632 3631 672 3692 lt
688 3646 786 3716 sqq:
807 3654 823 3688 «
849 3631 1007 3693 constans
1026 3627 1177 3694 studium
1201 3633 1341 3694 narrata
1366 3626 1601 3714 coniungendi
1701 3671 1705 3680 -

270 3731 372 3797 certis
384 3731 484 3812 locis,
503 3732 749 3812 monumentis,
764 3733 963 3800 nominihus
979 3740 1051 3800 tam
1065 3732 1219 3800 locorum
1238 3755 1343 3823 quam
1357 3755 1598 3822 personarum,

271 3843 448 3926 tamquam
460 3837 667 3904 adiumentis
677 3839 961 3907 mnemoneuticis
974 3867 1005 3906 o.
1016 3840 1123 3907 Phase
1134 3845 1192 3907 Ex.
1205 3846 1246 3908 12
1255 3840 1446 3907 instituitur
1455 3863 1519 3930 pro
1530 3861 1602 3905 me·

270 3943 406 4010 moriali
433 3949 642 4011 servatorum
664 3944 992 4034 primogenitorum
1016 3968 1138 4034 azyma
1164 3953 1197 4012 et
1223 3946 1457 4036 primogenita
1476 3951 1534 4014 Ex.
1559 3952 1598 4011 13

211 4073 214 4079 ’
268 4054 465 4117 statuuntur
488 4049 704 4118 memorialia
729 4051 959 4136 liberationis3
977 4052 1111 4142 aliquid
1134 4073 1281 4120 mannae
1306 4059 1404 4137 16,33
1427 4075 1478 4144 sq.
1494 4073 1600 4120 asser-

268 4156 342 4222 vari
363 4155 504 4223 iubetur
522 4155 561 4223 in
583 4157 788 4226 sanctuario.
806 4165 846 4226 ln
868 4159 942 4248 ipso
967 4159 1070 4246 adyto
1084 4159 1285 4226 reconditur
1298 4186 1315 4221 «
1330 4159 1563 4226 testimonium
1580 4186 1597 4220 a

269 4261 399 4350 (25313
415 4262 459 4331 ol.
476 4262 565 4333 adv.
584 4266 648 4350 16),
661 4265 754 4355 quod
768 4266 878 4352 igitur
890 4266 1004 4355 ipsum
1017 4288 1095 4332 cum
1105 4268 1265 4333 universo
1281 4266 1476 4334 sanctuario
1490 4266 1599 4333 omni·

268 4367 401 4458 busque
425 4369 531 4437 saeris
544 4371 692 4438 efficitur
706 4371 906 4439 memoriale
924 4372 1073 4439 foederis
1091 4372 1130 4438 in
1154 4372 1248 4440 Sinai
1267 4373 1371 4462 pacti.
1396 4379 1484 4454 huo,
1501 4372 1539 4438 in
1556 4371 1599 4439 iis

268 4475 370 4542 etiam
379 4474 464 4555 locis
477 4477 645 4545 eiusmodi
656 4478 872 4546 memorialia
883 4483 1118 4562 exstruuntur,
1130 4477 1189 4546 ubi
1201 4479 1346 4546 Hebraei
1355 4479 1452 4546 brevi
1462 4485 1596 4546 tantum
1725 4557 1728 4563 ¹

267 4587 423 4671 tempore
439 4591 538 4652 erent
549 4587 715 4652 moraturi
729 4607 842 4674 neque
857 4587 1078 4675 postmodum
1093 4585 1239 4654 redituri
1253 4608 1261 4654 :
1275 4585 1384 4653 altare
1398 4586 1501 4652 lahve
1512 4585 1598 4653 Nissi

266 4690 302 4754 in
321 4689 411 4756 vallo
430 4690 612 4778 Rephidim
630 4698 729 4771 17,st
745 4714 818 4782 sqq.
840 4697 1016 4782 tamquam
1035 4692 1236 4759 memoriale
1259 4692 1413 4760 tusorum
1431 4690 1597 4760 1111111111-

264 4802 393 4878 tarum,
413 4803 446 4862 et
467 4797 614 4865 alterum
634 4799 742 4866 altare
755 4811 839 4866 'cum
863 4798 1050 4865 duodecim
1072 4797 1179 4866 titulis
1196 4804 1275 4882 etp
1294 4797 1332 4866 in
1350 4804 1468 4867 monte
1488 4799 1594 4867 Sinai.
