3534 5384
755 397 805 440 Ex.
827 383 920 454 3215
944 397 1009 449 suo.

460 626 492 687 3.
514 618 642 707 Moysis
660 617 702 685 de
720 630 834 686 utoutc
854 617 1033 685 descensus
1052 622 1108 685 Ex.
1135 622 1315 699 sans-us.

263 827 345 914 Arq.
363 862 409 876 -
427 828 614 914 Conspecta
631 824 751 914 populi
770 822 1010 913 superstitione
1027 826 1153 910 Moyses
1174 822 1309 889 tabulas
1329 823 1483 912 proiicit,
1500 825 1553 890 vi-

219 931 330 999 tulum
352 930 570 1012 comminuit,
592 952 656 1020 pro
672 952 734 997 sua
747 929 870 997 iudicis
892 928 1094 997 auctoritate
1115 928 1262 997 sontium
1284 928 1349 996 tria
1371 929 1481 997 millia
1498 932 1553 996 in-

219 1035 359 1119 terimit,
375 1038 501 1129 partim
513 1038 552 1104 in
560 1037 687 1104 iustam
695 1034 834 1105 sceleris
848 1056 1007 1126 poenam,
1023 1035 1151 1126 partim
1167 1058 1235 1125 quo
1249 1035 1421 1102 efficacius
1434 1042 1552 1126 postea

220 1143 359 1235 plenam
371 1166 436 1234 pro
454 1142 583 1235 populo
598 1144 735 1210 veniam
751 1142 957 1232 expostulet,
976 1141 1050 1231 qui,
1067 1163 1144 1209 cum
1161 1140 1322 1208 omnibus
1344 1146 1431 1209 Deus
1447 1144 1553 1221 vitam

222 1249 455 1332 concessisset,
479 1250 662 1317 hominum
692 1248 758 1316 tria
787 1247 898 1315 millia
927 1248 1156 1315 voluntariam
1184 1248 1291 1316 veluti
1322 1248 1552 1339 expiationem

223 1355 457 1424 interemisset.
471 1355 579 1423 llahet
594 1354 723 1445 quippe
737 1354 864 1421 favoris
877 1354 1073 1445 postulandi
1086 1352 1139 1421 ius
1153 1354 1223 1439 ille,
1240 1354 1300 1445 qui
1310 1360 1554 1446 praeterpaeta

182 1516 185 1524 .
223 1462 490 1531 satisfactionem
507 1462 674 1552 persolvit
693 1462 738 1544 ei,
760 1482 865 1550 quem
884 1462 1089 1529 offenderat.
1109 1508 1112 1514 -

267 1592 299 1637 v.
320 1575 360 1637 15
378 1597 394 1630 n
411 1572 457 1636 Et
470 1591 624 1635 reuersus
636 1580 685 1634 est
702 1569 834 1656 Moyses
846 1566 887 1634 dc
902 1580 1033 1655 moute,
1046 1578 1193 1659 pectens
1210 1566 1297 1635 dicus
1313 1569 1447 1636 tubulus
1461 1570 1554 1636 testi-

224 1675 334 1743 monii
354 1674 391 1742 iu
404 1698 511 1743 mauu
525 1697 605 1759 suu,
621 1674 767 1764 scriyrtus
781 1697 823 1742 eu
838 1687 984 1763 tetreque
993 1687 1096 1765 parve
1121 1702 1135 1734 n
1158 1714 1202 1724 -
1221 1676 1325 1743 etiam
1340 1677 1554 1763 Assyriorum

224 1782 340 1871 plures
359 1782 580 1871 reperiuntur
593 1781 719 1848 lateres
741 1804 782 1847 ex
797 1785 942 1870 utraque
957 1784 1055 1871 parte
1069 1781 1201 1870 scripti.
1222 1781 1388 1849 Videntur
1407 1781 1487 1848 illae
1504 1787 1555 1847 ta-

223 1887 326 1955 bulae
345 1887 447 1955 fuisse
466 1909 537 1954 non
558 1888 608 1955 ita
627 1908 793 1974 magnae,
815 1909 884 1976 quo
905 1887 1038 1955 facilius
1057 1911 1079 1954 a
1096 1892 1204 1975 Moyse
1222 1892 1456 1975 portarentur.
1481 1893 1556 1954 Non

223 1994 407 2078 dabantur,
425 2016 494 2083 quo
516 1993 560 2061 ab
575 1993 735 2061 omnibus
751 1993 822 2081 legi
836 1999 975 2083 possent
992 1992 1171 2074 mandata,
1192 2015 1272 2060 cum
1287 1992 1429 2061 tabulae
1445 1999 1555 2061 essent

222 2099 313 2167 intra
325 2122 440 2169 arcam
458 2099 703 2183 asservandae,
720 2099 779 2167 sed
796 2122 865 2190 quo
883 2104 993 2167 essent
1008 2099 1147 2167 tabulae
1163 2106 1407 2187 argumentum
1426 2101 1516 2187 legis
1536 2124 1554 2166 a

225 2211 292 2273 Deo
315 2212 526 2297 acceptaret
549 2204 696 2274 foederis
713 2206 805 2272 initi.
836 2205 1010 2283 Quomodo
1033 2204 1199 2293 mandata
1220 2205 1338 2274 decem
1364 2207 1491 2273 fuerint
1520 2208 1556 2271 in

226 2312 310 2380 duas
328 2313 465 2380 tabulas
484 2312 680 2395 distributa,
702 2312 922 2379 discussimus
940 2334 975 2403 p.
996 2316 1058 2379 189
1081 2334 1088 2380 :
1111 2312 1196 2401 quid
1214 2335 1295 2379 vero
1313 2314 1351 2379 in
1370 2335 1450 2395 una,
1473 2313 1556 2402 quid

225 2418 262 2485 in
275 2419 383 2486 altera
401 2417 555 2486 eiusdem
568 2418 710 2486 tabulae
727 2422 824 2509 parte
839 2419 1002 2507 seriptum
1018 2419 1142 2503 fuerit,
1159 2422 1305 2486 scrutari
1326 2421 1472 2486 otiosum
1492 2425 1552 2487 est.

227 2525 274 2593 ul.
294 2523 405 2593 Catu.
422 2565 467 2575 -
486 2548 520 2592 v.
544 2531 584 2592 16
611 2553 627 2587 «
649 2537 681 2592 ct
698 2526 812 2614 suctos
832 2546 932 2615 opere
952 2524 1036 2611 Dci,·
1051 2525 1220 2615 scripturo
1243 2549 1378 2616 qvcuquc
1402 2527 1466 2591 Dei
1484 2538 1556 2591 erut

226 2632 358 2723 succursu
379 2631 417 2698 iu
431 2631 558 2698 tubulis
576 2659 605 2697 n.
624 2636 705 2698 Tam
725 2630 865 2698 tabulae
887 2632 981 2720 ipsae
1003 2652 1106 2721 quam
1130 2632 1300 2721 scriptura
1322 2638 1423 2699 aDeo
1443 2639 1553 2699 erant.

226 2761 259 2806 v.
286 2746 359 2805 17«
383 2737 536 2805 Audiens
555 2750 670 2805 eutem
686 2740 783 2804 Iosue
798 2737 985 2803 tctmecltum
994 2737 1123 2827 poptclc'
1138 2738 1379 2824 vociferantis,
1403 2737 1492 2803 cleu-ic
1511 2739 1559 2803 nd

227 2847 369 2932 Moysen
390 2872 420 2925 »,
439 2844 582 2932 ignarus
596 2866 727 2925 eorum,
744 2866 832 2933 quae
853 2868 886 2909 v.
905 2850 924 2911 8
946 2848 1034 2910 Deus
1055 2843 1186 2910 dixerat
1205 2846 1305 2932 Moysi
1328 2865 1334 2911 :
1360 2872 1375 2903 «
1398 2844 1555 2909 lllnlunn

223 2972 361 3038 puyuuc
383 2950 525 3017 cuditur
543 2950 718 3017 incastris
745 2978 776 3016 n.
797 2974 829 3017 v.
851 2955 891 3015 18
915 2978 929 3010 «ι
953 2950 1021 3030 Qrci
1035 2949 1214 3039 respondit
1234 2972 1246 3013 .·
1261 2952 1338 3016 Nun
1360 2962 1408 3015 cst
1427 2950 1556 3016 clunem·

227 3054 486 3122 adhortantium
506 3056 555 3121 ud
571 3078 748 3147 puyuum,
771 3078 882 3145 neque
904 3054 1104 3143 uociferatio
1126 3056 1406 3146 eoncpellculium
1430 3055 1477 3122 ed
1493 3060 1555 3143 su-

227 3183 309 3251 qum
342 3160 433 3229 :scd
454 3184 567 3229 vocem
596 3163 813 3234 cantantium
836 3186 898 3252 epo
922 3161 1028 3228 aridio
1059 3191 1087 3230 ».
1116 3168 1242 3250 Moyses
1267 3168 1385 3229 monet
1413 3168 1552 3243 losuen,

226 3267 424 3335 voces‘illas
439 3290 509 3335 esse
531 3267 637 3336 veluti
659 3268 886 3351 alternantes,
905 3290 977 3335 non
999 3276 1115 3336 autem
1137 3292 1209 3336 esse
1230 3270 1438 3336 alternantes
1458 3292 1556 3335 voces

228 3396 358 3457 eorum,
379 3374 439 3463 qui
458 3373 644 3441 certamine
664 3376 839 3442 vincerent
858 3379 918 3441 aut
936 3374 1169 3442 vincerentur.

264 3538 356 3588 Lusus
369 3539 431 3587 nne
445 3536 529 3587 dubio
548 3542 591 3588 est
609 3538 711 3602 aliquis
726 3539 799 3589 inter
813 3543 901 3596 naim
922 3543 992 3596 nisu
1011 3518 1077 3620 inp,
1095 3518 1198 3594 neuin
1217 3544 1288 3597 nux
1306 3518 1358 3623 ny
1379 3546 1406 3589 u
1421 3544 1491 3597 niis
1506 3536 1556 3619 up

229 3622 275 3692 (cl.
292 3625 381 3686 17,11.
398 3623 451 3691 13).
468 3626 507 3677 Ut
524 3638 589 3676 vero
608 3626 718 3689 Moyses
737 3626 931 3690 indignatione
951 3627 1136 3677 exardescens
1154 3644 1165 3675 c
1183 3628 1282 3677 luserit
1302 3630 1378 3676 tenni
1398 3626 1557 3677 discrimine

228 3715 302 3765 inter
315 3715 371 3777 piel
386 3716 413 3765 et
430 3715 477 3765 kal
493 3731 505 3762 r
524 3713 651 3779 (villu),
665 3718 712 3765 vix
731 3720 774 3765 est
793 3715 935 3765 credibile.
953 3715 995 3765 lta
1011 3716 1110 3765 tamen
1124 3722 1294 3778 punctavere
1314 3716 1442 3765 ultimam
1460 3728 1558 3763 vocem

231 3804 327 3853 Moror.
355 3802 442 3866 Vale,
464 3799 544 3877 iiiii.
566 3802 614 3853 Uti
637 3804 834 3867 praecedentia
858 3804 913 3853 duo
930 3797 1001 3877 nisit
1016 3806 1187 3865 punctaverc
1209 3805 1258 3867 An.
1277 3809 1390 3855 vertens
1412 3805 1451 3853 uti
1475 3809 1558 3853 antea

228 3905 439 3975 καταλεγόντων,
450 3911 551 3971 symm.
565 3922 640 3958 nune
658 3911 771 3959 vertens
787 3907 931 3967 κακώσεως,
949 3916 976 3958 et
991 3911 1054 3957 LXI
1067 3910 1202 3973 supplens
1220 3922 1323 3960 nomen
1342 3903 1420 3957 οἴνου.
1437 3908 1557 3959 Omnino

229 4010 291 4048 cum
306 3999 378 4047 Sorn.
395 4000 458 4061 Syr.
473 3996 656 4060 praeterenda
670 4000 814 4060 punctatm
833 3990 917 4071 11ῆὲἧὲ
939 4012 944 4045 :
959 4012 1045 4047 uocem
1060 3998 1291 4047 abominationum
1306 4012 1352 4061 eye
1367 3996 1457 4047 audio.

273 4166 305 4208 v.
326 4149 366 4210 19
385 4173 401 4204 «
416 4146 569 4234 Cumque
585 4143 895 4232 appropinquasset
909 4144 956 4210 ud
965 4158 1088 4231 coslun,
1108 4144 1195 4211 cellit
1210 4144 1360 4211 rv'tulum
1375 4156 1407 4210 ct
1423 4143 1558 4228 ederus,

226 4249 402 4338 inuitisque
417 4248 516 4315 uelde
527 4248 692 4339 yrruiiecit
707 4248 748 4315 u'c
763 4273 869 4316 nzccrru
887 4250 1031 4335 lectulus,
1049 4264 1080 4317 el
1096 4252 1262 4341 conssreyit
1275 4274 1331 4317 eus
1346 4250 1393 4318 (cd
1406 4250 1557 4316 redvcens

225 4354 352 4422 montis
375 4384 406 4421 n.
434 4357 614 4422 Rationem
639 4357 790 4442 assignat
816 4356 1028 4439 Theodorei,
1052 4357 1146 4447 quod
1173 4357 1415 4425 existimaverit
1435 4362 1558 4443 Moyses

228 4462 395 4552 populum
418 4461 537 4528 divina
561 4460 779 4548 legislatione
796 4462 998 4549 indignum;
1017 4465 1150 4554 Bonsn,
1173 4487 1242 4553 quo
1264 4463 1348 4531 facti
1370 4464 1557 4554 turpitudi-

229 4590 308 4635 nem
331 4572 555 4654 agnoscerent
577 4568 775 4635 israelitae:
794 4569 854 4657 qui
875 4590 1008 4651 sensus,
1029 4570 1248 4659 quantumvis
1269 4570 1318 4660 pii
1338 4576 1462 4652 essent,
1489 4590 1557 4632 non

231 4673 361 4742 dabant
371 4674 474 4761 Moysi
485 4674 540 4739 c'ccs
552 4674 808 4741 comminuendi
821 4675 986 4743 tabulasa
997 4682 1063 4743 Deo
1074 4676 1392 4766 conscriptasatquo
1403 4675 1554 4741 traditas

230 4783 313 4847 Nota
328 4780 462 4847 tabulas
478 4802 498 4846 a
519 4785 586 4845 Deo
607 4787 709 4862 Muli
726 4802 901 4850 concessas
915 4804 984 4848 esse
1006 4788 1184 4870 tamquam
1204 4782 1449 4848 documentum
1466 4781 1556 4868 pacti
