3534 5384
232 331 269 390 lo
789 343 999 389 mraooucrro.

230 478 408 546 eonsilium
423 476 489 545 sibi
505 476 605 545 vituli
625 477 728 545 etiam
747 477 876 545 cultum
897 477 1006 544 facete
1020 500 1053 543 r.
1075 482 1119 544 22
1133 498 1209 566 sqq.
1227 473 1415 542 condonari
1435 473 1563 541 debere

230 584 352 651 innuit.

269 695 394 780 Moyses
405 690 574 780 idipsum,
593 691 686 780 quod
701 689 864 758 baronia
875 694 990 757 mente
1003 688 1189 770 habuerat,
1204 710 1270 778 pro
1281 687 1437 774 legitima
1449 693 1564 754 aucto-

230 797 329 864 ritate
350 791 424 887 ipse
438 801 614 864 exsecutus
637 804 686 864 est
706 817 716 862 τ
735 795 854 863 levites
868 817 932 886 per
946 795 1059 862 media
1084 801 1195 862 castra
1214 793 1320 860 mittit
1333 792 1564 861 trucidaturos

230 903 439 983 sacerdotes,
462 902 522 991 qui
545 901 676 969 ibidem
696 902 788 970 circa
810 909 908 970 vetus
927 901 1189 969 tabernaculum
1215 900 1454 967 diseubabant.
1476 904 1565 977 Quo-

231 1009 333 1076 modo
348 1009 477 1098 triplici
497 1007 577 1076 dein
595 1009 849 1098 supplicatione
864 1009 995 1076 lahven
1014 1007 1143 1100 populo
1157 1006 1260 1097 plene
1274 1007 1562 1089 reconciliaverit,
1666 1062 1669 1067 ⁴

230 1115 521 1183 Commentarium
536 1115 689 1182 consule.
707 1115 853 1182 Tabulas
868 1114 979 1182 defert
993 1113 1104 1201 digito
1118 1136 1188 1182 non
1202 1114 1272 1180 iam
1288 1113 1406 1193 lahve,
1426 1114 1485 1182 sed
1504 1137 1564 1181 suo

230 1222 429 1312 descriptas.
450 1226 582 1289 Novum
605 1220 837 1289 sanctuarium
860 1220 1019 1288 aedificat
1045 1229 1078 1287 et
1104 1226 1290 1288 consecrat.
1314 1224 1506 1297 Quaerere
1528 1220 1565 1287 in

229 1329 443 1419 privatorum
465 1328 627 1396 manibus
651 1335 829 1418 supererat
852 1327 942 1394 aeris
964 1327 1080 1418 copia,
1103 1327 1178 1395 eius
1200 1333 1290 1395 certe
1314 1326 1463 1394 maxima
1486 1349 1566 1417 pars

127 1482 131 1490 ·
231 1441 345 1519 3839,
362 1458 433 1502 non
452 1433 586 1502 bellicis
599 1433 717 1500 usibus
733 1434 793 1501 sed
813 1434 1008 1502 sanctuario
1022 1433 1178 1501 ornando
1198 1433 1385 1517 destinata,
1401 1433 1438 1500 in
1456 1455 1566 1502 sacer·

230 1542 351 1610 dotum
371 1542 607 1608 aaronieorum
627 1562 749 1608 manus
767 1539 916 1607 transiit.

275 1646 500 1736 Exspectabas
516 1648 749 1714 narrationem
763 1646 857 1714 illico
870 1667 1023 1734 gressum
1037 1667 1108 1713 esse
1123 1646 1293 1713 facturam
1310 1645 1354 1712 ad
1367 1645 1566 1713 describen-

232 1754 313 1821 dam
341 1775 509 1821 novorum
533 1753 750 1820 sacerdotum
778 1753 1070 1820 consecrationem
1099 1773 1107 1820 :
1136 1752 1195 1818 sed
1219 1753 1382 1819 inseritur
1401 1757 1479 1818 Lev.
1499 1759 1565 1818 1-7

234 1859 344 1926 Thera
357 1857 617 1949 Sacrificiorum
631 1859 676 1926 ob
691 1881 767 1927 eam
783 1859 1000 1949 potissimum
1019 1859 1204 1939 rationem,
1222 1857 1316 1948 quod
1332 1857 1368 1924 in
1391 1881 1433 1925 ea
1449 1880 1566 1926 conse-
1629 1883 1632 1888 ·

231 1965 383 2033 eratione
394 1965 561 2032 sacrificia
571 1966 672 2055 plura
688 1972 801 2032 essent
816 1964 1004 2048 offerenda,
1015 1963 1162 2054 ideoque
1180 1985 1301 2032 eorum
1313 1963 1566 2032 offerendorum

231 2072 319 2140 ritu's
342 2076 420 2138 ante
443 2073 734 2138 consecrationem
753 2073 893 2138 nomine
918 2072 1020 2138 lahve
1044 2078 1128 2138 esset
1151 2069 1440 2161 promulgandas.
1463 2075 1568 2157 Leges

231 2177 266 2243 h.
287 2178 309 2246 l.
327 2177 582 2260 describuntur,
601 2179 684 2266 quia
701 2182 777 2267 post
793 2178 979 2245 sanctuarii
1002 2183 1131 2244 etanta
1151 2177 1369 2244 sacerdotum
1390 2199 1566 2245 eonsecra-

230 2284 360 2350 tioncm
375 2285 470 2350 luere
486 2285 739 2373 promulgatae.
757 2283 907 2350 Tandem
927 2287 1005 2350 Lev.
1025 2290 1047 2350 8
1061 2291 1173 2350 Aaron
1189 2290 1222 2350 et
1233 2283 1297 2350 filii
1311 2287 1563 2364 consecrantur,

231 2394 310 2458 Lev.
328 2395 349 2455 9
373 2411 491 2456 eorum
514 2390 627 2480 prima
648 2388 815 2456 sacrificia
833 2389 961 2476 insigni
982 2388 1147 2456 miraculo
1168 2391 1406 2472 honestantur,
1424 2395 1500 2457 ch.
1525 2396 1566 2455 10

230 2494 411 2563 sacerdotii
425 2495 577 2563 aaroniei
588 2495 766 2582 neglectus
776 2499 936 2586 portento
947 2496 1091 2583 punitur
1100 2495 1272 2585 simulque
1284 2502 1396 2563 Aaron
1406 2494 1567 2563 acerbam

231 2622 376 2691 poenam
392 2601 458 2667 fert
470 2622 600 2684 eornm,
616 2623 705 2691 quae
719 2624 795 2690 cap.
814 2607 856 2666 32
866 2600 1101 2690 superstitiose
1112 2607 1146 2668 et
1157 2601 1321 2669 insidiose
1331 2607 1462 2690 egerat.
1479 2607 1566 2668 Sane

231 2709 333 2774 buius
352 2707 529 2774 universae
550 2711 605 2775 Ex.
623 2711 776 2775 nt-tev.
797 2714 837 2774 10
856 2706 1067 2775 narrationis
1085 2707 1174 2775 mira
1192 2713 1242 2774 est
1261 2708 1385 2775 unitas.

618 2929 650 2987 6.
677 2920 776 2987 Liber
799 2922 931 3010 Leptam
953 2926 1032 2988 ch.
1061 2927 1176 2988 11-27.

277 3138 345 3200 Hoc
359 3135 518 3216 nomine,
535 3133 626 3223 qnod
649 3131 836 3222 respondet
849 3133 949 3201 alteri
968 3139 1024 3201 Ex.
1042 3140 1121 3217 blod
1139 3161 1155 3194 a
1176 3134 1277 3201 Liber
1291 3134 1450 3202 Foederis
1466 3163 1482 3196 o
1503 3157 1566 3225 pro

231 3245 287 3306 Ex.
309 3245 533 3322 butt-2333
558 3244 699 3320 statuto,
720 3239 984 3329 complectimur
1001 3239 1096 3326 leges
1119 3244 1451 3318 Lev.11-27.Quae
1476 3249 1511 3308 et
1531 3243 1566 3308 in

231 3345 323 3414 Sinai
348 3345 458 3412 editae
480 3367 552 3412 esse
579 3351 682 3429 26,t5
707 3351 740 3411 et
762 3351 864 3427 Μή
892 3345 950 3435 (ef.
972 3346 1042 3434 1‚1)
1066 3346 1277 3425 scribuntur,
1296 3352 1330 3414 et
1356 3346 1567 3436 quibusdam

231 3451 411 3518 eventibus
430 3457 503 3533 16,t
524 3456 557 3517 ct
572 3456 674 3532 2t,10
694 3473 768 3541 sqq.
787 3451 1006 3541 copulantur,
1029 3457 1066 3518 ut
1084 3451 1335 3519 sensusobvius
1351 3459 1443 3519 certe
1463 3453 1493 3520 is
1509 3455 1564 3536 sit,

231 3558 469 3647 promulgatas
491 3556 542 3624 ibi
571 3580 641 3625 esse
665 3579 721 3623 eas
744 3557 838 3644 leges
863 3580 920 3640 eo,
944 3579 1013 3647 quo
1034 3564 1263 3641 recensentur,
1286 3559 1407 3626 ordine
1432 3560 1566 3650 illisque

230 3664 417 3731 interiectis
432 3662 623 3731 eventibus.
642 3663 705 3740 Qui
717 3685 834 3730 sensus
853 3663 918 3731 erit
937 3664 1151 3747 retinendus,
1173 3664 1209 3730 ni
1228 3687 1351 3752 graves
1365 3665 1500 3734 obstent
1515 3689 1568 3734 ra-

230 3770 340 3836 tiones
356 3793 363 3838 :
382 3793 520 3854 verum,
539 3776 674 3837 tantum
689 3769 786 3836 abest
801 3773 840 3836 ut
859 3791 983 3856 graves
997 3770 1133 3836 obstent
1148 3771 1314 3854 rationes,
1331 3778 1370 3839 nt
1384 3773 1498 3862 potius
1511 3795 1565 3840 ra-

231 3876 339 3944 tiones
360 3877 496 3966 aliquae
525 3898 595 3943 non
620 3875 833 3965 spernendae
858 3875 960 3942 illurn
983 3898 1120 3943 sensnm
1142 3878 1358 3946 confirment.
1383 3884 1454 3956 Quo
1482 3901 1566 3946 aevo

232 3983 464 4050 Hebraeorum
484 3981 603 4050 literae
619 3984 656 4049 in
671 3981 853 4049 cunabulis
868 3982 1125 4072 quodammodo
1144 3983 1258 4051 adbuc
1272 3983 1509 4066 versabantur,
1525 4008 1566 4051 eo

233 4088 423 4156 credendus
439 4096 488 4155 est
503 4088 650 4178 scriptor
668 4090 742 4155 sine
757 4094 830 4155 arte
854 4111 908 4154 res
927 4110 1061 4169 omneS,
1080 4095 1152 4155 tam
1171 4098 1312 4158 eventus
1331 4112 1436 4180 quam
1450 4092 1567 4177 legum

233 4194 546 4284 promulgationes,
563 4216 632 4285 quo
649 4194 769 4261 ordine
787 4203 973 4262 evenerant
992 4216 1185 4276 enarrasse3
1202 4195 1307 4286 idque
1326 4201 1421 4263 tanto
1439 4197 1565 4283 magiS,

234 4301 329 4390 quod
349 4301 399 4367 uti
418 4305 582 4368 Geneseos
603 4307 724 4368 auctor
742 4299 857 4367 ordini
882 4302 1214 4370 stationumitineris
1235 4303 1350 4370 stricte
1367 4303 1565 4385 adhaereat,

235 4405 391 4473 ordinem
407 4429 488 4473 vero
505 4407 692 4474 stationum
705 4406 897 4474 necessario
909 4415 1138 4498 consequatur
1151 4408 1234 4476 ordo
1249 4415 1455 4501 temporum.
1466 4415 1567 4476 Prae·

235 4519 346 4593 terea,
365 4535 470 4601 quam
492 4518 572 4603 apte
594 4513 662 4580 suis
686 4512 771 4581 locis
793 4514 983 4604 descriptae
1006 4514 1073 4582 sint
1098 4515 1193 4604 leges
1215 4516 1321 4583 Exodi
1343 4522 1377 4583 et
1398 4521 1474 4584 LeV.
1494 4522 1565 4597 1-7,

236 4641 341 4710 supra
353 4619 677 4686 demonstrabamus
691 4643 698 4685 :
719 4624 755 4686 at
772 4624 850 4708 apte
863 4621 945 4687 item
958 4621 1054 4708 leges
1068 4627 1144 4689 lov.
1163 4628 1265 4690 11-27
1280 4623 1349 4690 suis
1363 4622 1446 4690 locis
1457 4624 1567 4694 inser-

234 4733 288 4792 tae
308 4747 380 4794 esse
399 4726 716 4816 deprehenduntur.
