3534 5384
770 380 818 424 Ex.
845 380 910 431 500.

444 621 465 668 1.
481 619 719 668 HEBRAEORUM
733 619 771 668 IN
786 619 945 668 AEGYPTO
961 619 1144 670 OPPRESSIO
1158 621 1206 668 Ex.
1223 624 1243 667 l.

478 805 507 867 1.
525 801 759 864 Hebraeorum
778 797 994 897 incremento
1009 802 1065 866 Ex.
1089 805 1200 882 1,1-7.

211 994 296 1082 Ara.
316 1031 359 1042 —
374 997 521 1059 Rursum
542 998 761 1059 recensentur
779 993 842 1059 filii
864 993 981 1072 iacob,
1003 998 1036 1059 et
1056 994 1197 1083 quidem
1216 992 1417 1073 duodecim3
1429 1016 1505 1088 *non

170 1099 262 1167 enim
282 1099 478 1166 scribuntur
495 1098 659 1187 Ephraim
679 1104 712 1164 et
726 1104 894 1181 Manasse,
914 1098 974 1166 sed
988 1099 1079 1166 solus
1094 1122 1128 1166 r.
1147 1108 1167 1167 5
1192 1099 1328 1189 ioseph,
1342 1099 1421 1166 iden
1439 1101 1509 1166 ior-

170 1211 272 1287 tasse,
293 1205 387 1296 quod
401 1204 496 1272 illico
519 1227 550 1270 v.
578 1211 598 1270 6
623 1203 665 1271 de
690 1211 798 1272 morte
822 1206 961 1294 ioseph,
978 1228 1011 1272 v.
1032 1212 1052 1273 8
1071 1205 1113 1273 de
1136 1207 1258 1295 ioseph
1278 1228 1299 1271 a
1321 1207 1507 1296 posteriore

170 1313 347 1379 Pharaone
363 1312 522 1398 ignorato
537 1318 673 1396 agatur.
696 1311 883 1380 Recensitis
899 1312 1052 1378 tiliorum
1067 1312 1280 1394 nominihus,
1301 1313 1361 1401 qui
1374 1313 1507 1379 futura·
1568 1381 1572 1386 ,

170 1439 246 1485 rum
266 1417 420 1485 tribuum
439 1423 550 1484 essent
565 1422 811 1496 antecessores,
830 1424 863 1484 et
877 1419 1052 1508 adscripto
1069 1441 1102 1484 v.
1121 1425 1140 1485 5
1155 1419 1280 1505 exiguo
1297 1440 1416 1486 eorum
1431 1440 1505 1485 om-

168 1525 281 1606 nium,
304 1525 364 1614 qui
384 1546 453 1591 una
472 1527 666 1614 Aegyptum
688 1523 988 1611 ingrediebantur,
1017 1547 1181 1606 numera,
1208 1525 1410 1592 enuntiatur
1430 1548 1464 1592 v.
1486 1534 1505 1591 7

169 1632 297 1698 iactum
321 1630 424 1698 totius
451 1631 553 1697 huius
576 1630 761 1722 pericopae
787 1629 950 1721 princeps
977 1631 1209 1699 israelitarum
1239 1632 1276 1698 in
1298 1631 1505 1699 immensum

171 1736 463 1827 mulplicatorum.

217 1845 299 1934 Cap.
317 1847 337 1910 i
346 1867 376 1910 v.
398 1851 413 1910 1
433 1844 557 1934 copula
575 1843 759 1910 ordiuntur
773 1835 877 1910 Hebe.
900 1846 995 1912 Sam.
1019 1843 1139 1911 Cbald.
1158 1846 1238 1931 Srs'r.
1257 1866 1269 1911 .·
1285 1873 1301 1906 a
1316 1848 1412 1911 Haec
1425 1858 1508 1910 sum

169 1950 314 2017 nomino
329 1949 486 2038 filiorum
510 1948 636 2032 iaael,
656 1949 717 2040 qni
732 1949 880 2040 inpressi
900 1963 982 2016 sant
1005 1951 1041 2015 in
1060 1952 1258 2040 aeyyptum
1281 1973 1357 2017 cum
1379 1953 1506 2018 Iacob:

169 2056 305 2146 rinqnli
327 2079 404 2122 cum
429 2055 586 2124 domibus
608 2056 679 2122 suis
699 2055 908 2122 introierant
931 2085 962 2122 a.
981 2060 1106 2122 Contra
1131 2055 1231 2146 anq.
1255 2061 1333 2144 Syr.
1356 2056 1507 2144 iungunt

170 2164 317 2252 reliqui:
336 2184 415 2228 cum
430 2163 532 2229 Iacob
545 2161 678 2252 singuli
693 2161 882 2252 docensque
898 2185 1015 2229 eornm
1033 2163 1184 2231 inerunt.
1204 2163 1296 2230 Filii
1309 2164 1420 2230 israel
1435 2165 1506 2230 iam

170 2269 276 2336 evasit
296 2291 421 2338 nomen
441 2269 572 2359 peratis,
592 2268 684 2336 unde
704 2291 750 2336 ne
774 2269 925 2351 niireris,
942 2269 980 2336 in
1003 2268 1127 2336 eodem
1149 2291 1249 2336 versu
1268 2269 1507 2360 patriarcham

169 2397 249 2443 mox
270 2375 446 2462 designari
458 2376 598 2442 nomine
612 2377 726 2457 Iacob,
746 2397 815 2465 quo
832 2376 1018 2470 perspicias
1032 2379 1091 2462 agi
1103 2399 1175 2443 non
1189 2377 1231 2443 de
1247 2376 1368 2444 eadem
1382 2381 1503 2464 gente,

169 2483 230 2550 sed
245 2481 286 2549 de
299 2482 480 2549 individuo
490 2483 642 2550 homine.
655 2485 802 2548 Dorncrm
813 2481 960 2549 feliciter
973 2481 1095 2550 etate.
1106 2483 1253 2573 explicat
1262 2483 1352 2549 ciros
1365 2481 1502 2569 doinus,

170 2612 229 2656 seu
247 2589 362 2680 potius
380 2589 534 2655 homines
553 2588 678 2655 :etiam
695 2610 809 2655 servos
825 2594 859 2656 et
873 2587 1033 2671 ancillas,
1051 2611 1121 2655 non
1135 2595 1251 2656 tamen
1265 2612 1391 2679 pecora
1404 2595 1438 2656 et
1452 2613 1505 2657 su-

170 2694 373 2786 pellectilem
396 2695 515 2784 (Tora,
540 2694 692 2782 aaran),
719 2717 806 2785 quae
831 2717 871 2761 ea
896 2717 979 2762 voce
1005 2694 1147 2761 minime
1174 2696 1410 2777 includuntur,
1428 2696 1507 2764 licet

170 2803 289 2891 utique
317 2801 353 2868 in
378 2805 574 2890 Aegyptum
596 2801 724 2867 luerint
752 2799 906 2868 inducta.
928 2822 961 2868 v.
986 2807 1007 2866 2
1034 2829 1050 2862 u
1070 2800 1204 2888 Haben,
1221 2801 1380 2886 Simeon,
1404 2803 1504 2883 Levi,

171 2908 287 2992 iudos,
299 2937 314 2970 a
330 2931 363 2976 v.
377 2915 395 2974 3
408 2935 423 2968 a
439 2907 605 2994 Issocbar,
619 2907 771 2973 Zabulon
784 2918 816 2972 et
826 2907 1011 2973 Beniamin
1022 2935 1053 2990 a,
1067 2915 1131 2975 Μ
1146 2938 1161 2970 a
1172 2912 1249 2975 Dan
1260 2907 1502 2998 cthpbtbali,

175 3015 252 3082 Gari
262 3029 295 3081 ct
305 3021 388 3080 Aser·
401 3043 430 3082 n.
441 3037 475 3080 v.
489 3023 508 3082 5
524 3042 540 3075 n
552 3017 664 3080 Erant
675 3014 784 3102 iqitnr
796 3036 911 3080 omnes
921 3015 1062 3080 animoa
1072 3036 1201 3100 comem,
1215 3015 1277 3104 qni
1287 3014 1415 3104 eqrcssi
1425 3027 1506 3081 sum

172 3122 214 3189 dc
229 3123 361 3208 seniore
383 3124 500 3204 Iacob,
513 3121 737 3210 scptaapinta
759 3147 775 3180 a
791 3157 835 3169 -
853 3122 945 3187 LXX
960 3120 1033 3204 hic,
1056 3119 1107 3186 uti
1126 3124 1208 3187 Gen.
1236 3126 1349 3204 tibi,
1368 3134 1506 3211 septun-

171 3229 272 3318 qinm
288 3227 441 3318 qrrircqac
455 3249 467 3292 .·
485 3228 529 3294 cf.
543 3249 632 3315 quae
646 3226 844 3293 dicebamus
859 3226 922 3293 ihi.
942 3255 958 3287 a
973 3226 1092 3317 ioseph
1103 3238 1218 3316 autem
1240 3253 1270 3308 »,
1288 3228 1348 3317 qui
1360 3228 1427 3294 hoc
1442 3250 1505 3294 nu-

173 3357 268 3401 mero
288 3335 555 3424 septuagenario
579 3325 781 3414 includitur,
806 3361 821 3392 »
849 3332 887 3398 in
901 3335 1059 3424 Aegypto
1075 3347 1150 3399 crat
1168 3362 1198 3411 »‚
1221 3356 1292 3400 non
1309 3356 1388 3401 cum
1402 3335 1502 3401 lacob

171 3441 344 3528 ingressus
364 3445 424 3520 est,
445 3439 505 3506 sed
520 3444 600 3506 ante
620 3440 731 3506 iilum.

208 3605 359 3655 Nominum
374 3605 476 3664 series,
493 3603 534 3653 uti
547 3601 620 3653 Gen.
636 3602 785 3662 asaiae,
798 3585 906 3665 primos
921 3603 1067 3654 enumerat
1081 3615 1215 3663 uxorum,
1226 3607 1328 3666 postea
1341 3604 1506 3654 ancillarum

172 3695 259 3754 iiiios,
276 3706 362 3743 unum
376 3696 418 3743 est
433 3691 558 3755 illudque
572 3691 636 3742 leve
649 3690 811 3752 discrimen,
829 3681 932 3755 Ios'eph
947 3691 985 3741 ibi
1000 3704 1064 3740 cuni
1079 3691 1227 3742 Beniamin
1241 3694 1398 3753 recenseri,
1414 3694 1460 3743 hic
1470 3693 1505 3744 ad

172 3783 276 3833 calcem
293 3781 422 3832 adscribi.
439 3781 461 3830 Ε
477 3785 574 3831 contra
590 3779 661 3831 Gen.
675 3778 737 3839 tb,8
747 3793 810 3844 sqq.
826 3780 908 3842 primi
923 3785 1105 3830 recensentur
1119 3781 1187 3830 Liae
1198 3786 1226 3830 et
1238 3781 1357 3831 anciliae
1372 3781 1504 3844 zelphae,

173 3873 342 3936 posteriores
357 3869 489 3920 Rachelis
504 3871 531 3919 et
544 3868 664 3920 anciliae
681 3869 768 3918 Baiae
783 3867 843 3920 filii.
860 3867 969 3918 Tamen
984 3869 1011 3918 h.
1029 3869 1048 3918 i.
1068 3881 1202 3918 numerus
1221 3868 1255 3918 70
1271 3866 1325 3934 (75)
1342 3872 1457 3920 omnino
1470 3871 1506 3919 ad

173 3960 242 4011 Gen.
261 3958 294 4009 ie
309 3973 361 4008 nos
376 3963 496 4010 revocat.
514 3957 590 4020 Ergo
604 3958 754 4020 utrumque
773 3956 921 4006 elenchum
940 3957 1011 4007 Gen.
1033 3956 1066 4007 35
1082 3960 1110 4007 et
1125 3956 1158 4006 ib
1178 3959 1275 4007 noster
1295 3960 1392 4009 auctor
1408 3964 1505 4018 norat,

171 4049 290 4100 alterum
305 4047 471 4110 compendio
484 4048 596 4110 repetit.
614 4045 671 4097 Gur
684 4048 807 4109 repetat,
824 4046 964 4095 rationem
979 4047 1109 4108 assignat
1130 4046 1182 4094 lin.
1198 4046 1338 4096 eiohistae
1356 4047 1507 4098 verbosum

174 4137 283 4188 dicendi
297 4149 397 4199 genas
412 4135 496 4185 Dicas
508 4147 613 4186 novum
626 4133 713 4185 ordiri
731 4134 902 4184 narrationis
922 4139 1022 4196 caput,
1038 4135 1069 4183 in
1084 4147 1141 4198 qua
1160 4132 1313 4185 duodecim
1332 4134 1424 4186 tribus
1437 4148 1507 4186 con·

173 4230 280 4277 stanter
294 4225 488 4284 nominentur;
505 4225 562 4272 imo
579 4235 682 4273 novum
703 4222 816 4272 librum.
834 4221 941 4282 Quodsi
956 4223 1031 4273 enim
1046 4225 1209 4273 continuam
1222 4237 1286 4274 cum
1301 4224 1373 4273 libro
1388 4224 1508 4275 Genesis

174 4315 362 4366 narrationem
377 4316 474 4362 auctor
488 4323 567 4362 sacer
580 4311 734 4375 producere
748 4311 869 4373 volebat,
882 4312 1034 4362 inscribere
1044 4312 1117 4362 hanc
1131 4312 1282 4374 pericopen
1289 4311 1409 4363 debehat
1424 4329 1436 4360 ι
1449 4313 1508 4362 Hae

173 4407 239 4454 sunt
251 4403 448 4466 generationes
461 4398 581 4451 filiorum
591 4400 679 4450 israel
694 4415 718 4450 i.
736 4400 794 4452 Cur
805 4412 871 4451 vero
883 4401 993 4451 numeri
1004 4399 1038 4450 70
1052 4413 1163 4451 rursum
1177 4389 1297 4451 hahetur
1306 4401 1433 4452 mentio?
1446 4401 1508 4460 Quo

174 4494 202 4544 et
215 4493 325 4555 impiari
337 4493 393 4540 iam
408 4492 508 4554 coepta
522 4489 687 4541 exhibeatur
701 4489 753 4540 Dei
764 4489 799 4540 de
811 4489 1024 4554 multiplicando
1034 4488 1256 4554 patriarcharum
1266 4490 1373 4540 semine
1385 4492 1509 4553 promis-

173 4583 229 4643 sio,
256 4583 283 4632 et
297 4582 501 4631 incrementum
515 4592 542 4629 v.
559 4579 574 4628 7
590 4578 693 4629 clarius
707 4579 865 4630 celebretur
878 4591 896 4628 a
913 4583 970 4629 tam
987 4580 1098 4642 exiguis
1113 4579 1201 4628 initiis
1219 4577 1374 4642 proiectum
1394 4575 1504 4644 (Satn).

218 4787 250 4832 r.
274 4771 294 4831 6
315 4791 331 4827 u
356 4765 428 4845 Quo
451 4774 582 4832 neorbm
603 4773 637 4828 et
657 4761 825 4830 universis
841 4759 1013 4851 [renibus
1032 4761 1107 4850 ejas
1127 4759 1288 4850 omnique
1305 4760 1505 4849 cognatione
