3534 5384
266 439 325 499 108
718 450 827 495 uorsrs
847 451 926 495 iera
948 452 980 495 nr
999 450 1150 503 ‚areima

260 586 545 667 innumerabiles,
561 584 679 677 quales
695 598 777 651 ante
789 583 881 650 illud
895 596 1028 674 tempus
1042 608 1110 655 non
1132 588 1296 676 fuerant,
1325 610 1385 655 nec
1403 600 1523 678 postea
1539 591 1599 679 sa-

265 710 361 762 turae
380 705 459 761 sunt
479 721 510 761 ».
539 695 631 770 Quae
650 697 741 757 certe
763 713 833 758 non
863 691 1033 759 dicuntur
1065 693 1265 783 prophetice
1287 693 1408 783 (Men.)
1416 744 1429 775 ,
1458 695 1518 763 sed
1537 718 1599 786 per

263 800 477 891 hyperbolen
496 798 649 889 aliquam
667 796 821 887 (Calm.).
847 821 880 865 v.
904 804 944 867 15
975 826 991 861 «ι
1014 800 1299 889 Opernenmtqae
1323 800 1517 869 uniuersam
1540 824 1599 869 sa-

255 905 433 998 perficiem
462 917 587 991 terrae,
616 914 789 972 vastantes
817 904 937 972 omnia
963 933 978 966 »
1008 944 1053 955 -
1073 905 1132 972 sed
1148 908 1250 973 Hebr.
1270 927 1282 974 .·
1306 919 1340 975 et
1357 910 1536 975 obscurata
1550 922 1600 976 est

262 1026 368 1098 terra,
386 1011 493 1079 radiis
507 1033 554 1079 sc.
569 1010 650 1077 sotis
661 1012 871 1101 interceptis.
892 1049 937 1062 -
951 1038 967 1073 r<
983 1014 1153 1079 Devorata
1167 1023 1217 1079 est
1231 1013 1341 1101 ipitur
1355 1012 1458 1081 terta
1475 1027 1596 1099 terrae,

263 1133 296 1187 et
318 1117 493 1209 quidquid
502 1138 688 1207 pomorum
702 1116 740 1183 in
758 1116 935 1184 arboribus
949 1117 1039 1207 fait,
1065 1140 1153 1209 quiae
1174 1118 1307 1207 prando
1328 1118 1526 1201 dimiserat‚·
1545 1122 1599 1188 ni-

263 1225 379 1316 nilque
394 1223 535 1291 omnino
548 1223 829 1291 airensrelictam
840 1236 890 1291 est
902 1224 939 1290 in
952 1224 1056 1314 liqnis
1069 1235 1101 1291 et
1112 1224 1268 1292 inberbis
1283 1236 1409 1310 terrae,
1421 1228 1459 1295 in
1474 1240 1598 1295 cuneta

262 1336 427 1422 Aeqypto.
455 1359 471 1392 n
487 1353 520 1398 v.
544 1336 585 1399 16
610 1358 626 1393 «
651 1332 762 1411 Quam
781 1332 821 1397 ab
835 1352 907 1400 rem
920 1330 1069 1420 festinas
1090 1331 1227 1398 Pharao
1251 1332 1385 1399 cacavit
1404 1336 1546 1423 Moysen
1565 1346 1599 1401 et

262 1440 394 1521 Aaron,
420 1450 453 1505 et
472 1437 657 1504 dicitas:
675 1436 818 1504 Perseai
833 1437 871 1503 in
884 1438 1071 1505 Dominum
1086 1442 1360 1506 Deumuestrnm
1382 1451 1415 1507 et
1438 1439 1475 1507 in
1489 1463 1548 1507 cos
1566 1469 1596 1507 ».

263 1549 330 1614 Hac
344 1547 418 1612 vice
434 1544 579 1634 festinat
593 1544 740 1623 Pharao,
757 1544 838 1633 quia
855 1543 942 1610 haec
954 1544 1060 1635 plaga
1073 1544 1177 1612 iilum
1192 1544 1297 1632 longe
1315 1545 1455 1636 propius
1478 1547 1598 1615 ceteris

263 1651 473 1739 attingebat,
488 1650 832 1740 eratquevelutmors
846 1650 965 1740 aliqua
981 1673 1039 1717 seu
1055 1650 1200 1719 exitialis
1216 1652 1416 1742 «pernicies
1433 1681 1448 1712 r
1465 1652 1474 1740 t
1483 1652 1575 1743 Vat.)
1588 1674 1617 1737 ι,

263 1758 412 1826 triticum
432 1779 480 1827 sc.
502 1763 535 1824 et
551 1756 616 1834 iar,
638 1778 743 1829 unam
757 1758 930 1846 sequentis
946 1756 1032 1824 anni
1047 1757 1115 1824 eibi
1132 1776 1245 1847 spem,
1266 1758 1430 1827 cernebat
1449 1780 1470 1824 a
1489 1758 1598 1827 locus·

262 1865 307 1931 tis
325 1863 423 1931 brevi
442 1862 606 1953 temporis
619 1863 728 1953 spatio
740 1862 960 1954 absumptam
980 1864 1108 1953 (Post).
1128 1887 1160 1933 v.
1181 1870 1221 1931 17
1246 1890 1262 1926 u
1284 1862 1355 1933 Sed
1368 1886 1460 1933 nanc
1476 1864 1595 1931 dintit-

264 1969 324 2037 tite
331 1980 514 2059 peccatam
530 1968 617 2037 milri
626 1969 732 2037 etiarn
741 1970 806 2036 liae
819 1972 909 2051 aire,
925 1981 959 2039 et
972 1983 1092 2059 ropate
1106 1970 1294 2038 Dominam
1309 1974 1414 2037 Deum
1431 1984 1593 2053 cestram,

268 2089 307 2142 at
318 2077 459 2165 auferat
472 2100 495 2143 a
508 2098 561 2143 me
577 2089 720 2143 mortem
734 2078 834 2144 istam
856 2104 887 2144 ».
905 2099 937 2144 r.
958 2083 998 2145 18
1023 2104 1039 2139 u
1060 2079 1293 2168 Eqressusqae
1306 2079 1439 2166 Moyses
1458 2076 1500 2145 de
1514 2100 1596 2145 eort-

263 2193 378 2273 speata
393 2182 596 2266 Pharaonis,
615 2183 920 2249 orauitiiominam
937 2210 967 2249 s.
981 2205 1015 2249 v.
1032 2189 1102 2249 19«
1121 2182 1189 2264 Qui
1197 2182 1286 2273 liare
1295 2184 1384 2273 fecit
1402 2210 1417 2244 s
1433 2222 1478 2233 -
1490 2185 1592 2250 Hebr.

263 2290 362 2355 vertit
380 2327 424 2338 —
451 2316 467 2350 «
488 2301 627 2355 ventum
652 2291 694 2354 ab
721 2289 896 2356 occidente
920 2288 1271 2371 vehementissimam,
1297 2302 1330 2357 et
1351 2300 1526 2380 arreptam
1548 2290 1563 2357 l
1583 2328 1597 2341 -

220 2474 224 2481 ‚
264 2406 394 2463 castam
411 2394 559 2485 proiecit
580 2394 618 2461 in
639 2397 735 2461 Mare
759 2397 938 2463 Rubrum:
964 2418 1034 2461 non
1056 2395 1222 2462 remansit
1243 2419 1285 2462 ne
1304 2419 1375 2464 ana
1399 2395 1538 2488 quidem
1558 2396 1595 2463 in

263 2501 394 2567 esinatis
404 2500 533 2590 finibus
551 2501 705 2591 Aeqypti
718 2528 748 2567 r.
766 2505 811 2567 De
826 2502 907 2568 itari
921 2503 1018 2591 Supb
1033 2499 1079 2568 ad
1096 2507 1196 2582 13‚18
1210 2502 1375 2593 dicemus.
1396 2526 1428 2571 v.
1453 2509 1495 2570 20
1514 2531 1531 2566 «
1551 2505 1596 2571 Et

263 2607 437 2674 induravit
454 2608 622 2675 Dominus
637 2630 695 2675 eor
713 2606 924 2688 Pharaonis,
940 2630 1002 2674 nec
1018 2606 1151 2675 dimisit
1160 2608 1253 2699 filios
1267 2609 1374 2677 israel
1396 2636 1426 2676 ».

613 2840 732 2887 Birrurius
747 2842 762 2887 ὁ
778 2839 885 2901 :plagae
900 2856 912 2887 e
926 2838 990 2887 coeio
1006 2838 1052 2887 Ex.
1073 2841 1237 2901 icat-maa.

685 2957 718 2999 0⁰
729 2955 810 3009 plana
825 2965 831 2997 ι
844 2956 974 2998 tenebra
986 2954 1034 2998 En
1051 2955 1185 3003 tom-20.
1253 2984 1255 2989 .

305 3108 390 3194 Arp.
407 3145 451 3156 -
469 3107 593 3194 Plagae
607 3105 760 3173 narratio
774 3105 893 3195 paucis
906 3104 1108 3175 absolvitur.
1127 3106 1257 3172 Pharao
1270 3126 1389 3173 omnes
1403 3105 1499 3173 abire
1516 3126 1594 3196 per-

262 3211 381 3295 mittit,
399 3210 525 3279 relictis
542 3218 659 3280 tamen
678 3211 857 3299 gregibus.

298 3419 440 3469 Tenebras
459 3421 580 3470 maxime
599 3421 705 3483 spissas
723 3433 774 3484 per
794 3422 921 3483 integros
941 3420 1002 3470 dies
1022 3419 1191 3485 quandoque
1211 3420 1240 3467 in
1261 3418 1380 3482 Angliae
1394 3419 1464 3470 loeis
1479 3418 1591 3481 baberi,

261 3510 323 3572 quis
342 3520 400 3559 non
417 3508 540 3559 audivit?
552 3513 647 3559 tamen
667 3505 804 3561 eiusmodi
822 3508 941 3559 nebulas
964 3508 1000 3560 ob
1014 3510 1093 3565 ,aeris
1116 3506 1238 3558 calorem
1257 3510 1285 3559 et
1304 3508 1459 3558 siccitatem
1477 3509 1591 3571 ignorat

261 3598 414 3661 Aegyptus.
432 3597 489 3648 Sed
509 3598 640 3649 tenebras
661 3598 763 3649 ibidem
787 3601 886 3648 carisat
908 3601 1011 3647 ventus
1034 3598 1171 3657 retrocco,
1188 3598 1236 3660 qui
1255 3596 1331 3660 quod
1350 3597 1451 3660 viginti
1468 3598 1592 3660 quinque

259 3685 358 3736 diebus
377 3690 443 3737 aute
463 3699 497 3737 ac
515 3686 632 3737 taudem
651 3688 715 3750 post
732 3688 808 3737 reris
826 3687 1040 3751 aequinoctium
1058 3684 1146 3747 turat,
1163 3686 1284 3735 anaunia
1304 3687 1323 3737 i.
1344 3697 1369 3735 e.
1388 3687 1592 3751 quinquaginta

256 3775 343 3827 audit.
357 3775 422 3826 Non
436 3779 531 3826 tamen
545 3788 644 3827 omues
658 3776 722 3828 illos
736 3776 798 3826 dies
812 3776 964 3826 continuos
979 3774 1042 3837 ilat,
1059 3774 1110 3831 sed
1123 3775 1231 3840 biduis,
1246 3774 1348 3827 trituts
1362 3776 1408 3825 rel
1423 3774 1589 3838 quantouis,

253 3866 407 3915 interiectis
426 3864 640 3915 malacits.·Flat
658 3870 753 3916 autem
767 3878 784 3915 a
798 3864 915 3915 meridie
932 3864 968 3914 ad
982 3866 1120 3915 orientem
1135 3867 1284 3927 vergente,
1301 3864 1468 3914 immensam
1483 3864 1591 3927 copiam

251 3954 375 4004 ardentis
394 3966 498 4004 arenae
516 3966 612 4005 secum
631 3953 738 4016 tereus,
754 3967 827 4018 quae
842 3955 937 4003 omma
958 3957 1086 4017 penetrat
1100 3958 1185 4016 atque
1200 3953 1338 4013 exsiccat,
1354 3952 1457 4015 pellem
1476 3956 1504 4003 et
1526 3951 1591 4014 pul-
1629 4014 1632 4019 Δ

252 4056 350 4094 monos
363 4044 420 4093 urit
433 4048 462 4093 ct
477 4025 601 4108 torquet]
622 4042 716 4095 radias
730 4043 799 4094 sotis
813 4042 986 4107 praecludit.
1001 4040 1043 4094 Oi.
1064 4042 1121 4105 Via.
1139 4055 1167 4104 p.
1185 4040 1236 4091 286
1249 4054 1311 4106 sqq.

295 4228 329 4271 v.
351 4214 391 4273 21
415 4236 430 4269 r
446 4208 542 4275 Dixit
566 4222 681 4276 antem
699 4208 864 4276 Dominus
880 4207 929 4274 ad
946 4211 1129 4296 Moysen:
1152 4203 1307 4273 Eatende
1326 4226 1469 4273 manum
1494 4216 1590 4271 taam

253 4311 291 4378 in
310 4313 457 4398 coelam,
476 4327 510 4381 et
522 4314 591 4381 sint
606 4315 764 4383 tenebrae
778 4337 878 4405 saper
893 4327 1026 4381 terram
1040 4312 1192 4402 ,iepppti
1206 4323 1277 4379 tam
1290 4311 1438 4397 densae,
1460 4326 1498 4377 nt
1510 4310 1592 4401 pal-

250 4421 334 4509 pari
342 4433 470 4509 queant
480 4449 509 4489 ».
528 4446 602 4518 ψῃ
616 4447 714 4506 unii,
732 4418 983 4512 ettanpatqais
997 4421 1152 4485 tenebras
1163 4418 1354 4509 :expressio
1365 4417 1590 4507 hyperbolica

254 4547 336 4591 saue
355 4530 458 4616 atque
476 4528 649 4597 inusitata.
667 4531 769 4598 Cuius
785 4529 861 4596 ioco
883 4524 1010 4595 ataid.
1026 4524 1147 4591 scribit
1157 4538 1345 4616 postquam
1360 4524 1501 4591 transiit
1519 4525 1590 4590 obs-

254 4632 384 4700 curitas
397 4634 523 4718 noctis,
541 4641 575 4702 et
590 4639 647 4703 Ps.
665 4638 739 4704 Ian.
758 4658 771 4701 .·
794 4662 811 4696 «
832 4637 869 4701 in
888 4652 1016 4700 aurora
1033 4630 1295 4732 (surripit—sed
1315 4637 1416 4697 antea
1430 4629 1591 4697 recedent

255 4738 417 4806 tenebrae
439 4740 547 4808 noctis
572 4770 602 4810 s,
632 4747 703 4810 lam
727 4739 932 4831 expressioni
957 4751 1100 4829 surripi
1124 4737 1307 4828 respondet
1325 4737 1425 4804 hebr.
1449 4750 1586 4811 inubi,

256 4846 350 4935 quod
361 4852 413 4913 sat
427 4846 526 4915 facile
542 4848 731 4936 defigurari
740 4848 852 4939 potuit
868 4847 906 4913 in
922 4860 995 4933 mpart
1012 4858 1106 4911 unii.
1124 4844 1230 4914 Habet
1244 4844 1350 4930 igitur
1368 4843 1467 4911 lectio
1482 4842 1588 4909 etiam
