3534 5384
730 393 797 437 mv.
823 379 913 448 lbet
936 393 999 446 son.
1472 383 1530 441 435

201 533 447 616 argumentum
470 551 501 593 v.
531 532 572 592 tt
597 527 782 617 prolatum,
812 528 860 594 ita
880 531 1013 610 tamen,
1037 533 1075 594 ut
1098 528 1283 596 honestatis
1306 529 1414 596 addat
1440 533 1531 618 grati

201 635 310 704 animi
324 635 489 701 motivum
508 654 516 701 ε
532 661 548 694 «
562 635 639 722 Epo
651 632 742 700 enim
756 656 831 700 sunt
845 634 1023 716 Doozinus,
1042 635 1103 723 qui
1115 634 1218 702 edati
1233 659 1292 702 oos
1307 635 1348 703 de
1361 649 1453 703 terra
1466 639 1531 704 Ae-

201 742 311 834 qypti,
333 755 374 808 ut
389 763 495 807 essem
513 740 605 806 vobis
620 740 658 806 in
676 744 785 807 Deum
798 763 810 808 .·
824 739 935 807 saneti
956 739 1047 806 eritis
1063 769 1094 825 »‚
1110 761 1170 808 seu
1185 747 1306 826 estote,
1327 771 1343 805 o
1371 745 1455 833 quia
1470 767 1529 833 epo

199 862 338 916 sanetus
357 871 433 914 sum
453 875 484 915 n.

424 1084 451 1134 d.
469 1083 566 1133 Totius
580 1083 653 1147 legis
667 1084 702 1132 de
716 1083 885 1134 animalibus
899 1084 1066 1148 subscriptio
1079 1083 1146 1135 Lev.
1167 1084 1246 1144 ttae
1261 1099 1303 1149 sq.

246 1298 277 1342 v,
298 1282 339 1344 ib
356 1297 363 1342 :
383 1302 400 1337 «
416 1277 486 1341 leto
501 1288 550 1340 est
566 1275 622 1340 lea
635 1274 877 1358 animantium,
896 1297 935 1340 oe
952 1274 1138 1362 volnerum,
1157 1289 1189 1340 et
1205 1277 1315 1343 ottenis
1330 1277 1468 1344 animae
1483 1279 1531 1342 oi-

204 1383 324 1467 ventis,
341 1405 430 1471 puae
442 1395 595 1449 ntoeetar
609 1380 646 1448 in
661 1403 766 1471 aqua,
781 1393 814 1446 et
833 1409 848 1440 a
867 1381 977 1449 omnis
992 1381 1130 1448 atrimae
1143 1381 1300 1466 trinetatis,
1317 1368 1438 1474 quae«
1454 1406 1530 1474 rep-

205 1502 256 1556 tat
273 1488 311 1555 in
331 1500 421 1556 terra
443 1517 473 1554 a.
495 1493 545 1555 lta
561 1490 663 1554 Heba.
681 1488 806 1554 elarius
824 1509 931 1576 quam
945 1489 1044 1574 Vulg.
1067 1489 1226 1578 exprimit
1245 1497 1394 1578 quatuor
1412 1491 1532 1557 classes

204 1617 319 1686 supra,
336 1596 387 1662 uti
401 1601 435 1662 et
449 1600 531 1662 Gen.
549 1602 580 1677 1,
600 1599 744 1661 statutas
761 1616 770 1660 ε
785 1615 923 1683 peoora,
940 1593 1061 1678 altilia,
1079 1596 1257 1684 aquatilia,
1272 1596 1422 1685 reptilia,
1439 1620 1472 1663 v.
1490 1602 1530 1662 bl

207 1732 223 1763 a
250 1715 288 1768 nt
303 1701 526 1791 differentias
548 1699 711 1767 noveritis
730 1699 853 1766 mundi
867 1713 899 1766 et
919 1700 1107 1782 immundi,
1124 1712 1156 1767 et
1172 1702 1304 1790 sciatis,
1323 1703 1411 1792 quid
1423 1725 1532 1770 eonte-

211 1808 291 1876 dere
309 1807 446 1898 etquid
462 1830 619 1898 respuere
636 1805 786 1873 debeatis
806 1835 837 1873 n.
859 1807 906 1874 cf.
930 1813 1040 1888 10,10.

476 2038 512 2086 11.
529 2037 596 2085 LEX
611 2038 657 2084 Du
674 2037 891 2085 murnum
908 2037 1109 2086 PUERPERAE
1125 2039 1198 2086 LEV.
1215 2041 1253 2087 12.
1305 2075 1307 2084 ,

250 2232 340 2294 Hane
354 2227 493 2292 theram
507 2225 550 2314 (v.
569 2225 603 2315 7)
625 2225 830 2292 crediderim
844 2231 954 2313 Moyse
967 2225 1209 2316 antiquiorem,
1227 2226 1417 2316 peripsum
1432 2249 1452 2293 a
1467 2232 1532 2293 Deo

166 2408 171 2416 ,
205 2356 277 2402 esse
292 2332 530 2423 approbatam.
544 2332 582 2398 ld
591 2331 768 2398 intulerim
783 2353 824 2398 ex
839 2355 892 2415 eo,
906 2332 1001 2422 quod
1012 2331 1180 2400 snoeinete
1191 2337 1369 2423 tamquam
1384 2354 1438 2401 res
1452 2338 1532 2400 nota

205 2441 412 2532 proferatur,
440 2439 538 2506 nulla
564 2438 615 2506 rei
640 2438 813 2525 assignata
841 2440 992 2520 ratione;
1013 2439 1160 2506 maxime
1187 2461 1286 2523 vero,
1319 2439 1413 2530 quod
1440 2441 1530 2530 apud

204 2548 359 2615 ethnicos
380 2569 518 2636 quoque
537 2567 606 2613 non
624 2568 752 2635 paucos
766 2545 887 2612 similis
905 2545 990 2612 ritus
1005 2546 1296 2634 deprehendatur.
1314 2551 1440 2636 Moyses
1451 2569 1532 2614 vero

204 2661 338 2722 nonest
354 2653 542 2720 censendus
555 2652 774 2720 ethnicorum
788 2653 873 2718 ritus
887 2650 957 2718 suis
972 2653 1116 2718 antehae
1133 2652 1268 2740 ignotos
1285 2653 1378 2742 apud
1390 2654 1533 2721 ludaeos

203 2762 383 2843 invexisse3
401 2759 461 2827 sed
477 2761 593 2849 plures
606 2759 750 2826 sancivit
772 2759 856 2824 ritus
878 2759 1042 2824 suiacum
1062 2758 1205 2825 ethnicis
1233 2780 1447 2840 communae,
1464 2765 1497 2825 et
1515 2783 1532 2823 o

204 2869 373 2955 religione
396 2867 570 2957 primitiva
589 2866 769 2932 derivatos.
787 2865 898 2951 Igitur
912 2869 1014 2954 partu
1032 2864 1175 2931 infantis
1188 2865 1283 2954 apud
1295 2863 1396 2932 Indos
1409 2864 1532 2931 redde-

204 2975 332 3041 bantur
352 2971 524 3040 immundi
545 2976 704 3061 parentes
727 2975 760 3036 et
778 2970 934 3056 cognati;
953 2975 1063 3036 mater
1077 2969 1196 3037 decem
1211 2971 1334 3038 diebus
1351 2971 1531 3038 immunda

202 3079 381 3162 manebat,
400 3084 497 3167 pater
510 3077 637 3145 balneo
656 3076 918 3167 purificabatur.
938 3076 1062 3143 Similis
1076 3077 1129 3142 lex
1143 3077 1235 3167 apud
1248 3082 1365 3143 Persas
1380 3076 1528 3163 vigebat.

203 3184 302 3276 Apud
326 3183 465 3252 Arabes·
477 3184 601 3251 mulier
620 3181 854 3274 quadraginta
871 3188 947 3273 post
967 3187 1105 3272 partum
1128 3182 1248 3250 diebus
1267 3182 1447 3250 immunda
1469 3190 1528 3250 est.

203 3291 320 3360 Graeci
341 3290 524 3371 cavebant,
546 3313 589 3356 ne
609 3290 653 3357 ad
676 3310 882 3380 puerperam
908 3288 1110 3356 accederent
1127 3289 1304 3380 (Theophr.
1330 3290 1430 3356 Char.
1455 3290 1529 3377 16);

202 3399 277 3489 ipsa
289 3420 357 3465 non
367 3396 631 3488 permittebatur
642 3397 744 3463 altari
754 3396 1033 3486 appropinquare
1046 3395 1181 3486 (Enrip.
1199 3397 1311 3487 lphig.
1325 3401 1424 3465 Taur.
1437 3399 1528 3483 383),

203 3505 265 3572 sed
291 3503 429 3573 nonnisi
449 3508 523 3593 post
544 3503 785 3591 quadraginta
806 3503 879 3570 dies
903 3502 1089 3569 accedebat
1115 3504 1157 3570 ad
1182 3504 1351 3592 templum
1377 3503 1529 3592 (Censor.

205 3617 250 3678 lle
265 3613 318 3679 die
334 3617 405 3679 nat.
425 3610 531 3699 11,7).
550 3613 653 3677 llater
670 3613 704 3676 et
717 3609 831 3699 proles
853 3609 1060 3676 lavabantur
1081 3608 1235 3698 (Gallim.
1261 3614 1382 3698 Hymn.
1399 3611 1437 3676 in
1461 3611 1528 3676 [tel.

208 3724 271 3783 123
284 3741 349 3808 sq„
367 3719 403 3784 in
424 3723 495 3784 lov.
517 3724 557 3784 16
573 3717 658 3806 sq.),
675 3715 786 3806 proles
800 3722 879 3805 post
899 3716 1052 3805 quinque
1066 3715 1140 3782 dies
1156 3717 1380 3802 lustrabatur,
1398 3716 1531 3782 decimo

204 3824 261 3890 die
276 3825 415 3891 nomine
428 3823 669 3915 appellabatur
687 3821 829 3909 (suidas
846 3844 872 3889 s.
895 3845 928 3888 v.
950 3823 1158 3910 ἁμφιδρομία).
1180 3829 1206 3889 Α
1222 3825 1383 3890 Romanis
1394 3845 1531 3913 quoque

204 3953 377 4020 puerpera
397 3931 533 4020 impura
555 3928 760 4010 habebatur,
784 3928 966 3996 lavabatur
986 3931 1131 4017 (Terent.
1163 3929 1269 3996 Andr.
1294 3929 1416 4020 3,2,3).
1445 3935 1532 3997 Puer

202 4059 310 4121 nono,
327 4037 444 4127 puella
458 4044 577 4104 octavo
593 4035 649 4103 die
661 4035 871 4103 lustrabatur
883 4042 917 4102 et
932 4036 1070 4102 nomine
1087 4035 1329 4125 appellabatur
1344 4035 1450 4126 (Plnt.
1469 4042 1529 4114 Qu.

204 4148 307 4211 ltom.¹
329 4149 408 4226 1023
440 4148 533 4212 Pers.
558 4149 635 4224 231
657 4142 767 4232 sqq.)‚
792 4141 888 4231 isque
911 4143 984 4209 dies
1011 4142 1241 4209 vocabatur«
1271 4142 1446 4228 lustrieus,
1463 4168 1531 4235 quo

203 4251 349 4316 infantes
362 4249 551 4317 lustrantur
567 4255 602 4316 et
620 4250 765 4316 nomina
784 4248 957 4337 accipiunt
978 4275 994 4312 n
1020 4251 1184 4337 (Macron.
1207 4253 1276 4317 Sat.
1301 4256 1395 4334 1‚16;
1414 4254 1532 4318 Festos

203 4378 228 4422 s.
246 4379 280 4424 v.
293 4356 435 4424 Lustriei
450 4355 547 4446 dies).
565 4356 697 4423 Similia
708 4355 802 4446 apud
813 4355 979 4423 barbaras
992 4355 1094 4423 etiam
1109 4356 1274 4447 quasdam
1289 4362 1406 4444 gentes
1419 4358 1532 4425 obser-

204 4462 389 4530 vabantur.
407 4463 455 4531 Gi.
477 4466 543 4532 lin.

250 4569 425 4638 Eiusmodi
447 4569 533 4636 ritus
551 4571 716 4638 naturalis
735 4571 855 4660 aliqua
873 4570 962 4638 ratio
982 4572 1152 4658 assignari
1166 4579 1299 4662 potest:
1322 4577 1412 4641 certe
1426 4573 1533 4663 pluri-

207 4699 304 4744 mum
318 4674 552 4743 immunditiei
566 4682 616 4742 est
628 4676 664 4743 in
680 4677 870 4767 puerperis.
889 4681 1068 4745 Praeterea
1083 4679 1198 4763 legem
1211 4679 1248 4745 in
1261 4681 1419 4768 sartorem
1435 4701 1534 4768 puer-

206 4805 312 4874 perae
330 4784 436 4851 latam
451 4803 523 4850 esse
534 4782 690 4869 suggerit
711 4780 906 4850 Theodoret.
925 4805 937 4848 .·
954 4812 970 4845 «
988 4783 1143 4850 Arbitror
1158 4785 1275 4871 igitur,
1288 4787 1401 4870 legem
1415 4785 1534 4852 iubere
