3534 5384
236 388 293 446 158
717 402 756 445 rx
777 400 916 443 snorrro
937 400 968 443 ru
990 397 1085 443 amm.

144 598 147 604 .
233 535 380 603 cessario
407 533 634 621 intelligenda
657 538 749 601 terra
773 540 905 614 sancta,
932 532 991 599 sed
1012 537 1123 623 polest
1146 532 1325 599 commode
1351 554 1429 600 cum
1457 532 1518 600 Cal
1556 584 1564 602 .

234 642 383 729 intelligi
398 664 496 709 mons
509 641 614 709 Sinai.

708 854 817 915 Strophii
831 856 953 913 posterior
967 869 990 903 v.
1006 856 1093 902 ibltit.

276 1037 361 1123 Arq.
378 1072 423 1082 -
438 1033 647 1099 Describitur
658 1033 728 1101 iam
747 1032 902 1113 effectus,
924 1054 1027 1122 quam
1042 1032 1104 1099 illa
1120 1036 1277 1122 portenta
1295 1030 1487 1121 producere
1507 1031 1566 1099 de-

238 1141 320 1208 hent
338 1142 374 1206 in
393 1139 572 1227 gentibus,
595 1161 684 1228 quae
702 1144 831 1207 terram
845 1141 1049 1230 promissam
1068 1143 1142 1206 tum
1162 1138 1366 1205 obtinebant
1385 1142 1444 1205 aut
1461 1159 1566 1228 prope

233 1249 307 1315 eius
331 1247 416 1313 fines
442 1245 648 1313 incolebant.
678 1245 741 1312 Ubi
765 1268 835 1313 non
858 1250 1106 1313 enumerantur
1129 1268 1189 1312 eae
1218 1245 1391 1329 nationeS,
1420 1266 1568 1333 quarum

234 1354 334 1421 toties
348 1354 384 1422 in
398 1352 517 1420 Genesi
529 1352 658 1420 mentio
677 1352 882 1433 habebatur,
901 1352 962 1419 scd
978 1352 1118 1419 nomina
1136 1350 1287 1441 produnt
1306 1354 1444 1443 poetam
1459 1373 1566 1442 prope

232 1466 427 1549 Aegyptum
449 1459 680 1527 constitutum.
713 1460 816 1526 Primi
843 1460 1069 1527 nominantur
1092 1458 1306 1545 Philisthaei,
1333 1480 1396 1548 per
1418 1478 1564 1547 quorum

233 1567 334 1650 tineS,
353 1567 412 1655 qui
427 1588 467 1632 er
480 1570 635 1655 Aegypto
650 1564 850 1647 veniebant,
872 1564 1148 1633 Chanaanitiden
1162 1564 1301 1652 ingredi
1318 1568 1567 1633 consueverant

235 1676 291 1763 (ct.
313 1672 443 1760 13‚17);
460 1671 539 1739 dein
552 1671 744 1756 Edomitae‚
762 1671 953 1739 Sinaitiden
967 1672 1059 1738 inter
1072 1678 1106 1738 et
1127 1670 1399 1739 Chanaanitiden
1415 1671 1566 1737 incolen-

233 1787 300 1863 tes3
334 1778 497 1846 Moabitae
532 1778 734 1845 orientalem
761 1779 856 1844 Maris
876 1778 995 1845 Mortui
1016 1778 1157 1868 plagam
1188 1777 1400 1861 obtinentes;
1427 1776 1566 1845 tandem

237 1887 431 1953 Chananaei
446 1885 595 1951 universi
610 1884 839 1975 appellantur.

275 2016 308 2061 v.
327 1998 367 2059 ti
384 2020 400 2053 «
419 1990 653 2059 Ascendere-nt
668 2019 684 2054 »
699 2031 743 2041 -
757 1991 814 2058 sed
827 1991 953 2081 reliqui
965 2013 1083 2058 omnes
1101 1989 1287 2057 audierant
1301 2028 1346 2041 -
1362 2018 1377 2051 ι(
1391 1989 1519 2080 papali
1535 2003 1566 2056 ci

232 2099 316 2165 irati
329 2112 406 2165 sant
422 2127 451 2165 »‚
469 2114 516 2164 ii'i
533 2098 689 2187 primitus
702 2119 839 2165 sensum
853 2098 959 2164 habet
973 2111 1159 2165 commotas
1174 2108 1222 2163 esi
1238 2098 1292 2185 (cf.
1305 2097 1441 2185 Boasr.)
1460 2119 1468 2165 :
1484 2096 1567 2163 hinc

232 2206 356 2274 melius
371 2206 502 2293 Syram.
517 2210 740 2292 ἐταράχθησαν,
759 2206 824 2293 Aq.
842 2212 1095 2288 tricritrcarsc
1111 2204 1251 2269 Dolores
1269 2204 1491 2270 obtinuerant
1508 2202 1567 2269 ba-

235 2309 614 2378 biiatorestilistbiim
632 2338 665 2391 »‚
682 2332 741 2377 seu
756 2309 870 2376 verius
884 2308 1128 2377 Pbilistbacae.
1147 2300 1200 2375 bin
1216 2310 1355 2399 proprie
1372 2316 1490 2400 partus
1504 2308 1567 2377 do-

237 2420 326 2485 lores
349 2417 464 2506 (LXX)
486 2417 663 2505 exprimit,
687 2416 812 2510 quibus
833 2437 1041 2505 puerperae,
1066 2423 1105 2483 ut
1128 2415 1320 2505 quidquam
1338 2424 1445 2503 agant
1467 2420 1567 2485 auta

234 2545 412 2614 quoquam
439 2546 474 2590 se
500 2522 701 2606 defendant,
735 2544 874 2611 prorsus
903 2521 1098 2590 redduntur
1125 2524 1316 2613 incapaces.
1341 2523 1484 2589 Pulchre
1511 2524 1566 2607 his

234 2631 407 2699 atrocibus
426 2629 604 2696 doloribus
619 2628 746 2718 corripi
760 2628 959 2696 scribuntur
973 2629 1188 2711 Philisthaai,
1209 2652 1295 2716 gens
1308 2652 1391 2719 prae
1406 2630 1481 2696 aliis
1495 2628 1566 2695 bel·

234 2738 354 2819 licosa,
376 2736 435 2803 sed
457 2759 546 2826 quae
567 2736 643 2803 aliis
664 2736 766 2802 etiam
789 2736 931 2825 propius
953 2734 1071 2804 aberat
1094 2760 1115 2804 a
1140 2735 1236 2819 loma,
1263 2736 1322 2802 ubi
1348 2741 1444 2803 tanta
1463 2736 1566 2802 lahve

233 2852 352 2932 egerat
366 2849 538 2933 portenta.
555 2864 588 2911 v.
608 2850 648 2909 15
665 2871 682 2905 c
705 2845 797 2908 Tana
813 2842 1007 2909 coritarbati
1021 2856 1102 2909 seint
1110 2843 1288 2933 principes
1304 2841 1432 2924 Edoni,
1449 2840 1567 2909 rabas-

232 2964 283 3017 tos
293 2953 394 3017 Moab
410 2948 560 3016 obtinuit
575 2962 713 3030 tremor,
729 2948 953 3037 obriguerunt
969 2976 985 3011 u
1000 2989 1043 2999 —
1054 2948 1304 3041 diffinitarum,
1321 2952 1413 3015 LXX
1418 2955 1565 3033 ἑτάκησαν

231 3094 275 3106 -
297 3085 312 3119 e
334 3079 450 3123 oniam
467 3056 675 3124 habitatores
696 3055 863 3122 Cbaaaan
883 3082 913 3121 ».
938 3058 1095 3123 Ceterum
1114 3079 1193 3123 eum
1213 3080 1245 3125 v.
1264 3063 1305 3124 tt
1326 3079 1376 3146 sq.
1406 3056 1448 3123 cl.
1475 3077 1564 3144 quae

233 3186 267 3252 p.
286 3170 326 3230 31
343 3162 533 3229 citabamus
547 3184 587 3229 ex
601 3163 731 3249 hymno
751 3164 788 3227 in
802 3161 941 3229 laudem
957 3162 1144 3231 Pharaonis
1161 3164 1396 3253 Merenpthah.

271 3370 374 3421 Censet
387 3370 492 3430 Ditim„
503 3383 572 3420 voce
586 3377 622 3426 tn
637 3369 821 3420 demonstrari
834 3372 908 3420 iratis
922 3373 1033 3435 tempus
1041 3370 1129 3422 luisse
1140 3374 1267 3435 tempore
1279 3372 1382 3434 Moysis
1394 3372 1422 3421 ci
1432 3372 1565 3421 transitus

232 3460 317 3509 Maris
331 3458 420 3508 Rubri
433 3460 588 3518 recentius,
601 3472 668 3521 ergo
682 3463 775 3508 vatem
789 3472 845 3509 non
856 3472 919 3509 esse
935 3458 1060 3523 Moysen.
1076 3460 1131 3511 Sed
1142 3466 1178 3516 iit
1194 3474 1251 3510 non
1271 3472 1382 3524 semper
1401 3458 1437 3510 de
1452 3462 1564 3523 praete·

234 3550 294 3598 ritis
308 3548 448 3608 adhiberi,
466 3547 515 3598 sed
530 3549 613 3597 eiiam
626 3547 662 3597 de
675 3547 788 3609 tuturis,
805 3552 937 3597 evincunt
963 3548 1009 3598 Ps.
1034 3550 1066 3599 95
1079 3546 1151 3616 [96],
1172 3548 1218 3609 12;
1238 3550 1326 3612 Soph.
1344 3548 1406 3607 &93
1425 3549 1472 3599 lob
1488 3548 1563 3609 3,13.

234 3636 289 3687 Ubi
301 3638 331 3685 in
346 3637 507 3686 narratione
530 3637 685 3686 certissime
699 3636 855 3685 futurorum
869 3635 960 3687 torma
980 3637 1059 3688 verbi
1080 3636 1203 3701 perlecta
1218 3638 1367 3688 adhibetur
1380 3650 1432 3699 pro
1454 3637 1563 3697 lutura,

233 3725 272 3775 ihi
287 3726 372 3775 etiam
386 3724 472 3775 futuri
487 3727 604 3775 eventus
617 3728 729 3788 tempus
747 3724 882 3775 adverbio
898 3733 933 3782 iit
949 3726 1135 3777 demonstrari
1154 3728 1256 3791 potest.
1273 3726 1511 3790 Frequentissime
1527 3732 1563 3781 is

233 3816 262 3863 in
276 3814 478 3876 antiquissimis
493 3804 663 3863 harminibus
676 3813 823 3863 adhibetur
839 3811 918 3880 (Gen.
936 3814 998 3875 iai
1006 3828 1013 3876 ;
1031 3815 1092 3865 Iud.
1110 3814 1168 3877 5,8.
1189 3815 1277 3865 ltlt.
1299 3816 1339 3865 19.
1355 3813 1408 3881 iil,
1421 3815 1468 3865 ubi
1483 3814 1564 3864 facile

232 3902 356 3953 adverbii
372 3916 439 3952 usus
457 3902 547 3965 potuit
571 3916 633 3953 esse
652 3903 737 3966 paulo
751 3902 878 3953 diversus
895 3903 930 3953 ab
945 3916 994 3963 eo,
1014 3906 1062 3967 qui
1079 3903 1259 3967 postmodum
1276 3904 1406 3954 obtinuit.
1423 3930 1458 3939 —
1474 3884 1562 3959 nabin·

232 3992 280 4041 alii
294 3993 405 4041 vertunt
426 4006 438 4038 r
457 3990 585 4040 robustos
600 4006 627 4055 i,
644 3991 693 4041 alil
711 4006 722 4038 ι
743 3992 845 4041 arietes
867 4008 890 4039 i.
913 3990 1004 4041 niiim.
1028 3997 1139 4051 conset,
1155 3993 1195 4041 uti
1215 3994 1356 4057 principes
1372 3992 1563 4043 Edoniitarum

233 4060 345 4138 &Bibit
366 4080 449 4144 (Gen.
464 4077 573 4143 sais),
590 4081 629 4129 ita
642 4080 826 4130 Moabitarum
841 4060 930 4135 0²th
945 4081 1040 4130 vocari
1054 4083 1243 4131 consuevisse.

278 4266 378 4328 Recte
398 4286 429 4327 v.
450 4269 555 4329 16-18
575 4264 691 4329 omnia
708 4263 814 4331 verba
828 4263 920 4330 dicta
938 4263 1154 4353 accipiuntur
1170 4292 1187 4325 c
1203 4286 1267 4353 per
1282 4264 1422 4331 modum
1442 4270 1563 4354 optan-

233 4370 276 4436 tis
294 4374 327 4434 et
341 4368 551 4442 obsecrantis
570 4396 586 4432 »
609 4369 752 4459 (Spin),
772 4370 852 4437 licet
870 4370 1002 4460 aliqua,
1021 4393 1054 4438 v.
1069 4392 1105 4456 g.
1122 4393 1154 4438 v.
1180 4376 1221 4437 ii
1237 4369 1345 4453 diota,
1368 4370 1412 4437 ob
1431 4368 1565 4437 divinas

234 4474 474 4565 promissiones
487 4474 614 4543 sciebat
630 4481 723 4543 vates
737 4478 924 4544 certissime
944 4498 1014 4543 esse
1029 4482 1206 4544 eventura.
1228 4500 1262 4544 v.
1281 4484 1321 4543 16
1339 4504 1354 4537 α
1376 4480 1491 4543 irruat
1506 4500 1564 4543 sa-

233 4605 295 4673 per
309 4604 364 4648 eos
383 4581 533 4670 formido
556 4596 588 4648 et
603 4606 715 4672 [maor
738 4582 774 4649 ia
797 4583 1038 4673 maqriitudz'ne
1062 4582 1193 4651 braebi'i'
1216 4584 1269 4649 iai
1286 4612 1319 4671 u,
1339 4584 1421 4652 dum
1446 4584 1565 4651 vident

235 4692 326 4757 hanc
345 4688 621 4776 magnitudinem
640 4692 805 4779 portentis
823 4690 1084 4759 manifestatam.
1108 4694 1264 4759 Ceterum
1283 4690 1408 4780 reliqui
1427 4691 1565 4758 ultimas

238 4796 323 4863 duas
339 4818 436 4863 voces
452 4797 496 4862 ad
514 4798 692 4887 sequentia
711 4797 863 4865 trahunt.
881 4828 896 4859 u
913 4798 1018 4864 Fiant
1028 4798 1219 4865 immobiles
1230 4796 1330 4887 qiiasi
1345 4796 1434 4887 lapis·
1451 4825 1481 4866 u.
1496 4813 1565 4865 nni
