3534 5384
794 404 911 449 uerus
1072 468 1091 519 ἱ
1462 390 1517 450 lll

188 555 259 599 rum
272 538 432 597 viatorum
450 537 590 615 placita:
611 555 718 616 neque
738 539 825 599 enim
840 542 964 599 veteres
986 537 1119 597 Hebraei
1139 555 1245 615 neque
1261 542 1383 599 veteres
1403 540 1521 601 Arabes

188 633 363 714 sagaciores
383 639 472 695 erant
492 635 524 693 in
545 634 634 695 iactis
653 640 782 697 naturae
806 634 1004 713 indagandis.
1021 636 1139 696 Arabes
1158 635 1319 707 moderni,
1338 637 1365 697 si
1381 636 1444 697 illis
1465 638 1521 697 sti-

188 734 338 812 pendium
359 730 574 813 (bakschisch)
594 732 784 812 proteratur,
802 734 963 794 mirabilia
984 750 1128 811 quaeque
1148 736 1213 793 tam
1229 750 1318 795 sacra
1339 751 1434 812 quam
1451 753 1523 814 pro-

188 832 260 893 lana
280 830 380 909 digito
400 830 631 893 demonstrant.
654 831 800 893 Monachi
828 832 908 891 item
932 832 962 893 S.
987 830 1173 892 Catharinae
1194 848 1258 891 non
1282 830 1379 891 aliam
1399 833 1523 893 ostendi

189 932 322 1007 possunt
341 928 459 988 habere
479 928 704 1003 traditionem,
722 945 818 1007 quam
842 933 898 989 aut
923 946 939 989 e
963 946 1020 989 sua
1040 928 1174 1006 pietate,
1192 931 1249 989 aut
1271 945 1287 989 e
1311 930 1523 991 recentiorum

189 1027 405 1087 Hebraeorum
421 1030 454 1086 et
467 1027 608 1095 Arabum
624 1027 816 1087 commentis
830 1026 1011 1087 hauserint.

230 1122 390 1195 Alterum,
407 1124 492 1201 quod
511 1123 663 1185 lectorem
683 1140 868 1197 monemus,
886 1122 966 1184 illud
985 1127 1048 1197 est,
1075 1142 1137 1185 noa
1156 1130 1297 1203 oportere
1313 1142 1332 1181 o
1348 1121 1453 1183 limine
1472 1144 1524 1183 ea-

191 1219 275 1281 cludi
291 1240 395 1280 eorum
403 1219 539 1301 placito,
556 1220 611 1302 qui
622 1241 740 1281 manao
755 1220 901 1281 biblicum
915 1240 984 1287 cum
996 1219 1102 1301 aliquo
1116 1228 1225 1281 eventu
1240 1220 1383 1280 naturali
1399 1240 1522 1302 compo-

190 1326 274 1395 reat,
296 1316 460 1379 dumrtodo
484 1317 566 1379 iilud
587 1338 648 1378 noa
669 1339 684 1378 e
705 1318 781 1380 sotir
801 1319 903 1379 courir
929 1316 1127 1379 naturalibus
1149 1317 1315 1400 explicent.
1334 1321 1412 1381 Cum
1437 1320 1523 1379 enim

189 1418 298 1497 plagae
320 1418 522 1495 aegyptiacae
542 1434 668 1490 omnes,
684 1418 750 1478 imo
769 1418 837 1497 ipse
858 1417 1008 1477 transitus
1030 1416 1121 1477 Maris
1146 1418 1261 1491 Rubri,
1281 1417 1356 1477 licet
1379 1416 1470 1495 plura
1491 1418 1523 1477 in

190 1514 240 1575 his
260 1515 342 1575 lacta
360 1516 423 1575 sint
443 1533 540 1593 super
558 1518 720 1586 naturam,
737 1520 850 1576 tamen
868 1514 1079 1594 probabiliter
1093 1514 1264 1576 videantur
1282 1515 1462 1575 revocanda
1482 1516 1521 1574 ad

192 1617 325 1673 eventus
348 1612 505 1689 quosdam
529 1618 761 1674 consentaneos
784 1612 963 1673 conditioni
987 1612 1138 1691 Aegypti,
1161 1630 1226 1672 non
1251 1617 1324 1673 sunt
1346 1612 1522 1691 impietatis

192 1708 366 1770 damnandi
379 1710 418 1783 ii,
435 1709 491 1787 qui
509 1710 615 1771 simile
636 1710 714 1787 quid
735 1710 774 1770 de
794 1728 911 1770 manna
930 1710 1099 1771 affirmant.
1116 1709 1229 1769 Intime
1245 1710 1406 1771 connectit
1426 1710 1524 1787 scrip-

192 1811 263 1867 tura
275 1810 457 1885 portentum
472 1809 670 1869 coturnicum
685 1825 760 1869 cum
772 1812 927 1888 portento
943 1824 1078 1868 mannae
1097 1824 1104 1866 :
1121 1806 1180 1867 luit
1195 1824 1270 1868 vera
1285 1807 1351 1868 avis
1366 1807 1523 1881 coturnix,

192 1903 346 1982 prodierit
367 1922 384 1965 e
406 1922 481 1965 vera
502 1906 613 1982 planta
636 1922 763 1966 manna.
781 1908 894 1966 Nonne
916 1923 982 1965 uno
1004 1904 1103 1965 veluti
1129 1904 1244 1983 spiritu
1258 1906 1323 1965 v.8
1344 1922 1469 1965 carnem
1495 1909 1526 1966 et

191 2018 310 2080 panem
324 2003 484 2080 promittit
499 2004 602 2063 Deus?
617 2005 729 2064 Nonne
744 2020 844 2081 aeque
860 2004 900 2063 de
913 2002 1128 2063 coturnicibus
1146 2005 1273 2081 poteret
1287 2002 1395 2063 dicere
1411 2004 1497 2063 Deus
1515 2021 1521 2061 :

196 2102 273 2160 Ecce
290 2117 378 2175 caro,
392 2117 489 2178 quem
507 2100 596 2162 dedit
615 2101 705 2161 vobis
723 2100 816 2161 lahre
833 2101 872 2161 ad
895 2100 1111 2161 vescendum?
1125 2101 1203 2161 Cum
1225 2100 1376 2161 miracula
1393 2100 1441 2159 illi
1463 2100 1527 2159 sint

194 2201 340 2267 eventus,
356 2198 410 2275 qui
430 2197 548 2259 limites
566 2203 696 2259 naturae
716 2198 892 2269 excedunt,
911 2214 1022 2260 eorum
1045 2198 1149 2259 verior
1168 2198 1307 2276 cognitio
1329 2196 1421 2257 etiam
1445 2214 1523 2276 pen-

194 2295 248 2356 det
262 2296 302 2355 ab
319 2295 513 2357 accuratiore
532 2295 662 2356 illomm
680 2296 821 2357 limitum
836 2296 1036 2375 cognitione,
1054 2312 1228 2373 eorumque
1245 2295 1412 2373 explicatio
1427 2294 1522 2353 etiarn

193 2392 269 2453 huic
288 2393 479 2454 accuratiori
500 2394 673 2472 cognitioni
693 2394 753 2455 erit
771 2392 1008 2455 conformanda.
1027 2394 1075 2454 lta
1092 2410 1300 2473 progressum
1319 2393 1525 2453 scientiarum

194 2494 403 2569 consequetur
415 2508 602 2569 progressus
615 2508 721 2552 sacrae
734 2492 1020 2570 interpretationis.
1036 2492 1121 2563 Quae
1135 2509 1200 2552 non
1215 2496 1281 2551 tam
1294 2492 1439 2551 scientiis
1454 2508 1527 2568 pro-

195 2588 274 2648 lenis
291 2612 307 2641 a
323 2588 544 2649 concessiones
557 2589 649 2649 faciet
667 2613 695 2662 a,
711 2607 808 2667 quam
823 2589 903 2650 illud
918 2591 957 2649 ab
974 2591 1020 2650 eis
1034 2590 1192 2651 tributum
1209 2589 1329 2667 exiget,
1345 2588 1432 2665 quod
1449 2605 1527 2666 pen-

195 2686 267 2746 dere
284 2691 435 2746 tenentur
448 2688 582 2747 creatori
598 2691 740 2747 naturae.

238 2879 436 2967 igiturinde
453 2881 586 2948 att'adi
601 2881 796 2948 Gbarandel
815 2881 986 2971 reperitur
1004 2882 1193 2948 hodiedum
1213 2879 1374 2947 Taenaria
1391 2879 1526 2945 atcani-

191 2987 271 3072 sera
286 2986 448 3070 librent,
467 2987 574 3054 arbor
590 2988 627 3053 iu
649 2988 774 3074 viginti
791 2989 862 3054 fere
878 2988 1009 3078 pedum
1025 2986 1243 3055 altitudinem
1263 3007 1475 3065 excrescens;
1495 2986 1528 3049 in

196 3092 293 3159 Wadi
311 3094 432 3160 Feiran
455 3095 528 3161 eius
546 3093 754 3184 conspicitur
771 3094 856 3161 silva
880 3096 990 3161 horae
1012 3096 1086 3161 fere
1108 3093 1360 3179 longitudinem
1382 3090 1525 3160 habens.

194 3199 360 3265 blensibus
384 3201 499 3284 luni0,
522 3201 607 3269 lulio
626 3205 660 3267 et
677 3206 850 3288 Augusto,
869 3200 1076 3291 quandoque
1091 3200 1159 3267 iam
1178 3198 1261 3266 Maio
1276 3220 1394 3265 eornm
1410 3198 1530 3288 impri-

194 3305 259 3372 mis
278 3328 465 3389 annorum,
482 3306 607 3396 quibus
630 3307 844 3375 abundantes
868 3306 1027 3375 exstitere
1044 3307 1183 3396 pluviae
1203 3328 1346 3390 vernae,
1368 3312 1527 3393 ternpore

195 3412 333 3478 maximi
359 3418 469 3479 aestus
493 3413 634 3480 exsudat
660 3418 774 3480 cortex
795 3418 866 3481 tam
887 3414 1002 3481 trunci
1026 3436 1130 3504 quam
1152 3434 1328 3479 ramorum
1345 3413 1526 3479 humorem

196 3518 306 3585 mellis
333 3520 496 3601 similem,
520 3520 577 3609 qui
606 3540 705 3586 mane
729 3520 892 3606 guttatim
923 3521 1067 3588 aramis
1094 3520 1251 3609 foliisque
1271 3519 1398 3609 pendet
1420 3525 1530 3608 atque

195 3625 373 3693 interram
389 3625 527 3693 decidit.
543 3630 629 3693 Sunt
648 3626 785 3712 globuli
799 3626 870 3693 albi
885 3625 1140 3712 magnitudinis
1157 3626 1243 3716 pisi,
1259 3626 1335 3716 qui,
1352 3627 1406 3692 sin
1424 3646 1528 3691 mane

195 3733 410 3819 colligantur,
427 3732 508 3799 solis
521 3732 627 3799 radiis
640 3731 887 3813 dissolvuntur,
906 3755 1001 3799 secus
1014 3755 1094 3800 vero
1102 3755 1201 3799 ceree
1209 3734 1316 3798 instar
1328 3733 1528 3798 durescunt.

198 3845 323 3928 Sapore
344 3838 524 3905 imitantur
543 3838 610 3905 mel
630 3839 864 3929 praebentque
884 3843 955 3905 tam
973 3839 1090 3925 gustui
1110 3860 1213 3928 quam
1234 3837 1391 3905 odoratui
1407 3856 1522 3902 aroma

198 3945 384 4035 quoddam.
405 3946 534 4012 Arabes
558 3946 624 4011 hoc
643 3967 771 4011 manna
795 3945 979 4012 collectum
1005 3944 1215 4033 decoquunt,
1238 3947 1446 4033 expurgant,
1464 3940 1530 4005 ali-

199 4073 303 4140 quam
315 4053 385 4118 eius
399 4057 533 4141 partem
547 4052 582 4118 in
598 4057 791 4141 Aegyptum
806 4050 1010 4134 divendant,
1022 4050 1125 4117 aliam
1142 4050 1318 4118 monachis
1331 4046 1530 4115 monasterii

197 4162 229 4225 S.
253 4158 453 4226 Catharinae
477 4158 598 4243 tributi
621 4157 800 4224 cuiusdam
823 4158 932 4229 instar
958 4158 1175 4247 persolvunt,
1200 4158 1366 4223 maiorem
1393 4160 1529 4243 partem

195 4264 266 4329 suis
279 4264 395 4331 usibus
412 4268 606 4350 reservant,
627 4265 758 4351 azymis
772 4264 920 4353 panibus
936 4264 1045 4331 mellis
1059 4265 1169 4331 instar
1180 4262 1384 4343 infundunt,
1406 4281 1533 4350 panem

196 4370 233 4435 in
251 4370 338 4436 illud
358 4371 550 4457 intingunt,
579 4392 757 4459 nunquam
781 4392 863 4437 vcro
879 4393 917 4437 ex
943 4372 1014 4437 solo
1033 4392 1161 4437 manna
1180 4370 1292 4460 (Num.
1313 4368 1405 4456 11,8]
1424 4371 1532 4433 tortu-

198 4474 249 4542 las
264 4484 428 4565 coquunt.

242 4587 310 4649 Hoc
323 4583 432 4670 igitur
451 4605 578 4649 manna
598 4584 642 4650 ab
657 4583 828 4651 hrabibus
841 4585 1029 4652 hodiedum
1057 4613 1072 4645 α
1092 4606 1218 4651 manna
1235 4582 1276 4649 de
1293 4582 1388 4647 coelo
1402 4608 1416 4641 u
1432 4600 1530 4645 voca-

197 4694 253 4756 tur
270 4688 463 4778 diciturque
483 4716 498 4750 e
514 4690 634 4779 pluere
655 4719 685 4755 a.
707 4696 757 4756 An
777 4691 842 4757 hoc
864 4692 901 4758 in
921 4697 1035 4757 mente
1058 4689 1218 4757 habuerit
1236 4694 1301 4755 Ios.
1319 4687 1385 4754 hoc
1408 4684 1528 4752 eodem

197 4818 278 4862 usus
305 4795 430 4879 verbo,
453 4817 524 4861 non
548 4795 629 4862 satis
649 4801 792 4863 constat.
818 4801 885 4862 Hoc
915 4798 949 4862 in
972 4797 1101 4885 templo
1126 4795 1211 4863 Edlu
1235 4796 1326 4861 inter
1348 4792 1416 4859 alia
1439 4790 1528 4857 dona
