3534 5384
730 386 780 430 nx.
804 370 893 440 ⁶22,ss
918 385 962 438 so.
1456 373 1508 432 231

182 521 307 590 melior
325 518 389 586 erit
404 520 554 587 conditio
571 518 768 586 conditione
781 518 881 601 furia,
898 518 958 609 qui
973 540 1041 585 non
1054 519 1230 608 peieravit.
1246 526 1355 588 Manet
1369 521 1511 590 tandem

180 627 282 695 tertia
303 625 495 717 explanatio
517 625 639 693 ceteris
654 625 893 716 praeferenda.
912 630 998 692 llaec
1014 625 1118 692 etiam
1137 625 1256 694 intime
1275 626 1390 714 iungit
1412 651 1446 694 v.
1470 635 1508 696 11

181 741 215 801 et
229 740 281 800 la.
304 733 443 810 Quando
462 731 657 823 depositum
682 730 862 800 interierat
881 737 941 798 aut
955 730 1105 798 deterius
1119 739 1289 818 evaserat,
1305 761 1320 795 «
1339 733 1510 802 iusiuran-

180 840 263 906 dum
282 839 384 907 lahve
408 844 482 906 erat
502 839 538 905 in
556 837 672 905 modio
693 866 723 905 ».
742 838 775 904 si
797 838 1025 928 depositarius
1045 839 1240 906 iuramento
1262 861 1358 907 suam
1373 841 1511 931 prolite-

179 946 281 1014 batur
304 945 556 1025 innocentiam,
576 945 643 1011 hoc
663 945 897 1011 iuramentum
917 966 981 1034 pro
1003 949 1078 1011 rato
1100 951 1174 1012 orat
1193 945 1405 1016 habendum.
1424 953 1511 1015 Sane

179 1051 388 1141 quandoque
411 1051 570 1118 homines
591 1050 819 1140 peierabant:
840 1056 915 1118 tum
941 1049 1065 1118 falsum
1087 1052 1318 1118 iuramentum
1343 1075 1405 1143 pro
1429 1077 1509 1121 vero

178 1157 384 1240 habebatur,
399 1156 505 1224 donec
525 1156 717 1246 perimium
735 1158 970 1244 detegeretur;
988 1179 1029 1222 eo
1044 1156 1178 1225 detecto
1194 1157 1418 1248 depositarius
1432 1181 1512 1251 per-

178 1265 274 1332 iurus
294 1270 327 1330 et
350 1264 395 1330 ad
418 1263 563 1353 duplam
583 1262 834 1331 restitutionem
859 1269 894 1329 et
919 1263 963 1329 ad
991 1263 1187 1330 subeundas
1210 1287 1339 1354 poenas
1364 1265 1511 1354 periuris

177 1371 370 1460 propositas
395 1369 614 1458 adigebatur.
637 1372 695 1452 nt,
713 1391 782 1459 quo
804 1391 889 1436 aevo
913 1369 1072 1436 homines
1095 1391 1230 1436 summa
1252 1371 1439 1439 iuramenti
1459 1395 1510 1439 re-

179 1475 332 1544 verentia
355 1482 565 1557 tenerentur,
589 1474 772 1542 eveniebat
795 1497 895 1559 sane,
916 1480 957 1542 ut
977 1497 1127 1565 nequam
1152 1476 1211 1543 ille
1238 1476 1466 1566 depositarius
1490 1502 1510 1546 a

177 1584 372 1650 iuramento
386 1583 535 1650 resiliret
561 1587 664 1672 atque
682 1583 732 1649 ita
754 1584 884 1648 lurtum
906 1581 1145 1664 confiteretur;
1163 1581 1245 1672 quia
1257 1606 1338 1651 vero
1353 1589 1426 1652 tum
1439 1608 1510 1652 non

178 1689 319 1756 testibus
344 1694 403 1756 aut
426 1689 639 1777 argumentis
666 1688 807 1754 aliunde
831 1689 965 1777 petitis,
991 1688 1050 1754 sed
1086 1694 1274 1778 spontanea
1298 1692 1508 1758 consessione

176 1795 454 1878 convincebatur,
473 1796 589 1884 aliqua
603 1795 634 1860 ei
649 1817 718 1861 non
731 1794 906 1862 immerito
921 1793 1137 1882 indulgentia
1152 1795 1417 1880 concedebatur,
1435 1821 1508 1864 rem

177 1901 343 1984 ablatam,
360 1923 431 1968 non
453 1900 596 1991 duplum
618 1901 830 1967 restituebat.
856 1905 946 1977 Quae
970 1901 1023 1966 lex
1045 1900 1295 1990 sapientissima
1310 1924 1385 1970 reos
1404 1905 1508 1970 etiam

175 2008 347 2088 movebat,
367 2012 405 2073 ut
424 2007 537 2098 potius
555 2007 747 2074 faterentur
762 2008 911 2090 furtum,
931 2029 1035 2097 quam
1054 2006 1250 2097 peierarent
1262 2028 1269 2075 :
1283 2009 1413 2076 furtum
1428 2011 1509 2078 fassi

174 2113 265 2179 nihil
279 2115 498 2197 amittebant,
512 2114 605 2203 quod
620 2135 719 2180 suum
735 2119 832 2194 esset,
843 2111 888 2179 ad
909 2113 1015 2180 solam
1027 2114 1276 2181 restitutionem
1286 2117 1337 2182 rei
1347 2138 1417 2182 non
1427 2139 1507 2184 suae

174 2218 417 2307 adigebantur.
435 2243 468 2286 v.
492 2225 533 2285 12
556 2246 572 2280 «
595 2219 725 2300 Qzeodsi
741 2220 835 2306 furto
855 2218 1009 2286 ablatum
1021 2219 1148 2306 facerit,
1168 2220 1323 2287 restituet
1341 2220 1506 2289 damn-am

175 2325 314 2392 domino
333 2355 364 2394 a.
380 2324 532 2392 Tandem
547 2348 580 2392 v.
602 2331 771 2392 lanosum
787 2323 940 2408 discutit,
955 2326 1016 2416 qui
1026 2326 1071 2392 ad
1087 2350 1119 2393 v.
1141 2332 1181 2394 10
1195 2333 1411 2396 enumeratos
1425 2351 1505 2420 per-

174 2433 324 2515 tinebat,
345 2431 404 2498 sed
428 2433 497 2499 alia
515 2432 648 2498 ratione
672 2436 747 2498 erat
760 2431 1016 2521 expediendus,
1038 2432 1177 2523 quando
1205 2455 1251 2501 sc.
1277 2435 1351 2501 fera
1365 2435 1505 2524 aliquod

174 2538 217 2604 de
237 2530 404 2625 gregibus
425 2538 554 2605 animal
578 2537 820 2628 discerpserat,
839 2543 872 2604 et
893 2560 967 2605 ossa
987 2545 1046 2605 aut
1072 2538 1140 2606 alia
1165 2539 1323 2608 animalis
1344 2540 1506 2631 discerpti

174 2666 252 2734 pars
273 2651 410 2734 reperta
434 2650 506 2711 erat
530 2667 537 2712 :
565 2650 639 2711 tum
658 2644 851 2711 iuramento
875 2667 945 2711 non
968 2651 1040 2711 erat
1061 2644 1171 2727 locus,
1193 2646 1254 2712 sed
1268 2669 1307 2712 ea
1325 2669 1404 2736 pars
1417 2654 1505 2714 tam-

173 2773 278 2840 quam
299 2752 381 2817 facti
404 2756 438 2816 et
465 2750 683 2818 innocentiae
707 2750 907 2840 depositarii
931 2755 1174 2837 argumentum
1198 2752 1415 2835 afferebatur,
1445 2755 1505 2821 de-

174 2857 353 2949 positarius
371 2857 463 2923 liber
477 2857 606 2924 abibat.
630 2881 662 2922 v.
687 2863 727 2923 13
757 2884 772 2916 «
799 2857 838 2923 Si
857 2869 1040 2922 contectum
1060 2880 1082 2923 a
1102 2857 1209 2924 bestia
1225 2885 1260 2940 »,
1289 2896 1334 2908 —-
1357 2861 1455 2926 Hebr.
1474 2860 1505 2925 si

173 2963 380 3054 discerptam
390 2966 512 3053 ficerat
526 3003 570 3012 —
595 2990 611 3025 a
627 2963 759 3050 deferat
780 2962 828 3029 art
842 2986 919 3029 eum
940 2991 975 3047 »‚
1000 2985 1047 3031 sc.
1073 2964 1118 3030 ad
1143 2963 1340 3048 dominum,
1368 2991 1384 3026 a
1410 2963 1505 3055 quod

172 3069 321 3136 occisum
336 3083 384 3137 est
398 3099 436 3153 n,
453 3109 498 3119 -
516 3085 621 3144 natu,
636 3070 774 3159 proprie
790 3068 1074 3153 dilaniationem,
1091 3069 1133 3137 ci.
1156 3075 1240 3138 Gen.
1262 3078 1363 3153 31,39
1376 3109 1420 3122 -
1437 3099 1454 3134 a
1471 3084 1502 3138 et

171 3199 241 3242 nan
257 3178 410 3243 restituet
430 3205 459 3244 ».

208 3365 345 3417 Suffixum
359 3367 389 3415 in
406 3371 496 3423 inum
517 3365 552 3416 ad
572 3370 681 3428 partem
704 3365 835 3416 animalis
857 3366 985 3416 mutilam
999 3365 1127 3427 retertur,
1141 3378 1199 3416 non
1218 3366 1254 3416 ad
1273 3366 1437 3418 dominum:
1454 3370 1503 3419 illa

170 3462 231 3506 erat
242 3455 385 3505 atterenda
399 3454 435 3506 ad
453 3455 597 3506 dominum
616 3467 674 3504 non
693 3454 823 3504 dominus
839 3455 868 3504 in
891 3467 955 3504 eum
973 3453 1092 3504 tortasse
1111 3455 1291 3506 remotiorem
1305 3457 1397 3507 locum
1411 3457 1502 3508 abdu-

168 3545 282 3594 cendus.
299 3550 338 3602 *w
361 3545 544 3594 invertere
560 3543 611 3602 ad,·
629 3545 709 3605 Tora.
725 3545 787 3605 Syr.
809 3543 909 3593 lusor.
921 3544 1033 3606 planius
1051 3547 1162 3594 vertere
1185 3546 1257 3594 tertis
1277 3559 1285 3593 .-
1307 3545 1409 3610 deserat
1429 3545 1500 3597 ttlnd

170 3639 306 3696 tamquam
322 3639 489 3683 teatemsuae
501 3633 693 3692 innocentiae,
708 3632 778 3694 quod
790 3631 956 3682 dilaniatum
971 3632 1068 3696 suerit,
1085 3645 1141 3682 aon
1155 3634 1285 3684 restituet.

384 3860 404 3908 δ.
419 3859 548 3908 Conclusio
562 3861 593 3908 de
607 3860 762 3921 reparatione
775 3875 821 3921 pro
836 3860 964 3908 commodo
978 3860 1091 3908 iacienda
1101 3859 1148 3907 Ex.
1164 3863 1232 3920 22,st
1249 3875 1284 3920 sq.

213 4039 296 4127 Arq.
318 4075 363 4086 -
382 4037 672 4106 Commodatarins
698 4037 948 4104 restitutionem
973 4038 1077 4104 faciat
1095 4059 1157 4127 pro
1181 4036 1413 4104 iumentorum
1439 4036 1498 4104 de-

170 4141 347 4227 trimento,
369 4143 463 4233 quod
486 4167 585 4235 passa
608 4149 687 4212 sunt
707 4144 961 4212 commodatore
980 4166 1050 4210 non
1069 4149 1265 4234 praesente;
1282 4144 1319 4210 in
1338 4144 1497 4211 mercede

167 4256 300 4330 tamen,
317 4251 346 4317 si
360 4253 592 4318 mercenarius
606 4251 666 4335 sit,
685 4251 974 4318 commodatarius
987 4274 1032 4317 ne
1047 4250 1244 4317 mulctetur.

212 4379 244 4423 u.
264 4361 306 4423 it
329 4387 344 4416 u
370 4357 437 4438 Qui
452 4380 474 4424 a
488 4358 647 4448 procimo
666 4381 726 4424 sito
739 4357 944 4448 [quidquam
963 4355 1096 4444 torrem]
1117 4369 1236 4423 niittuo
1251 4357 1497 4446 postulaverit,

167 4461 432 4529 atelebilitatum
459 4476 521 4530 aret
542 4477 713 4530 morarum
738 4464 848 4553 suerit
874 4463 1013 4530 damino
1043 4485 1112 4529 non
1132 4476 1331 4552 praesente,
1358 4463 1498 4531 reddere

167 4569 390 4650 compelletur
419 4598 448 4635 ».
475 4572 598 4657 Agitur
621 4571 692 4638 iam
720 4572 764 4637 de
791 4569 1003 4637 continuitate
1033 4592 1092 4636 seu
1117 4581 1249 4636 rnzctuo.
1270 4576 1392 4655 Porro,
1415 4571 1497 4637 dum

167 4675 376 4765 depositaria
400 4676 542 4744 offertur
567 4700 622 4744 res
641 4683 782 4768 propter
805 4678 935 4744 bonum
963 4675 1185 4765 depositoris,
1213 4676 1499 4744 commodatarius

167 4784 320 4871 exposcit
331 4804 404 4850 rem
417 4789 558 4873 propter
567 4805 668 4850 suum
677 4784 783 4873 ipsius
795 4783 937 4850 bonum.
956 4781 1003 4848 Cf.
1023 4780 1098 4849 Gai.
1119 4785 1217 4848 Recte
1233 4781 1348 4870 quoad
1363 4803 1497 4848 sensum
