3534 5384
223 385 283 445 230
712 400 749 443 ax
770 399 908 444 recurro
930 401 960 444 m
981 401 1074 444 sisar.

224 539 378 602 mentum
393 533 436 600 sit
453 555 609 623 passum,
627 532 811 624 nullusque
827 534 976 600 adfuerit
990 535 1072 600 facti
1089 534 1199 618 testis,
1221 535 1349 624 poterit
1366 555 1402 601 se
1418 532 1555 623 doposi-

221 641 329 707 tarius
341 641 537 707 iuramento
549 659 717 730 purgare;
735 641 763 707 si
782 663 863 708 vero
879 641 952 730 ipse
967 641 1161 708 iumentum
1171 642 1304 708 furatus
1323 639 1383 724 sit,
1405 640 1553 707 furtum-

221 769 287 836 que
305 752 428 838 sponte
451 747 609 830 fateatur,
627 747 793 814 restituat.
816 748 958 825 Quando
984 747 1176 815 iumentum
1196 747 1300 814 fuerit
1327 747 1551 836 discerptum,

224 853 297 919 loco
321 853 507 920 iuramenti
533 858 567 918 et
588 852 632 919 ad
653 851 872 942 probandum
890 854 1020 920 factum
1038 854 1190 944 proterat
1203 851 1256 938 id,
1273 853 1368 942 quod
1383 851 1555 942 reliquum

226 960 401 1050 repererit.

267 1089 301 1133 v.
325 1072 366 1133 10
388 1065 462 1133 «Si
480 1064 557 1154 quis
571 1064 858 1132 commendaverit
870 1064 1033 1155 prouimo
1050 1089 1111 1134 suo
1136 1063 1288 1150 usinum,
1312 1065 1443 1149 bouem,
1463 1087 1556 1133 ocem

222 1185 255 1240 et
275 1195 372 1239 omne
388 1172 579 1238 iumentum
592 1171 641 1238 od
653 1170 861 1254 custodiam,
880 1184 913 1238 ct
925 1185 1098 1239 ncortuum
1108 1171 1222 1262 fuerit,
1232 1185 1292 1239 ortt
1306 1170 1523 1238 debilitatum
1540 1201 1555 1233 »

224 1317 268 1329 -
284 1277 387 1347 Hebr.
409 1279 565 1365 fructum
583 1317 627 1326 -
649 1305 665 1338 «
682 1279 737 1344 cel
748 1290 886 1368 coptum
903 1280 956 1360 [ob
970 1278 1153 1366 hostibus'l,
1179 1277 1363 1368 nullusque
1384 1278 1446 1344 ltoc
1461 1277 1557 1344 vidc-

225 1385 268 1451 rit
287 1414 321 1467 r,
339 1423 383 1434 —
403 1413 418 1445 o
441 1385 470 1450 si
491 1385 582 1451 enim
608 1389 719 1452 essent
740 1390 858 1467 testes,
874 1384 1030 1474 ipsorum
1051 1383 1247 1452 testimonio
1266 1385 1348 1452 stari
1363 1389 1553 1474 oporteret,

225 1513 293 1558 non
308 1495 396 1557 esset
409 1490 656 1558 recurrendum
676 1490 721 1558 ad
742 1491 1006 1559 iuramentum»
1026 1490 1149 1582 (Syia.)
1164 1531 1209 1542 -
1228 1514 1260 1559 v.
1282 1498 1321 1560 11
1342 1519 1359 1554 a
1381 1490 1557 1558 iusiuran-

225 1595 307 1663 dum
326 1625 342 1658 »
359 1597 461 1664 Iolzce
489 1596 604 1686 (Hcdr.
628 1599 723 1665 Sum.
744 1597 862 1666 ctatd.
889 1599 992 1687 Sym
1016 1603 1168 1665 econtra
1183 1599 1275 1664 LXX
1289 1597 1389 1686 θεεϋ),
1412 1619 1491 1664 oum
1504 1597 1557 1664 in-

225 1703 401 1770 vocatione
418 1725 462 1771 ss.
484 1704 635 1770 nominis
654 1705 916 1794 pronuntiatum
944 1703 1000 1793 (ct.
1024 1710 1044 1770 Ξ
1066 1709 1151 1791 Reg.
1174 1710 1276 1788 21,7;
1299 1709 1419 1791 3Reg.
1441 1704 1555 1792 tit),

227 1837 243 1872 o
259 1809 369 1876 critin
382 1809 495 1876 medio
511 1837 526 1870 »
538 1863 546 1889 ‚
557 1811 659 1876 chc.
678 1810 854 1877 interillos
870 1809 973 1891 dicon,
992 1837 1008 1871 «
1022 1809 1116 1900 quod
1124 1833 1194 1876 uon
1206 1809 1399 1877 ertenderit
1414 1831 1557 1876 omnum

225 1915 354 1983 adrem
365 1916 519 2006 proximi
532 1916 587 1982 sui
591 1935 606 2001 ,⁰
617 1916 847 2006 suscipietque
857 1916 1018 1982 dommus
1033 1917 1328 2001 immutaturum
1343 1915 1402 1982 illc
1417 1915 1558 1982 reddero

226 2045 297 2089 riou
320 2036 458 2112 copctur
482 2051 512 2087 ».
538 2022 711 2112 Depositor
729 2023 964 2090 iuramentum
983 2022 1071 2090 illud
1086 2022 1226 2090 debebit
1236 2045 1299 2113 pro
1315 2027 1389 2090 rato
1408 2023 1556 2102 habere,

227 2129 453 2220 depositarius
475 2127 566 2195 liber
585 2128 782 2197 censebitur
795 2130 1020 2197 restitutionis
1037 2128 1263 2216 obligatione.
1278 2169 1322 2178 —
1341 2129 1432 2197 Facit
1444 2135 1557 2197 autem

227 2235 464 2303 difficultatem
485 2257 518 2302 v.
543 2240 584 2301 12
607 2234 729 2302 iubens
757 2223 949 2324 simplicem
978 2259 1041 2327 pro
1067 2236 1158 2302 furto
1185 2236 1451 2318 restitutionem,
1479 2255 1558 2302 oum

230 2341 387 2408 videatur
402 2341 633 2407 contradicere
647 2341 792 2407 versuit
810 2340 984 2430 duplicem
999 2342 1172 2409 statuenti.
1191 2346 1298 2419 Quare
1314 2345 1370 2408 rs.
1390 2343 1461 2408 lou.
1480 2363 1559 2408 cen-

227 2452 336 2530 set,v.
357 2455 377 2513 'l
392 2447 451 2534 agi
465 2446 508 2513 de
523 2447 676 2537 deposito
692 2447 915 2514 custodiendo
929 2446 1099 2533 gratuito,
1112 2470 1144 2514 ν.
1158 2454 1198 2515 12
1214 2448 1256 2515 de
1271 2447 1428 2539 deposito
1446 2451 1559 2514 custo-

230 2553 356 2621 diendo
367 2576 432 2644 pro
447 2554 616 2620 mercede.
636 2553 833 2643 suppositio
849 2559 898 2620 est
913 2553 1107 2634 arbitraria,
1120 2554 1359 2622 difficultatem
1374 2577 1446 2620 non
1458 2553 1561 2621 solvit

229 2658 290 2728 sed
305 2665 409 2748 auget
426 2683 434 2728 ε
454 2682 569 2727 nonno
589 2660 618 2727 is
636 2661 786 2728 severius
811 2658 1007 2749 puniendus
1031 2664 1120 2740 erat,
1137 2659 1198 2750 qui
1212 2683 1268 2742 ea,
1286 2684 1349 2751 pro
1364 2651 1560 2751 quibuscu-

228 2765 416 2834 stodiendis
440 2767 632 2833 mercedem
649 2765 855 2856 accipiebat,
874 2766 1007 2834 iuratus
1028 2771 1117 2850 erat,
1140 2789 1180 2834 eo
1201 2767 1262 2855 qui
1278 2769 1431 2854 gratuito
1448 2771 1559 2834 custo-

231 2872 358 2940 diendo
375 2877 591 2962 susceperat?
609 2872 675 2939 Alii
697 2873 820 2939 sistunt
840 2874 878 2938 in
901 2895 984 2940 voce
1005 2887 1102 2940 turn.
1121 2874 1221 2941 Cuius
1241 2895 1319 2939 eum
1340 2895 1409 2940 esse
1424 2894 1559 2940 sensum

231 2979 380 3047 affirmat
405 2983 515 3059 Mem,
540 3001 614 3045 rem
637 2979 789 3046 ablatam
810 2999 882 3045 esse
907 2977 1112 3068 depositorio
1142 2979 1317 3046 «vidente
1344 2984 1403 3047 out
1433 2977 1560 3045 sciente

231 3091 291 3152 aut
319 3086 447 3174 alioqui
471 3086 591 3173 culpae
615 3084 731 3174 aliquo
756 3085 858 3151 modo
879 3085 1046 3174 participe
1073 3107 1107 3167 »;
1133 3085 1217 3151 dum
1242 3087 1362 3174 Bonsr.
1382 3085 1558 3151 exeadom

232 3214 315 3258 voce
334 3192 453 3270 infert,
476 3213 549 3258 rem
569 3190 717 3257 ablatam
738 3212 808 3257 esse
828 3191 872 3257 ab
895 3191 985 3280 ipso,
1003 3191 1057 3258 oui
1083 3192 1195 3258 tuerat
1209 3191 1404 3274 commissa,
1424 3179 1561 3280 depost-²

232 3298 330 3366 tario.
346 3301 441 3365 Certe
453 3297 873 3364 neutrumsensumhabet
883 3319 1004 3378 eavox,
1014 3319 1127 3386 neque
1143 3319 1296 3387 unquam
1309 3313 1351 3365 nt
1360 3295 1473 3364 induit
1487 3320 1560 3364 sen·

232 3425 307 3472 sum
324 3404 513 3493 passivum,
531 3403 854 3493 correspondentem
869 3404 976 3470 latino
996 3405 1054 3482 ab,
1072 3425 1198 3490 graeco
1215 3409 1280 3472 tat.
1303 3408 1417 3493 Neque
1435 3404 1558 3492 Bousr.

233 3510 401 3579 rationem
421 3508 646 3593 demonstrat,
671 3531 732 3577 cur
751 3530 772 3575 a
790 3509 897 3600 duplo
915 3508 1126 3577 restituendo
1141 3509 1309 3577 eximatur
1332 3509 1485 3578 nefarius
1503 3509 1559 3576 ille

233 3615 470 3705 depositarius.
494 3614 705 3682 constructio
726 3621 906 3703 sequentes
925 3615 1077 3683 admittit
1096 3615 1409 3705 interpretationes.
1428 3617 1558 3696 Prima,

233 3729 271 3789 ut
281 3727 379 3812 furto
394 3721 549 3788 oblatum
576 3726 771 3811 opponatur
789 3722 979 3812 participiis
998 3745 1031 3789 v.
1051 3728 1091 3790 10
1108 3736 1299 3806 mortuum,
1313 3725 1483 3812 fructum,
1502 3723 1560 3788 ob-

233 3828 384 3896 ductum.
403 3828 439 3894 Si
458 3827 641 3895 obductum
663 3827 767 3893 luerit
785 3829 994 3908 iumentum,
1012 3828 1206 3895 iuramento
1228 3851 1263 3895 so
1282 3834 1410 3919 purget
1429 3828 1561 3918 deposi-

233 3936 354 4016 tarius,
371 3934 645 4016 nihilrestituat3
660 3936 786 4001 sivero
803 3935 899 4022 furto
916 3933 1117 4018 abdimum,
1139 3936 1309 4018 restituat,
1326 3935 1368 4001 ad
1384 3935 1560 4002 iuramen-

232 4049 305 4110 tum
327 4064 397 4108 non
422 4040 634 4107 admittatur.
651 4045 694 4106 at
713 4062 885 4128 quaenam
904 4041 1055 4130 practice
1087 4040 1236 4108 habetur
1263 4039 1458 4108 differentia
1473 4042 1563 4108 inter

233 4147 358 4214 obduci
381 4155 414 4214 et
435 4147 534 4234 furto
566 4147 728 4234 auferri?
749 4154 783 4213 et
813 4169 883 4235 quo
910 4152 1115 4233 argumento
1138 4169 1178 4213 ea
1205 4146 1397 4214 differentia
1419 4147 1561 4214 demon-

233 4255 334 4321 strari
347 4258 499 4344 poterat,
517 4252 578 4320 ubi
598 4275 695 4319 rreruo
715 4251 880 4319 uidisset?
895 4257 941 4320 Ac
956 4252 1096 4320 tandem
1116 4252 1169 4318 lex
1186 4254 1251 4320 hoo
1269 4275 1371 4320 sensu
1385 4253 1562 4320 intellecta

232 4367 317 4427 esset
330 4359 461 4449 iniqua.
482 4358 654 4441 Secundo,
671 4364 812 4448 possunt
835 4359 992 4426 intimius
1011 4381 1043 4425 V.
1064 4365 1101 4425 11
1125 4364 1160 4425 et
1176 4365 1216 4425 lt
1231 4361 1297 4427 hoc
1316 4360 1420 4426 modo
1436 4360 1559 4446 iungi:

232 4465 260 4532 si
272 4465 496 4554 depositarius
511 4489 545 4532 se
561 4466 754 4532 iuramento
771 4465 988 4554 purgaverit,
1006 4464 1094 4531 nihil
1114 4467 1285 4549 restituet;
1306 4471 1444 4557 excepto
1460 4488 1558 4547 casu,

233 4594 300 4663 quo
315 4593 435 4661 reapse
453 4572 645 4638 iumentum
659 4571 732 4661 ipse
749 4572 879 4639 furatus
902 4572 945 4638 sit
964 4573 1006 4636 ob
1021 4572 1109 4660 ipso,
1132 4593 1177 4639 so.
1200 4572 1377 4639 adomino
1392 4595 1423 4638 v.
1445 4579 1482 4639 11
1500 4595 1561 4640 sou

232 4678 443 4770 depositore,
461 4700 528 4767 quo
544 4677 653 4764 igitur
666 4679 869 4768 peioraverit
889 4700 897 4745 :
915 4680 952 4744 in
966 4678 1033 4744 hoe
1049 4699 1129 4745 casu
1143 4679 1313 4757 restituet,
1331 4678 1392 4744 sed
1408 4701 1478 4745 non
1495 4679 1561 4745 du-

230 4786 338 4876 plum.
349 4784 383 4852 si
394 4791 502 4852 textus
509 4785 557 4851 ita
567 4783 765 4874 accipiatur,
776 4784 998 4873 privilegium
1007 4783 1296 4852 voluticontertur
1302 4785 1453 4876 periuro,
1466 4785 1562 4852 cuius
