3534 5384
729 421 795 467 ner.
818 407 869 472 3‚l
893 423 956 473 seu.
1451 407 1508 466 373

180 558 283 621 pienda
305 557 374 621 ilud.
392 559 487 619 leam
505 560 582 621 tl,l;
602 561 611 609 i
630 560 701 624 Reg.
721 559 827 620 iiiut
847 559 916 623 ch.
932 557 1021 625 ilas)
1038 573 1101 618 scu,
1116 561 1146 610 ut
1163 559 1228 610 dicit
1242 560 1269 608 S.
1289 557 1503 626 attenuatae

180 661 208 710 q.
227 648 275 698 ult
291 662 318 698 a.
333 647 347 697 3
367 648 402 698 ad
421 645 461 715 8),
480 664 492 697 c
509 661 544 698 ex
558 648 652 699 debito
666 648 794 700 beneficii
807 650 852 698 vel
872 647 1026 712 accipiendi
1045 649 1090 698 vel
1105 649 1211 712 accepti
1226 664 1250 696 ι.
1264 648 1363 712 Neque
1382 648 1417 699 ad
1437 662 1503 712 gra-

180 738 281 786 tiarum
300 740 438 788 actionem
461 737 515 788 hoc
538 737 738 788 sacrificiorum
760 750 849 802 genus
873 749 907 786 eo
930 739 1116 800 restringitur,
1137 736 1212 800 quod
1236 737 1360 800 pleniore
1384 739 1497 788 nomine

180 805 289 882 ecta
303 833 380 881 nain
400 832 456 881 rut
471 828 629 890 appelletur
648 825 724 894 (rev.
742 827 814 887 aia
836 824 890 890 rs),
909 827 953 876 ver
969 833 1045 882 nun
1060 832 1115 882 nm
1129 824 1232 890 (tata
1249 825 1294 876 rs.
1310 825 1342 876 lc
1359 823 1422 892 [sq.
1443 823 1497 891 lu,

177 915 222 963 vel
246 920 322 970 Min
347 914 406 981 (Ps.
430 915 511 972 55,Ῑῖ
536 913 665 982 [56.l3]).
686 915 765 967 Licet
791 917 866 965 enim
889 913 1040 975 sacrificia,
1061 928 1134 979 quae
1157 915 1211 964 hoc
1233 916 1345 964 nomine
1370 917 1495 974 veniunt,

177 1005 261 1052 etiam
285 1003 320 1053 ad
339 1006 493 1066 gratiarum
514 1007 652 1055 actionem
670 1005 833 1066 oiierantur,
848 1009 942 1054 tamen
962 1009 1037 1059 l'itin
1057 1005 1084 1053 vi
1103 1003 1188 1066 etvmi
1207 1015 1263 1053 non
1283 1004 1436 1066 gratiarum
1454 1017 1503 1053 ac·

175 1093 281 1141 tionem
297 1095 392 1155 sonat,
408 1094 458 1144 sed
477 1094 664 1157 agnitionem,
680 1094 801 1145 laudem.
817 1094 851 1144 lit
868 1093 937 1145 Lev.
955 1093 1029 1154 7‚l‘l.
1046 1092 1077 1142 le
1098 1093 1206 1143 hostiae
1225 1093 1405 1156 paellicorum
1425 1093 1499 1142 divi-

176 1180 279 1230 duntur
297 1182 326 1230 in
344 1195 407 1241 eas,
421 1195 494 1246 quae
508 1181 663 1233 oiieruntur
681 1188 757 1239 min
773 1164 819 1242 bit,
836 1185 864 1232 ct
877 1195 940 1239 eas.
955 1195 1028 1246 quae
1042 1182 1197 1232 offeruntur
1211 1188 1293 1238 iim
1307 1187 1341 1236 itt
1357 1187 1421 1245 iil,
1438 1181 1457 1230 i.
1473 1194 1497 1230 c.

178 1277 235 1318 coto
250 1276 298 1318 out
311 1269 480 1331 voluntarie;
493 1283 560 1335 ergo
579 1274 656 1335 prior
669 1272 813 1336 expressio
830 1272 941 1322 videtur
959 1272 1097 1336 respicere
1111 1271 1231 1330 hostias,
1249 1283 1321 1334 quae
1340 1271 1500 1334 pertineant

176 1357 212 1406 ad
231 1359 335 1410 cultum
354 1373 410 1408 non
430 1360 681 1410 extraordinarium
695 1361 745 1411 sed
759 1361 944 1422 ordinarium,
962 1362 1064 1423 etipsa
1079 1359 1141 1422 lege
1160 1359 1255 1410 divina
1273 1358 1501 1422 praescribeban-

177 1450 231 1508 tur,
255 1453 375 1511 apteque
398 1451 514 1499 vertitur
532 1449 628 1498 cultus.
650 1449 748 1512 Neque
771 1451 810 1500 ita
831 1451 974 1514 expressio
995 1455 1071 1504 ri'tin
1094 1455 1148 1505 rint
1170 1447 1200 1498 su
1223 1448 1405 1512 pleonastica.
1428 1445 1498 1498 Cum

177 1538 251 1586 enlm
272 1543 327 1591 mi
347 1537 381 1587 de
396 1551 427 1588 se
446 1540 644 1588 mactationem
665 1540 802 1602 exprimat
814 1541 874 1588 sive
888 1538 1034 1602 protanam
1051 1540 1110 1588 sive
1124 1550 1241 1596 sacram,
1260 1537 1400 1588 adiectum
1417 1543 1493 1592 iiiiii

177 1626 279 1675 iudicat
295 1627 341 1690 agi
355 1626 390 1677 de
404 1628 572 1677 mactatione
586 1640 679 1687 sacra,
695 1628 731 1677 ad
750 1628 855 1678 cultum
874 1629 1040 1692 pertinente.
1056 1654 1091 1662 -
1107 1627 1162 1676 Alii
1177 1627 1262 1690 igitur
1281 1624 1316 1676 ad
1331 1625 1410 1676 verbi
1428 1606 1497 1682 obiti

175 1713 408 1776 significationem
423 1716 470 1766 lral
483 1719 648 1766 recurrunt:
665 1718 813 1780 talearum,
826 1717 931 1766 saluum
943 1729 1010 1774 esse,
1026 1729 1091 1779 pace
1106 1715 1173 1777 [rui.
1191 1715 1262 1766 Hine
1281 1715 1346 1764 ln
1361 1710 1495 1781 σωτηρίου,

179 1802 253 1866 Vola.
267 1804 454 1869 pacificorum,
470 1807 532 1868 Syr.
550 1804 663 1866 solutis,
679 1805 775 1856 Chald.
791 1805 1024 1869 sanctificationis.
1040 1829 1076 1842 ···
1090 1804 1219 1856 Ceterum
1239 1805 1318 1862 nota,
1336 1805 1428 1866 ipsum
1442 1817 1493 1854 no·

174 1905 237 1942 men
251 1905 314 1943 esse
333 1894 651 1956 antiquissimum,'cum
663 1895 709 1944 vci
722 1895 777 1957 ipsi
790 1895 945 1944 Phoenices
958 1906 1047 1956 genus
1062 1893 1260 1944 saeriilciorum
1275 1893 1404 1942 noverint
1423 1871 1493 1948 nbat

172 1961 224 2034 tt:
246 1981 359 2044 (passim
382 1982 412 2029 in
433 1983 613 2045 inscriptione
637 1996 717 2032 sacra
740 1981 932 2048 Massiliensi),
952 1983 1030 2033 cuius
1053 1987 1147 2032 tamen
1175 1994 1248 2044 quae
1272 1980 1355 2030 luerit
1381 1981 1490 2030 indoles

172 2069 342 2132 ignoramus.
358 2070 490 2121 Ceterum
509 2072 644 2121 eiusmodi
663 2073 779 2122 nomina
799 2085 856 2122 non
875 2083 987 2135 semper
1005 2073 1093 2121 tetam
1112 2075 1140 2120 et
1160 2071 1286 2120 intimam
1306 2069 1347 2119 rei
1369 2069 1491 2118 indolem

171 2158 297 2221 pandunt
314 2171 320 2206 :
337 2171 405 2208 sane
417 2159 492 2222 apud
504 2172 557 2210 nos
571 2159 747 2210 Eucharistia
764 2173 822 2210 non
836 2163 879 2210 est
894 2172 1000 2210 merum
1015 2161 1169 2222 gratiarum
1183 2161 1300 2209 actionis
1314 2157 1492 2208 sacrificium.

615 2366 645 2411 u.
665 2363 813 2424 Sacrificium
827 2361 891 2409 bocia
905 2363 962 2410 Lev.
978 2365 1050 2422 3,l·5.

215 2523 297 2610 Cap.
319 2523 414 2588 [Ην.
429 2529 449 2592 ,1
468 2551 484 2584 a
505 2523 635 2604 Qrcodvi
653 2523 765 2590 bestia
782 2523 1008 2615 pacificorum
1022 2524 1128 2611 scierit
1143 2525 1215 2590 eius
1231 2523 1375 2605 oblatee,
1398 2537 1430 2590 et
1445 2523 1486 2590 dc

167 2629 268 2694 bobus
281 2628 428 2696 voluerit
444 2630 579 2720 efferre,
590 2653 719 2698 marcia
734 2631 997 2721 sicesemittam,
1008 2631 1231 2698 immaculata
1247 2631 1491 2721 offcrctcoram

165 2735 311 2800 Domino
330 2765 368 2815 r,
390 2734 562 2803 maculata
576 2737 743 2804 dedecent
762 2737 955 2804 llominum.
974 2738 1186 2805 Constructio
1203 2752 1331 2830 imp...
1350 2753 1408 2801 qut
1430 2738 1493 2802 uti-

165 2863 231 2928 que
256 2840 498 2931 correspondet
524 2844 767 2917 constructioni
794 2850 861 2926 1,3‚
887 2844 970 2933 quin
998 2852 1161 2932 sequatur
1181 2842 1346 2932 (ailina),
1373 2865 1446 2932 cap.
1471 2851 1490 2908 2

165 2946 322 3034 primitus
339 2948 429 3013 inter
442 2971 518 3038 cap.
537 2955 628 3016 1et3
642 2973 712 3017 non
725 2949 952 3016 intercessisse
975 2972 982 3018 :
1000 2971 1079 3027 nam
1095 2947 1235 3016 aliunde
1251 2951 1398 3016 invicem
1413 2971 1489 3016 cor-

163 3053 370 3141 respondent
384 3055 653 3122 constructiones
673 3062 729 3137 1,·2
744 3071 830 3149 altpt
848 3073 877 3119 o
893 3073 958 3121 otu
978 3062 1011 3124 et
1024 3063 1078 3138 ΞΛ
1094 3071 1177 3148 eupit
1194 3070 1224 3118 ti
1239 3071 1315 3122 will.
1336 3057 1383 3122 Ci.
1402 3077 1489 3145 quae

162 3158 309 3225 diximus
326 3183 361 3248 p,
389 3167 465 3227 362.
483 3185 515 3227 v.
538 3167 592 3226 2«
611 3165 786 3253 Ponetque
805 3186 947 3229 maurim
959 3187 1060 3254 stipor
1080 3176 1180 3255 capaci
1197 3163 1354 3231 uictimae
1372 3185 1454 3230 stiae
1472 3191 1487 3224 u

164 3266 219 3352 (cs.
251 3264 337 3353 i‚t)‚
363 3295 379 3326 α
405 3290 494 3352 qttac
513 3268 748 3336 irruuolabiiur
770 3270 808 3335 iit
836 3270 980 3336 introitu
1007 3270 1219 3338 tabernaculi
1244 3269 1430 3336 testimonii
1457 3299 1485 3335 n.

162 3372 336 3460 Expressio
350 3396 418 3440 non
433 3380 483 3440 est
497 3374 545 3440 ita
559 3377 729 3464 praecisa,
744 3375 847 3466 atque
864 3378 973 3444 altera
990 3385 1083 3460 1,11;
1102 3385 1216 3445 tamen
1231 3378 1419 3444 secundum
1434 3378 1483 3444 ibi

161 3479 325 3568 explicata
342 3480 436 3548 idem
459 3481 554 3548 locus
572 3483 709 3551 videtur
722 3484 872 3572 intelligi
892 3506 900 3552 ε
924 3485 1007 3550 ibic
1025 3483 1166 3572 regione
1184 3484 1399 3552 tabernaculi
1419 3485 1484 3550 im-

160 3586 378 3655 molabantur
400 3589 575 3669 victimae,
600 3591 635 3656 h.
658 3590 681 3658 l.
705 3597 785 3658 ante
810 3594 883 3658 eius
903 3591 1043 3672 ostium;
1073 3592 1198 3681 quibus
1217 3614 1305 3659 unus
1323 3590 1485 3679 idemque

160 3690 251 3758 locus
269 3695 447 3762 commode
463 3696 637 3782 designari
653 3702 774 3786 petest.
796 3728 810 3757 »
833 3698 1058 3784 Ficndentquc
1074 3697 1144 3788 filii
1160 3701 1276 3766 Aaron
1290 3698 1482 3766 sacerdotes·

156 3798 565 3891 siirrpuiucmperaltaris
578 3803 762 3870 circuitum
776 3833 791 3863 »
806 3805 867 3894 (ci.
888 3807 970 3893 1,5).
985 3828 1017 3871 v,
1036 3812 1084 3872 3«
1100 3808 1143 3870 Ei
1157 3807 1302 3897 offer-ent
1315 3805 1356 3871 dc
1369 3805 1482 3871 bestia

150 3905 372 3993 siticificarum
392 3908 427 3973 in
449 3909 656 3976 oblationem
674 3939 707 3991 n,
723 3911 992 3978 combustionem
1014 3913 1068 3999 (cf.
1089 3919 1180 3995 aii.
1202 3913 1255 4001 16)
1278 3943 1293 3973 u
1309 3911 1471 3993 lietuino,

155 4009 291 4099 vidilicet
315 4012 377 4101 qui
397 4016 507 4105 operit
528 4015 651 4083 uitalia
672 4045 707 4095 »,
733 4033 793 4110 :tp
815 4018 977 4085 intestina
998 4019 1140 4100 ventris,
1163 4043 1232 4086 non
1247 4019 1393 4108 pecteris
1414 4021 1424 4107 i
1448 4020 1471 4085 l.

154 4117 199 4182 ud
222 4123 279 4184 Ex.
302 4121 430 4208 tait),
456 4148 472 4183 «
490 4136 522 4190 ct
536 4123 709 4213 quidquid
714 4123 940 4214 pinquediois
964 4137 1013 4192 est
1033 4125 1238 4192 intrinsecus·
1257 4155 1287 4206 »‚
1311 4131 1478 4214 estsuper

153 4223 274 4290 cadem
289 4226 464 4309 intestina,
482 4251 553 4295 nen
570 4231 681 4296 solum
694 4253 735 4298 ea
747 4230 911 4312 obvolvit,
926 4233 985 4299 sed
1000 4232 1048 4299 eis
1060 4233 1283 4322 quomodovis
1297 4233 1474 4315 accrescit;

152 4353 185 4396 v.
206 4335 253 4396 i«
271 4331 356 4397 diros
370 4355 465 4400 rencs
485 4361 500 4394 o
523 4338 588 4419 (Ex.
610 4342 724 4418 iaia.
742 4337 797 4425 Ἠ)
814 4367 830 4398 «
849 4361 927 4405 cum
943 4339 1061 4429 adipe,
1080 4362 1146 4428 quo
1164 4351 1324 4428 lequuntur·
1338 4339 1415 4425 ilia,
1442 4353 1474 4406 ei

151 4438 330 4504 rca'culcurt
359 4438 476 4506 iecoris
502 4463 578 4506 cairi
604 4444 803 4510 remmcalis
829 4465 861 4522 »ς
891 4468 923 4512 v.
951 4454 970 4514 5
997 4444 1285 4535 «adolebuntque
1309 4471 1348 4512 co
1376 4476 1391 4508 »
1410 4446 1479 4536 filii

151 4546 267 4611 Aaron
284 4575 299 4606 u
316 4568 417 4634 siqici·
431 4547 540 4613 altore
553 4549 588 4614 iu
602 4549 847 4633 holocaustum,
864 4551 969 4640 lz'qttis
983 4553 1062 4641 iprae
1075 4552 1248 4642 supposito
1261 4581 1277 4614 a
1295 4553 1350 4642 (cf.
1369 4554 1473 4640 1,1ἒ),

153 4676 169 4710 «
188 4650 225 4717 itt
239 4651 443 4719 oblationem
456 4655 650 4720 ermanni
662 4657 776 4722 odoris
792 4658 937 4722 Domino
957 4686 973 4718 »
991 4660 1046 4746 (ei.
1066 4665 1134 4735 2,·2.
1152 4659 1198 4746 a).

186 4844 212 4882 v.
231 4833 370 4894 itendit,
388 4834 434 4884 ubi
452 4835 530 4898 tuq.
544 4836 744 4891 immolabitur:
755 4852 782 4886 v.
798 4839 812 4888 3
829 4845 945 4922 zttpi‘r'..
962 4839 1023 4888 sola
1042 4839 1115 4900 talc.
1133 4841 1195 4889 tri·
1206 4841 1344 4904 pluralem
1361 4841 1475 4892 liabent.
