3534 5384
1516 392 1614 435 Ex.
1666 379 1766 448 7,2
1810 393 1937 445 soo.
2948 381 3023 438 79
3117 435 3124 443 .

354 545 670 604 raonem,
705 537 781 589 ut
829 522 1137 591 dimittat
1159 524 1346 614 filios
1388 526 1604 592 Israel
1649 525 1730 591 de
1773 536 1952 592 terra
1988 549 2113 593 sua
2167 555 2225 592 ».
2261 530 2752 595 Praemonetur
2789 533 3021 595 tamen

355 637 635 718 Moyses,
672 631 815 697 sola
843 632 1054 698 verba
1092 633 1395 699 caritura
1423 655 1566 700 esse
1603 633 1873 699 effectu.
1906 627 1970 700 v.
2017 639 2056 700 3
2102 661 2133 694 «
2172 632 2313 699 Sed
2349 657 2474 723 eqo
2525 633 2864 700 indurabo
2910 659 3025 701 cor

353 738 532 819 eius,
562 749 627 803 et
656 738 1125 828 multiplicabo
1156 738 1360 828 siqua
1407 754 1474 805 ec
1515 751 1782 806 ostenta
1809 761 1961 806 mea
1994 740 2061 805 in
2120 751 2299 805 terra
2338 742 2643 830 Aeqypti
2686 769 2748 808 ».
2796 746 3025 830 Neque

355 845 498 910 sola
528 845 725 930 signa
769 846 1140 928 sufficient,
1190 846 1310 912 sed
1355 845 1548 912 clade
1585 847 1660 912 in
1690 847 1981 912 transitu
2032 848 2241 912 maris
2283 868 2454 935 opus
2476 848 2629 914 erit.
2680 870 2745 912 v.
2785 854 2822 914 [ι
2870 877 2899 909 «
2934 851 3024 913 Et

356 974 493 1016 non
545 951 783 1017 audiet
839 974 976 1021 1⁸08.
1035 952 1546 1042 Immictamque
1606 974 1890 1019 manum
1950 974 2174 1018 meam
2218 975 2425 1043 super
2474 956 2902 1043 Aeyyptum,
2964 966 3030 1019 et

358 1057 643 1124 educam
683 1059 1055 1125 emer-citum
1088 1057 1195 1147 [et]
1211 1058 1555 1148 populum
1581 1081 1807 1125 meum
1828 1058 2012 1148 filios
2040 1058 2254 1125 Israel
2273 1058 2354 1125 cle
2377 1072 2557 1126 terra
2583 1059 2884 1149 Aeqypti
2900 1082 3031 1149 per

361 1163 622 1230 iudicia
653 1165 960 1231 maxima
993 1193 1053 1233 ».
1085 1189 1148 1230 V.
1190 1173 1228 1232 5
1266 1194 1297 1226 «
1321 1168 1412 1231 Et
1440 1165 1657 1232 scient
1684 1164 2048 1256 Aeqyptii,
2073 1167 2239 1255 quia
2264 1189 2385 1255 eqo
2415 1188 2567 1233 sum
2593 1167 2927 1232 Dominus
2964 1193 3020 1252 »9

355 1271 538 1359 quod
578 1271 841 1337 Pharao
871 1293 941 1338 se
975 1271 1300 1358 ignorare
1327 1272 1792 1339 affirmaverat
1826 1272 2102 1360 (TOSC.);
2149 1299 2180 1332 ‹<
2215 1272 2341 1360 qui
2375 1300 2435 1353 »‚
2470 1295 2590 1339 seu
2628 1295 2809 1354 cam,
2851 1300 2882 1332 «
2918 1295 3030 1338 ez-

357 1375 686 1442 tenderz‘m
718 1399 1003 1444 manum
1032 1376 1267 1444 meam‘
1287 1399 1491 1467 super
1536 1380 1963 1467 Aeqyptum,
2002 1390 2066 1444 et
2096 1377 2451 1445 eduaeerim
2488 1377 2676 1467 filios
2705 1378 2918 1444 Israel
2946 1378 3028 1444 de

355 1482 580 1549 medio
613 1505 844 1550 eorum
889 1512 948 1548 ».
986 1506 1051 1551 v.
1087 1491 1125 1550 6
1164 1513 1192 1546 «
1237 1485 1421 1551 Fecit
1462 1484 1698 1574 itaque
1736 1487 2000 1573 Moyses
2041 1497 2106 1550 et
2142 1487 2414 1566 Aaron,
2444 1485 2624 1551 sicut
2653 1507 3025 1575 praecepe-

354 1602 465 1655 rat
492 1590 858 1674 Dominus,
896 1590 995 1657 ita
1046 1603 1334 1680 eqerzmc
1369 1618 1429 1659 >›.
1464 1613 1530 1656 v,
1575 1598 1614 1656 7
1652 1618 1684 1652 «
1721 1593 1895 1657 Erat
1922 1602 2152 1658 autem
2199 1594 2477 1679 Moyses
2511 1591 2861 1681 octoqz'nta
2900 1614 3029 1658 an-

357 1718 626 1782 norum,
663 1708 728 1760 et
756 1699 990 1763 Aaron
1017 1697 1368 1787 octoqz'nta
1392 1697 1631 1778 trium,
1659 1696 1937 1787 quando
1960 1698 2175 1764 locuti
2190 1709 2349 1763 sunt
2380 1697 2476 1764 ad
2500 1696 2935 1764 Pharaonem
2963 1727 3022 1764 ».

429 1915 632 1964 Missus
660 1914 841 1966 tuerat
879 1915 1099 1978 Moyses
1127 1916 1199 1966 ad
1229 1916 1610 1977 Pharaonem,
1639 1920 1700 1966 ut
1732 1917 1950 1964 nomine
1990 1915 2164 1965 Iahve
2216 1911 2264 1982 (ε
2308 1916 2430 1979 Ego
2472 1916 2646 1967 Iahve
2687 1918 2737 1980 n)
2778 1917 3029 1967 divinum

357 2004 409 2053 ei
430 2002 670 2054 deterret
694 2004 1045 2062 mandatum;
1073 2005 1442 2068 responderat
1472 2005 1696 2055 Pharao
1720 2017 1733 2052 :
1764 2020 1788 2052 ε
1817 2003 2021 2054 Nescio
2042 2003 2217 2055 Iahve
2242 2020 2291 2053 ι.
2325 2004 2445 2054 Iam
2474 2005 2628 2055 Deus
2655 2005 2714 2055 id
2742 2007 2894 2056 inter
2918 2007 3033 2056 alia

357 2091 578 2143 efficere
607 2093 931 2156 aggreditur
955 2092 1044 2158 (of.
1073 2093 1221 2155 7,17;
1256 2094 1308 2153 8,
1342 2094 1408 2144 22
1439 2091 1573 2160 [18];
1605 2093 1747 2153 10‚2;
1786 2092 1931 2153 14‚4.
1960 2088 2063 2159 18),
2089 2097 2151 2143 ut
2176 2094 2398 2143 Pharao
2428 2097 2562 2143 sciat
2593 2095 2775 2154 Iahve,
2802 2107 3027 2145 sensum

355 2180 630 2231 formulae
656 2197 679 2229 ι
706 2181 826 2244 Ego
850 2182 1023 2231 Iahve
1053 2197 1077 2229 ι
1112 2187 1370 2232 accurate
1402 2184 1731 2246 perspiciat,
1759 2182 2151 2232 auctoritatem
2170 2188 2227 2233 et
2259 2184 2571 2246 potentiam
2603 2184 2774 2233 Iahve
2794 2196 3029 2246 persen-

358 2271 479 2319 tiat.
508 2270 833 2333 Explicatur
860 2272 1148 2334 expressio
1172 2271 1298 2332 8,10
1323 2267 1392 2336 (6)
1420 2285 1433 2321 :
1464 2287 1486 2319 α
1513 2275 1574 2320 ut
1604 2273 1750 2320 scias
1767 2309 1779 2330 ,
1806 2273 2071 2333 quoniam
2094 2284 2208 2320 non
2237 2276 2324 2321 est
2352 2273 2495 2321 sicut
2515 2271 2689 2322 Iahve
2719 2272 2871 2322 Deus
2891 2285 3029 2322 nos-

360 2364 444 2408 ter
467 2374 491 2406 »
519 2357 604 2425 (cf.
631 2359 800 2425 9,14).
817 2387 885 2395 —
905 2361 1052 2409 Fecit
1072 2359 1293 2423 Moyses
1312 2360 1416 2410 Dei
1437 2360 1721 2419 mandata,
1743 2360 1984 2423 primum
2006 2361 2286 2422 quatenus
2306 2359 2555 2410 secundo
2576 2360 2649 2410 ad
2677 2360 3026 2410 Pharaonem

358 2448 649 2510 ingressus
677 2450 764 2497 est
795 2446 991 2514 (6,11);
1027 2448 1156 2499 dein
1185 2451 1463 2512 quatenus
1487 2450 1658 2499 toties
1686 2447 2073 2512 postmodum,
2107 2450 2329 2512 quoties
2373 2449 2546 2500 Iahve
2586 2449 2899 2508 mandavit,
2934 2450 3023 2498 in-

363 2548 591 2599 gressus
621 2539 707 2587 est
736 2543 792 2586 et
835 2538 1062 2600 singula
1088 2539 1350 2600 portenta
1377 2538 1644 2587 audacter
1689 2537 2048 2587 annuntiavit
2098 2542 2153 2586 et
2198 2542 2463 2601 operatus
2511 2541 2614 2588 est
2655 2538 2782 2588 Non
2821 2539 3023 2587 iterum

360 2623 588 2687 linguae
640 2624 915 2675 defectum
956 2626 1301 2689 praetendit,
1351 2626 1452 2676 sed
1490 2627 1679 2676 animo
1717 2628 1834 2689 egit
1883 2638 2091 2731 magno
2130 2630 2184 2676 et
2227 2625 2455 2676 fidente.
2495 2625 2802 2676 Commode
2845 2607 3021 2689 gene-

358 2712 531 2764 ralior
558 2715 650 2763 hic
678 2727 878 2766 sensus
905 2715 1216 2765 sententiae
1248 2716 1298 2774 7,
1310 2715 1340 2764 6
1367 2715 1646 2765 tribuitur.

768 2967 842 3016 11.
871 2966 1117 3016 MOYs1s
1150 2968 1293 3015 CUM
1325 2967 1701 3015 PHARAONE
1733 2966 2206 3015 coronarum
2241 2967 2343 3015 Ex.
2377 2968 2633 3027 7,8·12,36.

444 3178 533 3239 De
563 3173 892 3261 portentis
928 3194 1158 3238 coram
1197 3173 1552 3238 Pharaone
1589 3172 1875 3262 patratis
1911 3171 2161 3238 acturis
2198 3170 2397 3237 nobis
2430 3171 2739 3260 primum
2780 3192 3024 3236 eorum

355 3284 832 3368 portentorum
864 3278 1029 3368 finis
1060 3285 1159 3345 est
1207 3277 1661 3344 definiendus.
1702 3283 1866 3344 Erat
1894 3282 2125 3343 autem
2155 3275 2245 3356 is,
2286 3282 2363 3342 ut
2401 3276 2827 3362 intelligeret
2859 3278 3029 3343 Pha-

358 3407 511 3466 ra0,
556 3390 815 3473 Moysen
854 3407 1012 3452 vere
1055 3408 1096 3451 a
1137 3385 1342 3451 Iahve
1373 3407 1515 3451 esse
1565 3383 1883 3464 missum,
1923 3384 2131 3449 Iahve
2172 3383 2513 3449 eiusmodi
2544 3405 2688 3449 esse
2728 3404 3021 3465 numen,

353 3494 544 3558 cuius
576 3491 899 3558 mandato
927 3491 1034 3558 vel
1057 3491 1400 3558 Pharaoni
1426 3499 1597 3558 esset
1626 3489 2175 3579 obsequendum.
2207 3489 2388 3555 Finis
2409 3488 2852 3555 immediatus
2882 3510 3022 3554 non

357 3604 505 3664 erat
534 3598 956 3664 Pharaonem
995 3597 1311 3679 edocere,
1347 3599 1553 3664 Iahve
1584 3619 1725 3663 esse
1768 3596 1976 3663 deum
2008 3597 2205 3663 unice
2237 3617 2510 3678 verum,
2550 3594 2766 3661 multo
2802 3596 3026 3661 minus

376 3704 799 3771 Pharaonem
821 3704 910 3770 ad
935 3703 1197 3770 cultum
1227 3704 1432 3770 Iahve
1459 3703 1885 3792 pertrahere.
1920 3702 2106 3769 Illius
2124 3724 2332 3792 porro
2362 3702 2518 3768 finis
2548 3701 3027 3768 demonstran-

375 3809 448 3876 di
475 3810 777 3877 efficacia
805 3823 1213 3900 armamenta
1245 3809 1380 3876 sint
1422 3816 1693 3876 necesse
1723 3816 1821 3876 est
1850 3815 2170 3899 portenta
2207 3830 2347 3874 non
2381 3809 2585 3874 simul
2612 3813 2880 3874 tantum
2909 3807 3028 3872 sed

367 3916 786 4005 sinqillatim
810 3923 1134 4007 spectata.
1169 3918 1349 3983 Licet
1380 3917 1559 3982 enim
1586 3916 2032 4005 sequentibus
2061 3914 2251 3981 haud
2274 3913 2742 4003 spernendum
2773 3935 2808 3978 e
2834 3934 3030 4002 prae-
3058 3981 3065 3989 ,

360 4022 757 4090 cedentibus
783 4021 1121 4113 portentis
1158 4022 1531 4089 accedebat
1556 4023 1796 4104 robur,
1834 4026 2065 4087 tamen
2093 4021 2225 4086 nisi
2254 4020 2530 4106 singula
2564 4042 2688 4109 per
2717 4040 2787 4085 se
2825 4026 3029 4085 erant

352 4130 658 4196 efficacia
687 4129 1269 4196 demonstrandae
1307 4128 1542 4216 Moysis
1581 4127 1924 4194 missionis
1962 4133 2408 4214 argumenta,
2455 4126 2764 4216 iniquius
2794 4126 3033 4213 singu-

355 4235 438 4302 lis
483 4235 821 4322 neglectis
850 4236 1231 4303 iterabatur
1272 4234 1344 4300 in
1398 4236 1829 4301 Pharaonem
1873 4263 1903 4295 «
1942 4233 2269 4301 obdurati
2303 4233 2529 4299 cordis
2577 4260 2606 4293 »
2649 4234 3016 4299 accusatio.

356 4347 506 4409 Non
534 4342 694 4409 ideo
725 4342 1006 4432 aliquod
1029 4347 1430 4432 portentum
1463 4341 1655 4408 omni
1690 4341 2035 4430 probandi
2065 4342 2131 4407 vi
2162 4340 2577 4421 destituitur,
2619 4340 2808 4429 quod
2838 4342 3026 4426 magi

356 4448 533 4515 illud
570 4448 825 4516 imitati
872 4449 1010 4516 sint
1050 4449 1310 4537 (virga,
1351 4471 1565 4538 aqua,
1596 4449 1830 4534 ranae)
1888 4470 1902 4515 :
1937 4449 2150 4515 habet
2192 4447 2433 4514 saltem
2481 4449 2622 4513 vim
2669 4447 3033 4513 efficaciter

357 4555 696 4622 suadendi
753 4555 1229 4637 Pharaonem,v
1276 4553 1458 4643 quod
1515 4559 1785 4642 Moysen
1849 4553 2170 4621 exhibeat
2224 4550 2465 4621 eadem
2522 4554 2762 4642 utique
2824 4557 3029 4641 atquc

354 4662 575 4747 magi,
613 4685 653 4728 a
707 4663 1062 4728 Pharaone
1107 4662 1296 4729 haud
1340 4661 1731 4752 spernenda
1781 4661 2030 4728 virtute
2074 4662 2505 4728 instructum.
2561 4659 2810 4738 Quodsi
2860 4681 3023 4724 vero

356 4768 555 4835 lahve
613 4767 1120 4835 demonstretur
1174 4769 1283 4835 vel
1341 4774 1609 4835 tantum
1663 4773 1995 4856 quantum
2051 4767 2148 4833 dii
2209 4768 2705 4856 Aegyptiorum
2758 4764 3017 4846 valere,
