3534 5384
255 415 295 476 36
704 424 812 470 uors1s
832 425 908 469 aare
932 423 964 466 ru
985 423 1138 486 recurro.

259 577 275 610 u
292 569 389 636 seges
410 547 551 618 lemmes
572 569 601 608 u.
627 540 692 608 Sed
708 557 781 607 nitu
804 546 853 606 est
872 541 984 621 vivus,
1007 540 1117 620 vivax,
1139 551 1274 628 capetus
1296 560 1304 607 ε
1323 542 1380 604 Pa
1403 540 1478 605 lou.
1498 551 1588 628 pur,

190 655 191 658 ’
256 655 375 743 aliqua
388 650 497 720 versio
512 670 637 738 graeca
655 647 746 738 apud
762 647 856 714 Field
879 655 1071 734 decatessera,
1086 645 1365 734 concordantque
1384 647 1448 734 riq.
1466 650 1590 724 τοκάδες

257 768 290 830 et
316 757 438 826 Theod.
460 768 670 844 ζωογονοῡσιν,
696 776 784 842 quae
810 739 908 820 ¹voces
931 774 987 818 eas
1017 751 1179 819 uidentur
1203 751 1384 838 designare
1411 751 1588 828 mulieres

257 889 343 958 quae
354 865 448 955 ipsae
458 862 558 930 nulla
570 860 753 928 adiuvante
762 866 879 949 partus
891 859 994 926 edant
1003 897 1047 908 —
1060 886 1076 920 u
1091 871 1136 939 et,
1146 858 1351 948 priusquam
1359 858 1535 924 censemus
1546 855 1595 924 od

258 997 331 1054 eos,
345 971 492 1062 pariunt
510 995 541 1034 a.
563 967 747 1035 Veritatem
770 987 1022 1053 exaggeraverc
1043 964 1263 1048 obstetrices,
1279 987 1350 1032 non
1372 964 1489 1032 omnia
1514 969 1592 1030 sunt

258 1078 451 1148 ementitae.
469 1074 623 1142 Mulieres
634 1073 670 1139 in
684 1072 830 1172 criente,
846 1071 1018 1160 imprimis
1030 1070 1173 1151 Arabes,
1188 1093 1288 1161 saepe
1298 1071 1394 1138 nulla
1407 1069 1592 1138 adiuvante

256 1183 419 1254 facillime
442 1183 596 1272 pariunt.
617 1179 672 1268 Cf.
694 1177 801 1245 Calm.
825 1182 858 1243 et
877 1180 944 1243 Ku.
962 1177 1164 1244 obstetrices
1187 1200 1258 1244 non
1278 1200 1348 1245 csse
1367 1179 1499 1244 locutas
1517 1176 1589 1243 veri

257 1290 431 1360 absimilia
446 1287 528 1355 inde
551 1307 690 1376 quoquc
706 1285 854 1367 inieras,
872 1283 965 1374 quod
980 1307 1038 1350 rex
1056 1284 1104 1350 eis
1125 1312 1141 1346 «
1160 1283 1380 1351 crediderit»
1396 1283 1517 1373 (Tost.)
1535 1306 1591 1349 ne·

257 1421 324 1488 que
344 1417 489 1488 poenam
508 1388 683 1460 inflixerit.
704 1414 735 1458 v.
759 1397 801 1457 20
826 1418 841 1452 u
859 1392 951 1456 Reae
970 1412 1052 1479 erqo
1066 1390 1155 1478 fecit
1172 1394 1261 1457 Deus
1284 1389 1541 1472 obstetricibus;
1562 1400 1594 1456 et

258 1503 362 1571 crevit
372 1500 525 1592 popellus
537 1500 816 1586 confortatusque
830 1508 879 1562 est
891 1497 994 1563 uiuus
1010 1525 1040 1562 υ.
1058 1497 1218 1564 Nondum
1231 1502 1349 1586 aperte
1362 1497 1495 1565 Pharao
1509 1497 1594 1563 vitas

258 1610 487 1679 Hebraeorum
513 1609 755 1686 attentaverat,
776 1609 892 1670 tamen
912 1625 1031 1669 omnes
1056 1603 1127 1670 eius
1152 1603 1291 1670 fraudes
1319 1603 1440 1671 effectu
1470 1604 1594 1670 misere

258 1719 452 1786 caruerunt.
468 1736 502 1781 v.
522 1717 561 1780 Pl
582 1740 598 1774 u
618 1713 664 1778 Et
680 1711 763 1801 quic
779 1711 970 1776 timuerunt
982 1709 1173 1776 obstetrices
1186 1713 1307 1790 Deum,
1325 1710 1529 1798 aedificavit
1546 1710 1594 1775 eis

259 1823 376 1890 domos
401 1848 432 1906 n,
447 1820 471 1887 i.
493 1842 523 1887 e.
547 1817 702 1907 amplam
721 1817 769 1884 eis
788 1817 956 1884 concessit
974 1817 1208 1905 posteritatem
1234 1837 1242 1885 τ
1269 1816 1325 1884 hic
1347 1817 1440 1884 enim
1457 1838 1593 1907 expres-

259 1930 363 1997 sionis
378 1947 497 1995 sensus
512 1929 573 2007 est,
592 1924 635 1990 ct.
653 1929 749 1991 Deut.
765 1929 863 2005 25,9;
880 1923 983 1990 Ruth.
1006 1930 1083 2003 '⁹211
1105 1929 1169 1990 etc.
1187 1928 1307 1990 Versus
1320 1923 1440 2012 utique
1456 1923 1594 1990 distine-

259 2037 327 2104 tius
341 2033 497 2102 enuntiat
511 2029 617 2113 illud,
636 2029 729 2120 quod
751 2028 848 2118 prior
862 2051 895 2095 r.
913 2035 956 2094 20
972 2051 1053 2119 pars
1069 2029 1304 2096 affirmaverat
1326 2051 1333 2096 :
1351 2051 1419 2096 nou
1441 2028 1522 2096 ideo
1535 2052 1593 2096 ne-

260 2140 405 2212 cessario
421 2138 507 2206 alius
522 2135 747 2204 affirmandus
761 2135 921 2224 scriptor.
937 2137 1049 2202 Potuit
1062 2135 1150 2202 illud
1165 2135 1337 2225 sapienter
1353 2135 1483 2217 iterari,
1502 2135 1593 2225 quod

260 2251 296 2316 in
311 2246 453 2315 historia
464 2243 584 2334 populi
595 2241 693 2308 electi
708 2243 833 2308 summi
847 2246 921 2308 erat
931 2242 1098 2309 momenti
1116 2264 1123 2310 :
1140 2263 1209 2323 θος,
1223 2242 1283 2330 qui
1296 2242 1465 2309 Hebraeos
1475 2245 1596 2310 contra

261 2373 479 2446 oppressores
498 2349 672 2428 iuvarent,
697 2347 831 2414 nullum
849 2348 1026 2414 incurrere
1045 2347 1228 2429 damnum,
1249 2348 1310 2415 scd
1332 2371 1353 2414 a
1369 2354 1436 2415 Dec
1460 2351 1595 2438 protegi

264 2466 298 2529 ct
307 2459 459 2549 praemia
469 2457 570 2522 ferre.
585 2454 697 2520 Potuit
706 2452 743 2519 in
752 2452 960 2542 quibusdam
971 2453 1212 2544 manuscriptis
1221 2456 1390 2522 sententia
1400 2455 1593 2535 obliterari,

264 2572 301 2632 ut
317 2565 387 2632 iam
401 2563 490 2630 solus
504 2583 631 2642 sensus,
645 2582 715 2627 non
730 2558 836 2625 verba
851 2559 1139 2639 discernerentur;
1157 2559 1239 2627 dein
1247 2584 1287 2628 ex
1300 2560 1377 2627 aliis
1386 2562 1598 2652 manuscrip-

265 2675 307 2739 tis
335 2669 503 2739 sententia
527 2669 664 2754 integra
683 2665 878 2746 transcribi,
898 2672 935 2732 ut
959 2665 1028 2732 iam
1051 2671 1233 2755 utramque
1251 2667 1432 2737 lectionem
1453 2674 1598 2757 uterque

264 2785 372 2846 textus
383 2773 580 2843 obtinuerit.
597 2773 763 2840 Ncoterici
777 2771 915 2839 unicam
930 2776 1060 2839 norunt
1073 2775 1230 2840 omnium
1240 2773 1437 2841 criticarum
1450 2773 1597 2842 difficul-

264 2891 375 2954 tatum
411 2880 614 2949 solutiouem
652 2879 804 2946 diversos
837 2881 1007 2960 auctores,
1036 2879 1191 2946 forficem
1225 2883 1260 2947 et
1292 2880 1426 2967 gluten.
1449 2879 1598 2948 Adscrte

266 3017 298 3061 v.
316 2999 356 3058 21
376 2989 498 3056 intime
513 2986 671 3054 connecti
692 3006 771 3052 cum
786 3007 817 3051 u.
836 2991 889 3052 17.
906 3007 940 3050 v.
960 2991 1002 3050 22
1019 3015 1035 3046 «
1052 2986 1232 3076 Praecepit
1246 3009 1327 3076 erpo
1347 2986 1486 3054 Pharao
1503 2988 1597 3054 orum

262 3097 394 3191 populo
409 3117 469 3162 suo
495 3122 524 3178 »,
552 3099 623 3160 tam
643 3090 836 3181 Aegyptiis,
854 3092 915 3181 qui
930 3091 1105 3180 potissimo
1120 3092 1259 3160 nominc
1273 3095 1329 3160 sui
1344 3101 1470 3177 essem,
1492 3116 1597 3184 quam

268 3201 438 3282 Hebraeis,
456 3199 506 3267 uti
516 3199 692 3286 colligitur
706 3204 775 3280 23,
795 3225 811 3258 u
830 3197 945 3264 diceus
959 3219 972 3263 :
990 3197 1168 3287 taidquz'd
1177 3200 1362 3266 masculini
1369 3213 1599 3267 seausuaturu

263 3309 376 3403 fecerit
393 3337 408 3370 »
426 3305 590 3373 Hebraeis
606 3305 714 3393 (Sam.
732 3306 825 3371 LXX
837 3302 989 3393 stota),
1008 3333 1024 3365 α
1041 3303 1079 3370 iu
1089 3305 1222 3394 flumme
1234 3305 1416 3394 proiicite,·
1430 3305 1604 3397 qetidquicl

265 3415 441 3508 seritiuiui,
462 3423 629 3478 reservate
648 3439 679 3478 ».
699 3439 714 3471 «
730 3414 878 3478 Cernens
892 3432 928 3476 sc
941 3410 1115 3499 prioribus
1131 3410 1219 3478 dolis
1235 3411 1276 3477 ad
1298 3412 1529 3480 Hebraeorum
1546 3435 1600 3479 ex-

270 3522 468 3590 tinctionem
489 3541 561 3586 nou
585 3517 769 3607 prolicere,
792 3517 835 3584 ad
858 3522 1014 3608 apertam
1039 3523 1072 3583 et
1092 3516 1267 3608 publicam
1290 3518 1461 3586 infantum
1480 3540 1599 3586 necem

270 3628 418 3718 gradum
437 3625 520 3693 lacit
540 3653 555 3686 »
578 3623 717 3713 (Sylla).

307 3817 334 3852 v.
351 3801 382 3851 ‘u
401 3779 464 3855 mh
477 3797 583 3848 turmae
596 3795 768 3852 masculinae
781 3795 817 3844 ad
831 3794 996 3845 obstetrices
1011 3796 1107 3859 utiquc
1122 3795 1255 3858 retertur;
1270 3799 1393 3849 narratio
1406 3811 1497 3861 genus
1512 3800 1601 3862 expri-
1619 3829 1624 3836 .

272 3893 323 3942 mit
334 3890 463 3946 liberiuS,
480 3885 554 3950 quod
569 3883 600 3934 stt
615 3885 700 3935 etlam
716 3895 806 3933 secus.
823 3883 888 3932 tur·
902 3877 1020 3946 ἐποίησαν
1036 3878 1149 3945 {entatu
1166 3890 1293 3935 econtra
1305 3887 1356 3948 tq.
1372 3888 1472 3950 Suurm.
1489 3883 1603 3950 ἐποίησεν

273 3977 358 4038 strete
373 3993 380 4040 ;
397 3978 544 4028 contextus
558 3975 673 4024 omnino
687 3974 814 4036 suggerlt
829 3969 941 4033 reterri,
958 3974 1103 4041 nontquod
1116 3973 1280 4025 obstetrices
1295 3974 1412 4025 iecerint
1422 3989 1474 4038 pro
1491 3989 1536 4035 se,
1553 3977 1604 4027 scd

274 4069 347 4134 quod
362 4069 438 4118 Deus
451 4064 547 4116 lecerit
563 4075 614 4127 pro
629 4061 833 4111 obstetricibus.

675 4261 710 4309 II.
727 4260 832 4308 Vtrae
848 4260 973 4309 Morsls
990 4261 1102 4312 INITIA
1119 4263 1166 4311 Ex.
1184 4267 1206 4312 2.

538 4421 569 4481 1.
595 4416 728 4500 Moyses
752 4434 794 4478 eu
817 4412 919 4501 aquis
942 4413 1094 4480 saluatus
1108 4419 1175 4480 Hx.
1202 4422 1333 4496 ar-to.

319 4611 402 4697 Arq.
428 4643 465 4654 -
480 4605 604 4690 lloyses
619 4598 804 4666 Pharaonis
825 4600 936 4666 edicto
957 4601 1056 4689 aquis
1072 4603 1257 4690 permissus
1283 4626 1305 4670 a
1321 4605 1510 4672 Pharaonis
1529 4605 1601 4674 filia

276 4715 468 4803 adoptatur,
484 4731 503 4776 a
515 4705 657 4798 propria
668 4710 777 4772 matre
790 4705 970 4786 enutritur,
983 4705 1099 4792 imago
1111 4707 1220 4774 factus
1232 4711 1368 4778 futurae
1377 4712 1476 4780 sortis
1485 4714 1606 4803 populi

277 4821 385 4888 electi.
