3534 5384
719 405 767 446 ax.
792 389 950 458 alm-36.
1444 389 1503 447 2111

216 538 267 604 ,ld
281 535 503 626 particularia
513 536 771 603 descendamus.
790 535 849 603 Vel
865 535 1109 625 antiquissimis
1125 535 1339 626 [emporibus
1353 538 1502 625 oportuit-

172 643 427 710 distinctionem
451 641 618 709 adhibere
639 641 711 729 legi
734 642 776 708 de
801 642 1006 718 homicidio,
1030 642 1172 709 (16116116
1196 642 1392 710 discrimine
1412 643 1503 709 inter

172 749 398 817 homicidium
426 748 658 817 voluntarium
675 752 708 815 et
726 747 999 816 involuntarium
1026 771 1033 816 :
1056 749 1147 814 unde
1169 754 1302 815 mature
1324 750 1435 815 versui
1463 755 1502 815 12

172 878 350 924 accrevere
365 855 600 922 conclusiones
614 855 703 922 duae
717 878 749 921 v.
770 861 811 922 13
825 877 876 944 sq.
898 855 990 936 (166,
1008 855 1062 934 u).
1079 861 1143 922 Lex
1161 853 1211 921 ita
1225 861 1323 921 aucta
1347 877 1424 921 curn
1446 855 1505 922 tri-

172 964 236 1030 bus
247 962 384 1048 legibus
399 985 430 1028 v.
450 968 550 1029 15-17
564 961 601 1028 in
623 982 729 1028 unum
743 962 870 1028 coaluit
882 961 926 1029 dc
940 961 1061 1051 poeuis
1074 961 1281 1050 capitalibus
1296 963 1504 1028 instrumen-

173 1075 258 1136 tum.
281 1075 316 1136 lu
332 1068 387 1134 his
405 1069 459 1136 lex
471 1067 513 1135 de
533 1066 719 1135 homicidio
739 1090 816 1134 mox
834 1069 906 1135 visa
921 1076 970 1134 est
990 1090 1059 1136 6666
1079 1067 1283 1157 complenda
1298 1068 1505 1157 quibusdam

173 1175 446 1264 depercccsicne
464 1187 593 1254 actum
615 1198 679 1240 666
701 1173 822 1242 lectari
838 1169 983 1241 61616116.
1002 1179 1090 1241 11666
1109 1179 1225 1241 autern
1246 1174 1424 1241 66616666
1441 1174 1506 1242 im-

173 1281 322 1350 mediate
341 1287 419 1372 post
441 1305 473 1348 v.
503 1283 706 1361 111666616,
727 1303 841 1372 neque
863 1280 1035 1348 66616661
1056 1280 1191 1371 antiqui
1212 1280 1264 1346 illi
1284 1281 1442 1348 homines
1456 1281 1506 1346 16-

173 1410 253 1477 gem
272 1411 304 1456 v.
321 1393 420 1455 12-17
436 1387 645 1469 discindere,
660 1387 720 1454 sed
735 1387 825 1454 eiad
839 1388 968 1454 calcem
983 1387 1213 1476 adscripserc,
1227 1387 1298 1453 sive
1316 1387 1418 1454 simul
1436 1387 1506 1453 sive

172 1494 375 1576 successive,
391 1494 626 1561 conclusiones
643 1500 713 1561 tres
730 1517 763 1560 v.
784 1500 836 1562 18.
852 1501 907 1562 20.
921 1500 963 1560 22
987 1493 1054 1574 (16).
1074 1496 1211 1560 Interim
1228 1494 1280 1560 lex
1298 1493 1435 1561 talionis
1453 1517 1507 1560 re-

173 1606 345 1669 manserat
365 1625 384 1668 a
407 1600 485 1687 lege
507 1624 540 1666 v.
564 1607 605 1666 12
623 1623 698 1690 sqq.
719 1607 891 1690 separata,
910 1599 1003 1690 quod
1027 1600 1112 1667 haec
1136 1606 1222 1666 66661
1247 1600 1288 1667 (16
1315 1623 1426 1690 poena
1449 1621 1508 1666 ca-

175 1708 289 1798 pitali,
307 1707 370 1773 illa
389 1729 472 1774 non.
499 1711 699 1777 accreverat
716 1707 799 1774 item
822 1706 892 1794 legi
913 1707 1052 1774 talionis
1071 1707 1241 1774 conclusio
1260 1728 1327 1773 unc
1344 1730 1373 1774 v.
1393 1713 1432 1773 21
1453 1729 1503 1796 sq.

176 1814 287 1895 16)(16
305 1813 456 1880 laesione
476 1813 576 1880 serui.
601 1813 735 1881 additis
756 1835 859 1903 porro
880 1813 1161 1882 conclusionibus
1179 1836 1212 1879 v.
1226 1819 1338 1898 Ι111-23
1355 1835 1424 1879 666
1437 1813 1506 1879 iam

176 1927 249 1989 6661
264 1920 317 1988 lex
331 1944 364 1987 v.
386 1927 427 1987 12
440 1942 516 2010 sqq.
532 1920 576 1986 dc
594 1920 675 1986 solis
687 1919 819 1986 delictis
831 1920 1054 2009 capitalibus3
1071 1925 1227 1986 6666661
1242 1919 1345 1992 66116,
1363 1941 1506 1986 666666

175 2029 229 2095 lex
249 2027 387 2094 talionis
408 2048 488 2094 cum
512 2026 574 2094 illa
591 2027 795 2094 coalesceret
815 2049 822 2093 :
842 2047 927 2112 ergo
947 2027 984 2092 in
1004 2048 1106 2092 unam
1128 2027 1241 2113 legem
1258 2048 1290 2094 v.
1315 2031 1415 2092 12-27
1432 2048 1508 2112 666-

176 2134 282 2201 luere.
306 2139 430 2200 Verum
445 2155 522 2200 mox
535 2133 639 2200 etiam
653 2133 734 2199 huic
743 2132 813 2219 legi
824 2133 932 2199 visum
946 2140 995 2200 est
1008 2133 1141 2222 aliquid
1155 2132 1272 2199 deesse
1291 2155 1297 2198 :
1315 2132 1399 2222 quid
1414 2131 1506 2198 enim

177 2241 206 2307 si
219 2263 322 2329 pecus
343 2239 516 2306 bominem
530 2244 588 2306 aut
598 2261 707 2329 pecces
714 2238 885 2328 pecudem
898 2239 1087 2306 occideret?
1105 2239 1231 2329 quidsi
1247 2238 1398 2306 hominis
1414 2239 1509 2304 incu-

175 2346 229 2413 ria
233 2369 341 2436 peres
355 2345 511 2413 alienum
528 2344 706 2413 interiret?
724 2346 806 2412 Hinc
825 2351 925 2412 66166
940 2345 1172 2414 conclusiones
1190 2350 1257 2412 tres
1271 2367 1302 2414 r.
1321 2351 1374 2413 28.
1398 2350 1453 2412 33.
1466 2349 1508 2411 35

177 2453 232 2533 (aa)
253 2475 331 2519 cnm
343 2455 414 2519 suis
430 2452 606 2519 membris.
621 2458 712 2530 Quae
726 2457 885 2518 6666616
899 2475 929 2518 v.
948 2458 990 2520 21
1007 2452 1076 2537 legi
1091 2459 1171 2518 sunt
1183 2451 1342 2535 insertae,
1358 2450 1418 2519 sed
1432 2451 1509 2539 lege

177 2560 287 2650 qualis
298 2566 373 2625 tum
388 2563 462 2626 6661
479 2565 615 2626 servata
635 2560 780 2642 intacta,
797 2558 989 2647 adscriptae
1010 2562 1089 2624 sunt
1106 2557 1151 2624 ad
1165 2557 1294 2624 calcem
1308 2557 1395 2644 legis
1409 2557 1509 2625 talio·

177 2667 274 2733 nisv.
298 2671 415 2748 21-27,
437 2665 520 2732 11661
543 2687 614 2732 666
635 2671 704 2732 tarn
718 2665 761 2731 ad
779 2667 886 2748 hanc,
903 2687 1008 2755 quam
1028 2665 1072 2732 ad
1089 2663 1352 2754 praecedentem
1367 2664 1408 2732 de
1430 2687 1509 2754 per-

177 2773 331 2840 cussione
345 2777 533 2840 tractatum
548 2777 751 2862 spectarent.
766 2774 768 2777 ’

594 3039 616 3071 α.
634 3022 671 3068 De
682 3021 841 3082 percussione
852 3026 898 3068 etc.
909 2989 959 3068 'En
973 3021 1094 3080 21,12-·27.

537 3150 566 3195 Ν.
584 3139 635 3184 Lce
651 3138 679 3184 dc
692 3138 839 3198 percmsicuc
859 3137 940 3184 letbcli
955 3138 1002 3184 Er.
1022 3137 1140 3198 alac-ea.

431 3256 465 3305 (1)
480 3256 522 3294 Lex
535 3255 560 3293 de
572 3255 682 3294 homicidio
693 3257 798 3304 ederetque
810 3256 859 3294 61116
872 3255 950 3296 certem
960 3257 1082 3306 caprarum
1095 3247 1142 3298 Ee.
1157 3255 1258 3302 aula-n.

222 3442 254 3485 v.
284 3426 326 3486 12
349 3447 365 3481 ι(
390 3420 457 3501 Qui
472 3420 685 3510 percusserit
707 3420 880 3487 1166616666
905 3421 1266 3510 [661666]6661(1666»,
1290 3461 1334 3472 -
1357 3422 1456 3488 Hebr.
1481 3430 1511 3486 61

178 3537 332 3592 mortuus
351 3538 417 3609 est,
435 3529 554 3613 agitur
569 3527 612 3594 dc
633 3527 849 3615 percussione
869 3528 1003 3612 lethali,
1028 3528 1149 3596 6116616
1176 3533 1293 3595 666616
1308 3568 1351 3576 -
1374 3537 1512 3593 (666616

179 3631 348 3697 moriatur
369 3661 398 3700 ».
414 3637 486 3699 Non
501 3633 540 3700 fit
557 3632 730 3700 distinctio
750 3633 841 3701 inter
862 3633 1053 3702 Hebraeum
1075 3640 1108 3701 61
1129 3657 1198 3702 666
1220 3635 1427 3716 Hebraeum,
1443 3654 1513 3699 666

178 3735 387 3804 adscribitur
409 3739 458 3805 nti
486 3761 519 3806 v.
545 3746 584 3808 11
598 3730 662 3806 vex
675 3755 760 3808 1661.
789 3743 870 3808 0616
894 3741 1035 3808 fortasse
1059 3747 1108 3808 661
1129 3743 1215 3808 11666
1233 3741 1306 3822 lex,
1329 3746 1513 3828 antequam

179 3850 300 3930 gentes
321 3866 360 3911 ex
381 3868 448 3911 uuo
468 3852 570 3913 natae
587 3851 840 3936 separarentur.
858 3851 974 3937 Neque
995 3870 1058 3937 pro
1078 3846 1206 3928 liberis,
1224 3846 1274 3912 uti
1292 3851 1453 3935 posteav.
1470 3850 1509 3910 21

178 3971 242 4039 pro
258 3951 373 4032 servis,
393 3951 601 4019 adscribitur
614 3953 781 4020 restrictio
796 3976 804 4022 z
822 3981 839 4014 «
853 3953 882 4020 si
895 3975 963 4020 unc
976 3954 1029 4021 vel
1043 3953 1178 4022 duobus
1190 3953 1311 4020 diebus
1321 3949 1513 4042 supervixe-

179 4055 226 4122 rit
247 4084 276 4122 ».
292 4063 364 4124 Mox
379 4062 495 4125 tamen
508 4058 706 4126 adiicienda
719 4060 784 4127 fuit
804 4087 820 4121 «
838 4059 1031 4128 limitatio»
1047 4059 1148 4148 (Coi.)
1159 4082 1222 4148 pro
1240 4081 1319 4126 casu
1335 4055 1428 4125 necis
1441 4078 1512 4124 non

179 4162 282 4251 plane
297 4165 575 4252 praemeditatae.
595 4165 679 4232 Hinc
694 4190 726 4232 v.
752 4175 791 4234 13
809 4187 817 4234 :
836 4197 851 4228 ((
870 4166 939 4248 Qui
949 4179 1063 4232 cutem
1078 4189 1147 4232 666
1163 4177 1211 4232 661
1232 4164 1514 4252 16.616’16166,66(1

180 4271 269 4335 Deus
290 4269 388 4335 illum
408 4270 552 4338 eradica
571 4271 608 4338 16
622 4275 869 4358 maceracius»,
882 4271 1513 4360 -ι(1616111311661661666161611666

179 4377 308 4457 iecisse,
327 4398 405 4442 eum
420 4377 498 4466 quis
510 4379 678 4445 occiditur
696 4379 880 4448 anclentc.
899 4384 983 4447 Cum
1000 4402 1081 4446 vero
1099 4379 1215 4446 volens
1230 4378 1368 4462 occidit,
1387 4384 1420 4445 61
1439 4378 1512 4467 ipse

181 4481 305 4549 occidit
319 4488 450 4550 6111666
464 4481 606 4551 tradidit
623 4485 659 4552 in
675 4507 795 4552 manus
807 4485 880 4552 eius
897 4513 911 4544 6
928 4485 1048 4575 (detq.)
1065 4523 1109 4534 —
1124 4513 1139 4545 «
1158 4484 1442 4552 666611166661111
1461 4485 1512 4550 lo-

180 4611 269 4684 cum,
284 4588 321 4655 16
332 4590 566 4679 6666169666
576 4590 696 4658 (161661
712 4620 741 4658 ».
761 4591 799 4659 ld
813 4597 908 4658 Dent.
932 4598 1027 4674 19,2;
1048 4595 1145 4658 Num.
1167 4597 1257 4675 35,6.
1278 4597 1509 4680 11sqq.;10s.

181 4700 223 4762 20
237 4695 430 4763 accuratius
448 4694 623 4778 definitur,
644 4698 825 4784 assignatis
838 4697 1035 4765 civitatibus
1049 4697 1190 4784 refugii;
1209 4697 1368 4786 primitus
1383 4720 1453 4764 nou
1463 4696 1512 4763 ii-

182 4800 309 4869 dentur
336 4802 438 4870 luisse
460 4803 634 4883 civitates,
659 4804 718 4870 sed
741 4804 862 4870 altaria
879 4827 911 4870 v.
932 4811 989 4887 1c;
1007 4803 1100 4892 quod
1120 4804 1345 4892 comprobant
1367 4805 1512 4869 aliorum
