3534 5384
199 310 258 368 316
598 290 743 369 uovorum
764 324 920 370 siononou
940 324 1130 371 susurrorro.

199 458 277 525 initi
284 458 374 525 inter
383 464 489 525 Deum
502 462 535 525 et
545 458 730 548 populuum
743 458 894 549 populus
903 465 982 541 ilat
993 462 1197 547 protestatus
1211 462 1284 525 eret
1296 480 1330 525 se
1343 459 1459 525 omnia
1473 458 1532 527 Dei

198 565 305 631 verba
325 586 396 633 esse
415 565 604 647 facturum,
627 570 713 631 Deus
736 564 885 632 vicissim
907 586 941 630 se
960 563 1098 632 tabulas
1119 564 1282 632 daturum
1306 585 1377 631 esse
1400 565 1531 655 promi·

199 676 300 737 serat,
322 671 386 738 libi
400 671 549 760 populus
568 672 723 738 confecto
745 670 853 738 vitulo
867 692 971 738 aureo
991 692 1089 738 suam
1108 670 1372 760 promissionem
1391 693 1531 739 revoca·

200 782 313 856 verat,
330 776 477 845 decebat
492 776 649 843 divinum
663 800 801 868 quoque
817 778 909 867 pacti
924 777 1171 845 documentum
1187 777 1325 844 destrui.
1343 782 1532 845 Narrantur

199 885 267 951 iam
283 906 315 950 v.
331 890 374 950 20
390 904 477 972 quae
496 889 620 970 Moyses
638 883 710 970 egit
729 905 807 951 cum
821 884 940 964 vitulo,
960 907 991 950 v.
1010 887 1112 949 21-2ἵι
1132 904 1210 951 cum
1224 888 1355 967 beron,
1373 907 1405 951 v.
1429 890 1531 951 25-28

200 1013 278 1055 curn
298 989 472 1057 seditionis
491 989 673 1079 capitibus,
695 1012 729 1056 v.
747 996 788 1057 29
807 1011 887 1056 cum
902 990 1025 1057 levitis.
1044 989 1129 1057 llinc
1146 1012 1217 1057 non
1238 990 1392 1080 sequitur
1415 990 1531 1057 omnia

199 1121 231 1163 v.
253 1104 295 1161 20
310 1100 449 1162 narrata
462 1096 564 1185 plone
579 1095 713 1162 effectui
728 1117 798 1163 esse
813 1093 993 1179 mandata,
1012 1099 1197 1185 antequam
1212 1118 1244 1162 v.
1263 1102 1370 1163 21-29
1390 1102 1530 1164 narrata

200 1203 334 1270 fierent.
348 1202 562 1269 Probabilius
576 1202 723 1269 vitulum
738 1202 890 1293 primum
906 1202 1029 1270 evertit
1042 1208 1178 1289 Moyses
1195 1200 1276 1269 dein
1293 1206 1430 1270 barone
1451 1202 1530 1269 bre-

200 1310 287 1374 viter
300 1309 514 1395 interrogato
527 1308 572 1375 ad
587 1308 726 1376 caedem
744 1308 1019 1376 adversariorum
1039 1309 1153 1376 emisit
1171 1330 1266 1393 suos,
1283 1310 1425 1377 tandem
1441 1308 1530 1376 vitu-

200 1414 271 1481 lum
297 1414 500 1481 comminuit
520 1420 584 1483 etc.
609 1439 643 1482 v.
667 1422 710 1481 20
734 1442 750 1475 «
773 1415 1023 1505 Arripierssquc
1047 1415 1209 1498 vitulum,
1234 1437 1335 1505 quem
1351 1415 1527 1504 fecerent,

202 1520 384 1587 combussit
398 1532 429 1587 et
444 1521 603 1588 contrivit
618 1544 725 1611 usque
739 1521 787 1588 od
799 1522 993 1612 pulverem,
1011 1543 1112 1611 qoem
1130 1521 1258 1611 sparsit
1278 1522 1316 1589 io
1335 1544 1480 1613 aquom,
1499 1533 1532 1589 et

201 1627 296 1693 dedit
305 1651 348 1694 ec
357 1649 395 1694 eo
404 1640 529 1717 potum
541 1627 630 1717 filiis
642 1628 752 1695 Israel
764 1655 794 1697 n.
810 1633 950 1695 Factum
961 1628 1086 1696 clarius
1099 1628 1300 1695 enuntiatur
1311 1633 1408 1696 Deut.
1425 1635 1501 1713 9,21
1519 1650 1527 1695 :

202 1761 217 1793 α
236 1733 405 1801 combussi
423 1734 523 1801 illum
543 1735 641 1821 igne,
659 1740 692 1801 et
708 1734 849 1801 contudi
867 1734 969 1802 illum
988 1734 1222 1802 comminuens
1242 1734 1398 1817 sollicite,
1423 1757 1529 1825 usque

200 1840 283 1906 dum
296 1846 397 1908 tenue
409 1845 496 1908 esset
507 1840 659 1930 pulveris
670 1840 789 1924 instar,
809 1845 843 1907 et
856 1840 989 1931 proieci
999 1839 1176 1931 pulverem
1192 1842 1264 1909 eius
1275 1841 1313 1907 in
1325 1846 1527 1925 torrentem,

201 1948 260 2034 qui
277 1946 448 2015 defluebat
462 1948 505 2014 de
521 1953 637 2015 monte
655 1974 685 2014 ».
703 1951 785 2015 Cum
802 1970 887 2035 ergo
903 1948 990 2015 illud
998 1948 1137 2039 potavit
1148 1947 1242 2037 filios
1257 1948 1364 2015 lsrael
1382 1970 1400 2013 e
1416 1954 1529 2016 mente

200 2076 226 2120 s.
242 2052 414 2142 scriptoris
429 2053 539 2121 alium
552 2054 694 2121 fortasse
709 2076 781 2120 non
795 2053 923 2122 habeat
937 2076 1092 2139 sonsum,
1112 2054 1176 2120 nisi
1185 2054 1335 2144 proiecit
1351 2054 1388 2120 in
1405 2066 1530 2122 torren-

200 2173 277 2243 tem,
296 2181 368 2225 non
381 2158 477 2227 lubet
490 2158 529 2226 in
543 2161 616 2227 eius
625 2161 810 2250 potationis
824 2161 1031 2228 abditiorem
1042 2160 1329 2247 significationem
1342 2160 1527 2250 inquirere.

235 2350 306 2399 Hinc
320 2348 442 2399 inferunt
456 2349 557 2414 ailqui,
574 2352 665 2400 totum
683 2351 803 2401 uitulum
822 2363 879 2400 non
899 2350 985 2401 tuisse
1000 2363 1131 2411 aureum,
1147 2350 1197 2401 sed
1217 2352 1341 2415 ligneum
1361 2352 1529 2415 laminisque

200 2440 293 2488 aurcis
306 2438 549 2503 superinductum,
566 2440 633 2489 item
647 2452 673 2488 v.
692 2438 706 2489 t
721 2440 793 2490 vorti
810 2444 940 2503 oportere
955 2452 1013 2489 non
1027 2452 1104 2503 opera
1119 2438 1241 2503 fusorio,
1256 2440 1304 2491 sed
1318 2440 1435 2503 scalpro.
1452 2440 1529 2500 Quo·

200 2527 283 2576 modo
294 2526 383 2587 enim,
400 2527 544 2591 inquiunt,
560 2540 666 2587 massa,
683 2540 756 2591 quae
779 2532 839 2579 tota
861 2539 947 2579 aurea
966 2532 1023 2587 est,
1041 2529 1103 2591 ione
1123 2528 1242 2577 comburi
1262 2529 1366 2591 potest,
1384 2532 1433 2579 eut
1451 2540 1528 2578 com-

200 2615 281 2664 mode
300 2616 451 2664 commonui
470 2615 561 2664 instar
579 2615 722 2680 pulveris?
739 2615 940 2667 Difficultatem
965 2619 1058 2667 tamen
1078 2629 1170 2679 nequo
1190 2617 1243 2680 ipsi
1268 2616 1399 2667 evadunt.
1416 2616 1526 2667 Etenim

199 2705 307 2766 lignum
325 2704 355 2753 in
373 2704 482 2754 cineres
504 2703 650 2755 redactum
665 2719 723 2755 non
740 2709 784 2756 est
803 2704 922 2755 ulterius
943 2705 1132 2755 conterendum
1150 2718 1232 2768 oscito
1255 2706 1290 2755 od
1310 2704 1461 2769 pulverem,
1479 2705 1529 2756 sed

198 2795 227 2840 in
242 2792 443 2842 minutissimas
463 2795 563 2857 sponte
581 2793 714 2844 dilabitur
728 2795 880 2858 particulas
889 2806 896 2855 ;
912 2794 1014 2844 debent
1035 2806 1103 2857 ergo
1124 2795 1208 2844 ettam
1223 2794 1277 2857 ipsi
1292 2794 1451 2854 adstruere,
1469 2795 1526 2844 sel·

198 2884 253 2930 teor
269 2882 387 2931 laminas
406 2894 506 2932 eureos
523 2884 652 2932 contritos
671 2896 724 2932 esse
743 2896 826 2944 osque
846 2883 881 2931 od
901 2881 1047 2947 pulverem.
1064 2886 1135 2938 wit:
1152 2886 1218 2966 φφ
1235 2881 1376 2933 diversum
1395 2896 1446 2947 pro
1461 2882 1528 2933 sub·

198 2973 269 3020 iecte
286 2971 403 3020 materia
422 2969 551 3021 ellectum
568 2973 752 3031 nanciscitur;
769 2972 878 3035 lignum
897 2972 1051 3033 consumit,
1067 2971 1183 3022 metalla
1201 2970 1303 3022 tundit.
1322 2969 1445 3022 Primum
1461 2972 1526 3035 igue

199 3058 378 3121 liquefactum
392 3061 435 3109 est
448 3072 557 3121 aurum,
572 3059 637 3111 inde
649 3061 678 3109 in
692 3057 828 3124 plurimos
842 3073 875 3110 eo
888 3062 1069 3111 tenuissimos
1084 3060 1197 3111 canales
1212 3060 1344 3111 diffluens
1358 3059 1486 3125 refriguit
1500 3066 1526 3111 et

200 3149 343 3207 obduruit,
357 3160 390 3197 ac
403 3146 485 3199 tacite
499 3149 528 3197 in
543 3150 745 3199 minutissimas
759 3149 902 3200 terebatur
915 3150 1075 3212 particulas.

242 3320 429 3409 specialius
457 3320 679 3408 redarguitur
706 3326 835 3402 Aaron,
863 3322 959 3391 cuius
983 3323 1122 3408 gravior
1145 3323 1259 3389 fuerat
1285 3322 1401 3412 culpa.
1426 3345 1458 3387 r.
1486 3326 1526 3388 21

202 3457 215 3485 o
243 3427 408 3516 Dicitque
433 3428 482 3495 ad
506 3431 624 3495 Aaron
646 3450 658 3492 .·
685 3427 779 3509 Quid
803 3427 868 3494 titi
891 3427 978 3515 fecit
1010 3427 1064 3493 lic
1085 3427 1256 3518 populeo,
1280 3440 1318 3495 ot
1348 3426 1528 3494 lrrdrtcercs

198 3555 389 3621 ,supereum
399 3545 582 3623 peccatum
594 3537 807 3601 monimum?
826 3562 841 3594 r
860 3534 1007 3601 Iniuriae
1023 3534 1175 3602 inflictae
1187 3534 1215 3601 is
1230 3535 1323 3601 solus
1338 3536 1526 3601 excusatio-

198 3662 277 3705 nem
287 3638 407 3722 habet‚
423 3642 485 3729 qui
501 3640 664 3707 iniuriam
676 3640 747 3730 ipse
759 3641 854 3730 prior
871 3662 988 3729 passus
1004 3646 1064 3707 est.
1085 3664 1118 3708 v.
1136 3647 1179 3707 22
1197 3670 1213 3703 o
1233 3640 1298 3708 Coi
1317 3640 1377 3707 ille
1390 3662 1528 3730 respon-

199 3745 249 3810 dit
265 3768 277 3811 .·
292 3746 343 3811 Ne
358 3744 559 3834 indiqoetur
569 3746 728 3813 dominus
738 3767 855 3831 meus,·
869 3758 906 3812 tu
917 3746 1010 3813 enim
1025 3748 1117 3813 nosti
1124 3746 1296 3838 populum
1308 3747 1423 3831 istum,
1436 3746 1531 3836 quod

193 3852 381 3941 processit
394 3851 442 3917 ad
452 3853 582 3919 maliem
598 3879 629 3917 ».
645 3855 740 3919 Sam.
756 3868 844 3926 iiis,
862 3874 982 3920 vocem
993 3856 1213 3921 conformans
1224 3854 1341 3921 vociv.
1357 3861 1417 3937 253
1435 3853 1528 3944 quod

200 3958 300 4024 vertit
318 3960 405 4025 LXX
425 3965 559 4048 ὅρμημα.
577 3958 642 4025 Sed
661 3961 763 4026 Hebr.
791 3959 889 4049 Volq.
915 3958 1035 4027 Glzold.
1056 3962 1135 4049 Syr.
1157 3974 1239 4028 itin:
1262 3958 1411 4049 quodie
1437 3960 1528 4026 niolo

198 4065 242 4129 sit
261 4066 343 4153 ipse.
361 4067 409 4132 cf.
432 4064 685 4155 expressionem
712 4072 727 4132 1
749 4071 793 4133 lo.
817 4072 896 4147 5‚19
916 4088 924 4134 :
945 4096 960 4127 «
979 4065 1128 4133 mundus
1141 4072 1232 4133 totus
1249 4066 1285 4131 in
1300 4066 1454 4153 maligno
1468 4088 1527 4156 po·

199 4173 283 4235 situs
299 4178 347 4236 est
365 4199 394 4236 ».
412 4194 444 4237 v.
460 4178 502 4237 23
525 4199 541 4232 o
563 4171 732 4238 Discrevit
751 4171 838 4238 milti
862 4194 875 4237 .·
892 4175 961 4239 Fac
984 4173 1082 4239 nodis
1102 4170 1201 4256 (leot,
1227 4172 1288 4261 qut
1314 4194 1374 4240 cos
1386 4194 1527 4262 proece-

200 4277 304 4359 ‹lout;
322 4274 402 4343 lictis
430 4278 519 4343 enim
543 4278 672 4367 Moysi,
690 4278 752 4367 qui
778 4301 838 4344 nos
865 4276 986 4345 edricit
1007 4277 1049 4344 de
1070 4290 1161 4346 terro
1175 4278 1340 4369 Aeqypti,
1361 4279 1529 4347 nescimus

198 4380 284 4471 quid
297 4381 458 4450 occiderit
472 4411 503 4449 ».
521 4407 553 4451 v.
572 4390 613 4451 et
632 4413 648 4446 o
665 4384 791 4465 Ossibus
807 4407 870 4473 eqo
884 4384 988 4451 clici:
1005 4384 1087 4466 Quis
1103 4396 1251 4451 vestrum
1266 4385 1366 4451 babet
1378 4388 1530 4453 curum?

202 4490 363 4555 Tulcrrmt
378 4503 410 4557 et
425 4488 712 4577 dederuotmibi,·
730 4503 762 4557 ct
782 4491 914 4580 proieci
930 4489 1021 4558 ttlod
1038 4491 1075 4557 in
1095 4492 1228 4582 iqrtem,
1247 4514 1467 4581 cyressusqoe
1480 4506 1529 4559 est

200 4597 252 4662 liic
266 4596 390 4663 citulus
411 4626 442 4665 ».
465 4600 605 4664 Causam
632 4599 678 4665 sic
699 4598 827 4684 egendi
842 4597 908 4664 sibi
924 4598 1074 4665 affirmat
1092 4602 1206 4664 Aaron
1226 4600 1329 4667 fuisse
1346 4620 1416 4665 non
1436 4599 1528 4666 iniu-

202 4703 289 4768 rium
307 4702 459 4794 aliquam
470 4703 702 4795 sibiapopulo
713 4704 862 4783 illatam,
877 4704 936 4771 sed
952 4703 1071 4794 populi
1089 4702 1255 4771 malitiam
1277 4705 1378 4793 Moysi
1398 4706 1527 4796 oppido
