3534 5384
727 364 796 416 nav.
821 349 890 419 19,1
914 364 963 416 66.
1415 423 1416 426 ¹
1451 349 1507 408 181

180 496 321 563 666166
336 497 503 564 concinne
526 496 571 564 ad
593 497 701 564 instar
726 497 968 564 mandatorum
989 495 1502 582 (166616366θά6116111661666

179 603 322 670 calama.
347 602 407 670 1116
428 627 461 669 v.
484 625 518 690 g.
541 603 583 670 de
605 602 756 693 pacificis
779 626 812 669 v.
830 611 886 671 5-8
906 609 939 670 61
960 603 1002 669 16
1021 603 1189 671 adulterio
1206 625 1284 670 cum
1299 625 1397 670 serva
1412 625 1506 671 com-

181 709 282 776 misso
305 732 337 776 v.
367 716 469 775 9999
490 709 670 777 imitantur
692 709 805 776 stilum
828 710 974 776 aliarum
999 709 1115 796 legum
1138 709 1430 778 ceremonialium.
1457 711 1506 777 Gt.

180 840 211 908 y.
230 826 250 884 9
265 839 317 905 sq.
339 822 456 883 23-25.
472 823 513 882 33
526 838 578 905 sq.
595 821 686 898 Non,
699 818 787 884 siout
800 817 836 883 16
850 815 1030 902 decalogo,
1043 837 1134 882 6666
1149 823 1267 882 666166
1282 817 1377 884 varia
1394 817 1505 884 officia

177 923 246 990 suis
261 922 334 1012 ipse
354 923 466 988 verbis
484 922 663 1012 expressit,
681 922 741 989 sed
763 923 876 989 varias
894 923 988 1008 leges
1004 944 1024 988 6
1040 923 1141 988 variis
1158 923 1327 1012 profectas
1342 923 1379 989 16
1399 946 1505 990 unum

180 1027 329 1115 collegit.
352 1027 544 1116 Colligendi
563 1028 642 1094 finis
659 1051 730 1095 non
752 1034 824 1095 6661
846 1027 992 1117 (nium.)
1009 1029 1125 1096 66616
1142 1028 1179 1094 16
1194 1027 1430 1097 brevissimam
1452 1051 1508 1095 re-

180 1135 298 1223 digere
316 1136 477 1216 formam,
495 1157 562 1224 quo
587 1135 723 1202 facilius
743 1136 928 1202 memoriae
944 1131 1203 1202 mundarentur.
1225 1139 1341 1225 Neque
1360 1136 1510 1202 studiose

180 1241 383 1308 omittuntur
404 1240 489 1328 (utu
528 1242 569 1331 .),
595 1263 683 1331 quae
707 1241 791 1308 alibi
818 1241 853 1307 16
878 1263 938 1307 666
961 1241 1088 1331 6661616
1111 1242 1180 1308 166
1203 1240 1337 1308 dixerat
1359 1242 1418 1308 1116
1443 1243 1510 1308 661-

179 1347 297 1429 166166,
317 1348 401 1437 quin
425 1347 539 1436 661166
565 1349 635 1415 fere
655 1352 746 1414 totns
768 1347 934 1436 repetitur
955 1347 1150 1435 decalogus.
1171 1337 1245 1414 Non
1268 1348 1467 1437 proceditur
1488 1372 1507 1415 6

181 1453 399 1541 gravioribus
412 1453 456 1521 ad
466 1454 606 1520 leviora.
620 1455 686 1521 Sed
698 1454 793 1520 varia
807 1454 977 1520 axiomata
989 1455 1151 1537 moralia,
1170 1455 1338 1522 maiorum
1354 1455 1509 1544 exemplo

181 1567 213 1626 61
233 1567 417 1649 praecepto
438 1563 649 1640 consecrata,
672 1582 829 1649 quaeque
846 1560 1001 1626 omnium
1026 1581 1085 1627 666
1109 1561 1450 1641 circumferebantur,
1472 1561 1509 1627 16

180 1688 288 1733 6666
303 1665 517 1754 colliguntur
540 1673 644 1755 atque
663 1666 836 1756 adscripta
858 1665 1008 1732 formula
1024 1695 1038 1728 a
1061 1671 1131 1753 Ego
1146 1668 1248 1734 lahve
1269 1667 1509 1734 6116166666-

179 1773 314 1839 toritate
338 1773 598 1839 confirmantur.
614 1772 765 1839 Penitius
781 1774 850 1839 iam
868 1772 985 1859 legum
1008 1795 1040 1839 v.
1065 1779 1117 1839 19.
1133 1773 1420 1841 uenerationem
1435 1797 1513 1864 per-

180 1878 314 1968 spicies.
336 1884 425 1956 Quae
441 1878 503 1945 sia
521 1883 587 1947 ueo
605 1879 756 1969 primum
780 1878 893 1946 editae
914 1881 1191 1967 pronuntientur,
1215 1881 1331 1946 nescio
1347 1881 1430 1969 quid
1446 1881 1510 1948 hu-

180 1985 263 2051 mile
280 1984 418 2074 sapiunt
442 1991 578 2075 1166666
600 2007 723 2074 66666
742 1984 900 2071 dignum.
919 1992 1010 2072 Age,
1026 1985 1111 2073 quid
1127 1986 1184 2052 961
1196 1986 1353 2066 16166661,
1372 1985 1508 2054 duobus

180 2091 291 2157 bobus
304 2098 378 2158 aret
394 2091 471 2180 quis
485 2112 528 2157 an
542 2091 630 2158 bove
645 2098 678 2157 61
689 2095 800 2181 equo?
814 2093 919 2158 Plana
934 2098 983 2158 est
1000 2114 1070 2174 res,
1085 2091 1114 2158 si
1130 2113 1305 2183 supponas
1323 2093 1512 2182 antiquitus

180 2198 250 2264 166
266 2197 518 2279 omnimodam,
532 2220 621 2289 quae
633 2197 808 2264 observari
819 2197 981 2280 deberet,
1003 2197 1118 2288 stirpis
1134 2200 1261 2266 electae
1275 2199 1509 2286 integritatem

180 2304 333 2370 moribus
346 2327 379 2371 v.
391 2310 431 2370 19
443 2303 620 2394 descriptis
635 2304 792 2393 exprimi,
802 2327 834 2372 v.
847 2311 948 2373 23-25
961 2310 1141 2394 tamquam
1156 2305 1424 2373 circumcisionis
1438 2327 1509 2372 am·

178 2411 422 2500 plilicationem
442 2410 596 2500 aliquam
613 2411 786 2479 observari
812 2411 1038 2478 consuevisse.
1058 2411 1168 2479 Facile
1189 2412 1403 2501 perspicitur,
1422 2434 1509 2502 quo-

179 2517 283 2584 modo
301 2539 372 2583 666
395 2539 472 2583 666
497 2517 754 2584 circumcisione
781 2518 969 2608 populique
991 2518 1090 2586 electi
1110 2541 1130 2585 a
1149 2519 1291 2608 reliquis
1304 2519 1439 2608 populis
1453 2541 1506 2586 se-

179 2625 381 2710 gregatione
405 2625 507 2691 lahve
528 2645 586 2690 eos
612 2626 713 2692 etiam
740 2646 854 2690 mores
880 2623 1167 2713 comprobaverit.
1193 2625 1377 2714 Perspicies
1402 2627 1505 2709 item,

179 2729 272 2819 quod
292 2752 395 2819 supra
418 2731 707 2817 suggerebamus,
740 2732 889 2820 potuisse
919 2731 1062 2797 alteram
1092 2730 1214 2820 capitis
1243 2743 1377 2820 partem
1397 2733 1504 2799 666166

178 2835 342 2917 adscribi,
357 2837 500 2902 fortasse
515 2835 560 2902 ab
575 2837 649 2925 ipso
663 2835 943 2925 praecedentium
955 2835 1164 2903 axiomatum
1177 2836 1359 2903 collectore
1373 2842 1501 2924 Moyse:

180 2964 226 3008 sc.
241 2947 319 3030 post
334 2942 487 3030 6616666
505 2942 714 3008 axiomatum
737 2941 858 3008 seriem
877 2942 1071 3008 absolutam
1091 2964 1268 3009 occurrere
1291 2942 1322 3009 ei
1337 2943 1507 3010 axiomata

180 3046 267 3128 alia,
287 3068 373 3134 qnae
392 3046 474 3113 item
490 3046 599 3134 digna
617 3046 685 3114 visa
707 3053 804 3129 snut,
831 3049 972 3136 quaein
991 3047 1107 3115 album
1127 3069 1261 3116 sacrum
1281 3049 1504 3131 referrentur,

178 3173 337 3242 quaeque
361 3154 430 3219 ritu
453 3151 626 3242 prioribus
650 3153 770 3229 simili,
798 3152 857 3220 sed
881 3176 953 3221 non
974 3153 1076 3243 61666
1100 3153 1221 3221 eodem
1243 3155 1339 3221 16666
1360 3154 1505 3222 adiecta.

102 3343 107 3352 Ι
178 3258 331 3326 Mandata
347 3282 421 3349 cap.
450 3266 490 3326 19
514 3259 680 3326 recensita
696 3260 767 3326 fere
787 3259 906 3326 66616
919 3265 1000 3327 6661
1015 3261 1195 3343 eiusmodi,
1216 3283 1304 3350 quae
1320 3261 1470 3328 debuere
1485 3285 1506 3328 6

178 3371 286 3454 Moyse
306 3387 375 3431 non
401 3366 521 3446 semel,
546 3364 607 3432 sed
632 3367 827 3456 trequenter
853 3366 1037 3450 inculcari;
1066 3365 1230 3457 pleraque
1256 3367 1325 3434 iam
1349 3370 1506 3435 antesin

178 3471 610 3540 1666116616161666.
628 3499 643 3533 a
661 3475 783 3540 Omnia
797 3472 954 3563 quidem,
972 3478 1010 3540 ut
1033 3473 1081 3540 ita
1095 3473 1259 3555 dicamne,
1279 3479 1405 3562 Moyses
1424 3475 1510 3562 legis

179 3579 329 3668 capitula
347 3578 401 3644 bis
421 3584 543 3667 terque
557 3580 686 3668 populo
699 3580 889 3669 praecepit,
907 3579 1079 3668 frequenti
1100 3579 1285 3647 traditione
1307 3582 1508 3648 memoriam

179 3705 297 3751 eorum
317 3685 533 3752 auditoribus
553 3685 812 3774 promulgans»
836 3685 1026 3774 (1166661).
1050 3715 1064 3745 «
1087 3692 1136 3752 An
1157 3693 1270 3755 autem
1292 3689 1408 3754 omnia
1428 3692 1506 3754 sunt

180 3789 431 3857 eodemordine
455 3790 557 3879 Moysi
581 3793 769 3880 proposita,
797 3813 865 3881 quo
890 3796 1014 3879 Moyses
1036 3791 1094 3858 hio
1117 3814 1159 3860 ea
1178 3793 1348 3876 recitavit,
1376 3815 1444 3860 666
1463 3793 1507 3859 li-

181 3902 262 3984 quet
281 3922 297 3957 6
313 3895 451 3986 (Sylla),
469 3919 581 3986 neque
595 3899 681 3965 scire
696 3898 803 3965 iuvat.

226 4003 307 4092 Cap.
328 4004 411 4069 XIX
431 4026 463 4070 v.
492 4011 508 4070 1
534 4031 550 4064 u
575 4007 722 4070 Locutus
740 4016 789 4070 est
816 4003 983 4070 Dominus
1003 4003 1052 4070 cd
1072 4007 1214 4094 Moysen
1238 4004 1353 4072 ducas
1377 4034 1392 4066 6
1412 4027 1420 4074 :
1439 4013 1506 4072 69

182 4137 197 4168 o
218 4112 370 4198 Loquere
390 4107 439 4174 ad
457 4131 590 4175 omnem
616 4121 746 4176 coetum
765 4109 919 4199 filiorum
935 4112 1057 4194 lsrael,
1075 4124 1107 4176 el
1122 4110 1214 4178 dices
1228 4113 1344 4178 661666
1359 4133 1372 4176 .·
1387 4113 1509 4180 Sancti

179 4227 300 4301 estote,
316 4217 399 4305 quia
411 4237 472 4304 epo
489 4230 627 4284 sauctus
643 4239 718 4283 sum
736 4247 766 4285 ».
784 4223 852 4284 1166
863 4217 957 4284 idem
975 4222 1074 4298 unc
1087 4217 1295 4308 principium
1308 4217 1508 4309 appellabat

178 4325 281 4402 Deus,
316 4344 385 4411 quo
410 4322 581 4390 Hebraeos
609 4322 800 4404 induceret,
826 4329 864 4390 ut
888 4323 932 4390 ab
957 4324 1051 4390 omni
1071 4323 1177 4411 legali
1196 4324 1416 4392 immunditia
1434 4326 1499 4392 sibi

179 4433 354 4508 caverent3
381 4428 447 4495 boe
465 4429 600 4519 saepius
619 4431 656 4495 in
676 4431 896 4520 sequentibus
915 4430 1105 4520 appellabit
1123 4431 1379 4522 principium«
1402 4437 1502 4499 Recte

179 4532 480 4601 sanctificationem
490 4535 699 4625 praeposuit,
716 4537 798 4625 quia
807 4535 919 4602 omnis
932 4536 1065 4604 virtutis
1076 4543 1125 4603 est
1137 4537 1413 4605 fundamentum.
1433 4541 1478 4603 Su
1491 4573 1509 4589 ·

179 4639 525 4730 peraedificatautem
536 4641 698 4708 mandata
710 4664 814 4731 super
825 4643 892 4708 boc
905 4643 1179 4724 fundamentum,
1192 4649 1285 4710 extra
1297 4646 1388 4733 quod
1405 4663 1505 4708 nemo

179 4752 289 4835 potest
303 4767 432 4836 ponere
441 4745 573 4835 aliquid
590 4775 605 4806 6
620 4747 811 4835 (Mosylon).
822 4751 853 4813 E
853 4771 898 4836 po
909 4747 1033 4836 (Sylva.)
1046 4775 1062 4808 «
1074 4749 1240 4814 Dominus
1252 4753 1340 4814 Deus
1353 4760 1460 4814 resur
1471 4778 1485 4808 »
1500 4805 1508 4821 ,
