3534 5384
223 410 281 470 102
673 422 784 467 uorsts
806 423 883 465 acra
906 421 936 464 m
957 422 1105 467 susurro.

223 574 319 627 11111111
339 586 355 621 a
377 586 393 619 «
412 556 645 624 induratum»
670 555 832 641 (Datim),
852 584 867 617 «
882 568 914 621 et
926 577 1028 644 super·
1044 576 1157 623 semes
1172 568 1265 637 tuos,
1286 568 1318 622 et
1332 578 1554 647 1111111111-

224 667 295 733 lum
317 677 413 731 tirum
426 686 438 728 :
455 674 494 729 ut
511 661 614 746 scias,
628 661 723 752 quod
740 684 810 729 non
824 662 869 727 sit
882 661 1008 729 similis
1022 662 1090 728 inei
1108 661 1257 729 inomni
1274 674 1366 730 terra
1383 690 1414 730 1.
1431 662 1555 730 Omnia

218 771 399 863 sequentia
412 772 565 837 inunum
584 769 632 853 (in
645 768 708 835 liae
720 768 807 857 vice)
823 767 956 855 colligit
970 774 1141 850 narrator,
1159 773 1192 835 et
1206 769 1345 859 speciali
1361 792 1392 837 v.
1416 776 1456 836 1'1
1474 792 1548 859 sqq.

220 877 406 966 grandinis
422 875 684 943 comminationi
706 874 905 961 generalem
924 876 1228 943 comminationem
1243 875 1443 965 praemittit.
1459 898 1491 941 v.
1512 884 1552 945 15

224 1014 241 1046 11
259 988 359 1051 Nunc
373 982 465 1049 enim
484 981 668 1050 extendens
682 1004 825 1047 mantem
842 980 1039 1070 percutiam
1057 994 1089 1049 te
1106 994 1140 1047 et
1150 981 1325 1071 populum
1339 995 1437 1048 11111111
1444 995 1558 1073 peste,

220 1089 419 1181 peribisque
448 1088 489 1155 de
511 1101 602 1156 terra
627 1116 658 1154 a.
689 1092 819 1154 Pestem
848 1088 1120 1177 interpretantur
1144 1089 1243 1164 Tusa,
1274 1090 1323 1155 So
1348 1089 1558 1180 primogeni-

222 1204 336 1265 torum
361 1197 558 1277 interitum3
585 1195 724 1283 Densa,
750 1196 841 1261 Men.
871 1215 991 1261 omnes
1011 1199 1193 1285 sequentes
1211 1194 1350 1284 plagas3
1376 1194 1485 1263 Catm.
1510 1196 1558 1261 lo·

223 1311 346 1370 custus.
368 1309 484 1390 Longe
505 1300 697 1390 simplicius
717 1302 782 1367 Kn.
807 1300 901 1367 hunc
922 1322 1059 1367 versum
1079 1300 1193 1387 iungit
1208 1300 1365 1389 sequenti
1382 1322 1391 1369 ε
1407 1302 1491 1379 Quia
1503 1304 1557 1369 vel

223 1432 315 1477 nunc
326 1408 551 1475 extendissem
565 1428 725 1488 manum,
739 1413 773 1473 et
785 1412 819 1473 te
829 1406 1066 1497 populumque
1081 1412 1179 1475 tuum
1194 1406 1436 1496 percussissem
1449 1414 1556 1499 peste,

223 1524 261 1584 ut
279 1515 411 1606 perires
426 1515 468 1581 de
480 1519 575 1581 terra
593 1512 675 1582 :sed
688 1512 818 1580 idcirco
837 1522 870 1581 te
886 1514 1102 1602 praeservari
1121 1518 1185 1580 etc.
1208 1514 1262 1580 Sic
1276 1519 1336 1581 aut
1354 1516 1458 1605 pestis
1472 1537 1560 1582 nun-

223 1644 329 1713 quam
352 1621 482 1689 inflicta
501 1629 551 1687 est
572 1624 646 1702 aut,
672 1619 700 1685 si
720 1626 845 1703 mavis,
861 1620 981 1687 effecta
997 1626 1045 1687 est
1067 1619 1211 1687 interitu
1232 1620 1557 1709 primogenitorum.

222 1752 254 1797 v.
274 1735 315 1796 16
332 1756 347 1789 «
370 1727 502 1795 Idcirco
523 1739 639 1793 autem
651 1726 756 1815 positi
770 1740 818 1811 te,
839 1738 877 1792 ut
892 1725 1070 1793 ostendum
1085 1725 1121 1791 in
1135 1738 1166 1793 te
1173 1726 1419 1814 fortitudinem
1433 1748 1557 1811 meant,

225 1848 258 1901 11
275 1845 438 1901 narretur
451 1855 575 1901 nomen
595 1854 709 1899 meum
726 1833 763 1900 in
783 1834 879 1899 omrai
892 1846 981 1899 terra
999 1860 1028 1899 a.
1051 1832 1180 1921 Duplex
1194 1833 1332 1900 divinae
1347 1831 1559 1921 longanimi-

222 1942 300 2007 tatis
318 1940 419 2008 finis:
442 1939 672 2007 manifestatio
691 1939 830 2006 divinae
847 1938 1134 2029 omnipotentiae,
1151 1945 1185 2009 et
1201 1939 1315 2026 gloria
1329 1938 1409 2006 inde
1424 1945 1490 2007 Deo
1505 1962 1560 2007 ae-

223 2068 377 2115 crescens
392 2070 413 2113 a
427 2048 603 2114 creaturis.
629 2046 736 2113 Verba
750 2046 833 2113 citat
852 2050 886 2112 S.
904 2045 1028 2113 Paulus
1040 2049 1139 2113 Rom.
1155 2052 1247 2131 9,17,
1261 2045 1392 2113 addens
1409 2068 1445 2114 z«
1462 2066 1557 2131 ergo,

224 2152 320 2221 cuius
338 2153 428 2234 vult,
448 2152 630 2219 miseretur
648 2157 697 2230 et,
721 2174 826 2241 quem
839 2151 928 2234 vult,
945 2150 1133 2219 indurat».

268 2283 300 2326 v.
326 2265 366 2326 17
383 2287 399 2320 «
422 2258 543 2325 Adhuc
560 2287 575 2317 »
602 2264 678 2348 post
696 2263 746 2324 tot
768 2259 925 2347 plagas«
947 2259 1071 2325 retines
1094 2258 1262 2349 poprulum
1288 2266 1424 2338 meunt,
1441 2272 1473 2325 et
1492 2280 1562 2325 non

225 2366 274 2433 vis
292 2365 464 2432 dimittere
476 2368 581 2431 erem?
595 2393 611 2426 a
629 2365 724 2430 Haud
736 2367 854 2445 relert,
869 2364 1163 2451 interrogativene
1180 2364 1330 2454 accipias
1343 2367 1558 2443 sententiam,

224 2494 268 2539 an
285 2493 391 2538 secus.
419 2494 452 2538 v.
481 2477 521 2539 18
545 2498 561 2532 «
592 2473 647 2536 En
663 2470 787 2560 plicam
806 2493 882 2537 cras
904 2469 968 2537 lter
988 2470 1063 2559 ipsu
1083 2469 1167 2537 horu
1188 2470 1397 2560 grandinem
1416 2472 1560 2539 multam

225 2577 348 2659 nimis,
364 2577 477 2669 qualis
498 2600 568 2644 nrm
590 2576 666 2665 fuit
688 2576 726 2643 in
749 2579 905 2666 Aeqypto
925 2601 948 2644 n
966 2576 1037 2662 die,
1068 2599 1139 2667 qua
1159 2576 1318 2665 scandata
1335 2590 1383 2645 cst
1403 2606 1437 2659 a,
1457 2606 1472 2637 «
1494 2600 1562 2669 qua

224 2685 355 2774 incepit
369 2683 519 2751 habitari
540 2711 556 2744 1
575 2683 714 2773 (1111),
733 2711 750 2747 a
767 2706 870 2773 usqam
887 2683 924 2751 in
933 2705 1097 2773 praesens·
1116 2696 1294 2773 tempus».
1312 2683 1476 2752 indicitur
1490 2707 1560 2751 non

225 2790 299 2859 dies
322 2790 433 2858 solum
453 2790 513 2857 sed
536 2793 640 2857 etiam
666 2790 767 2872 hora,
784 2813 853 2879 quo
875 2788 1068 2857 evidentius
1086 2796 1202 2880 pateat
1220 2790 1398 2858 calamitas
1417 2814 1437 2857 a
1457 2791 1560 2859 lahve

225 2919 296 2964 esse
323 2896 437 2979 illata,
466 2902 499 2964 et
519 2920 587 2987 quo
606 2898 731 2964 certius
753 2896 912 2964 homines
935 2896 1001 2962 sihi
1028 2918 1232 2985 praecavere
1257 2896 1402 2987 possint.
1428 2902 1560 2964 Rectee

225 3003 340 3070 verbis
352 3004 456 3072 infert
467 3004 578 3093 Sala,
596 3005 804 3093 quandoque
823 3004 861 3070 in
875 3007 1031 3093 Aegypto
1051 3004 1256 3090 grandinem
1272 3002 1389 3085 fuisse3
1404 3002 1557 3084 mmihi,

226 3111 305 3176 lieet
319 3132 414 3194 raro,
434 3110 590 3177 accidere
607 3110 813 3177 recentiores
835 3110 1063 3176 observarunt
1078 3109 1136 3199 (cf.
1155 3109 1301 3199 Dium).
1319 3132 1351 3175 v.
1372 3114 1411 3175 19
1430 3109 1560 3176 «111111

226 3238 307 3304 erqo
321 3215 393 3282 iam
406 3239 512 3301 1111111,
525 3229 558 3283 11
567 3238 737 3306 congrega
750 3217 903 3283 iumenta
919 3229 979 3284 tuo
995 3228 1027 3283 et
1041 3215 1171 3293 omnia,
1187 3214 1384 3305 quaehubes
1399 3216 1435 3281 in
1446 3238 1531 3304 apro
1548 3238 1560 3283 :

225 3322 379 3389 domines
393 3322 485 3389 enim
499 3335 533 3390 et
547 3322 700 3389 iumenta
720 3335 753 3390 et
773 3322 946 3407 universa,
969 3344 1058 3413 quae
1080 3321 1220 3389 inventu
1235 3323 1371 3409 fuerint
1389 3322 1559 3410 [orienes

226 3441 436 3518 congregrata
455 3428 616 3520 11119νί1,
634 3428 864 3520 cecideritque
879 3452 982 3521 sirper
993 3452 1034 3496 ea
1045 3428 1180 3519 prendo
1188 3481 1198 3513 ‚
1216 3428 1406 3495 morientur
1423 3455 1454 3495 n.
1473 3434 1560 3497 llaec

227 3534 371 3602 monitio
393 3534 525 3603 adiecta
551 3541 601 3602 est
628 3536 796 3625 imprimis
824 3560 888 3626 pro
913 3535 1019 3603 servis
1048 3535 1238 3603 Pharaonis
1260 3534 1339 3624 (Syl
1362 3536 1386 3623 .)
1409 3557 1417 3604 :
1443 3534 1558 3625 quoad
1601 3562 1609 3575 ·

225 3642 438 3709 Pharaonem
451 3641 565 3731 ipsum
583 3643 690 3709 verba
709 3643 838 3711 habent
853 3643 1015 3710 acerbam
1033 3640 1193 3709 ironiam.
1209 3642 1303 3709 Sam.
1323 3664 1441 3710 rursus
1456 3641 1557 3709 indu-

226 3748 272 3815 cit
294 3753 424 3836 Moysen
452 3756 488 3814 et
515 3754 629 3816 Aaron
650 3750 859 3816 verbotenus
884 3770 1002 3816 eoram
1029 3750 1208 3816 Pharaone
1236 3754 1428 3837 repetentes
1453 3748 1559 3816 verba

226 3878 258 3921 v.
278 3860 392 3922 13-19,
410 3878 440 3921 v.
459 3861 500 3921 20
521 3883 537 3916 a
558 3856 627 3937 Qui
643 3855 761 3922 timuit
774 3858 911 3923 serbiam
925 3856 1064 3921 Domini
1077 3854 1118 3922 de
1133 3856 1236 3921 seruis
1253 3854 1462 3936 Pharaonis,
1472 3854 1561 3942 fecit

228 3966 415 4052 confugere
432 3984 543 4029 servos
565 3974 695 4028 suaset
715 3962 870 4029 iumenta
896 3962 935 4029 in
956 3960 1073 4027 domos
1095 3988 1124 4029 a.
1147 3965 1237 4048 Ergo
1256 3983 1320 4049 per
1337 3984 1449 4029 servos
1472 3960 1560 4028 Pito-

227 4067 344 4134 raonis
357 4070 394 4135 in
416 4073 486 4136 tota
509 4070 574 4137 hac
588 4068 787 4136 narratione
809 4068 979 4159 imprimis
998 4066 1241 4153 intelliguntur
1254 4066 1375 4151 aulici,
1395 4070 1451 4158 qui
1473 4068 1559 4135 alios

227 4173 295 4240 sibi
312 4174 465 4241 subditos
487 4175 657 4243 haberent
678 4198 789 4243 seruos
804 4197 816 4240 .·
836 4196 940 4266 quam
967 4195 1088 4241 vocem
1111 4176 1204 4240 LXX
1223 4173 1364 4261 quidem
1384 4175 1557 4260 ignorant.

228 4303 260 4347 v.
278 4287 318 4346 21
338 4307 354 4339 «
379 4280 446 4363 Qui
464 4293 579 4349 aretem
604 4283 756 4373 neqleait
774 4304 964 4349 sermonem
985 4280 1144 4365 Domini,
1164 4279 1294 4347 dimisit
1308 4302 1418 4347 servos
1432 4304 1509 4348 suos
1529 4294 1560 4346 11

232 4386 385 4453 iumenta
400 4387 437 4454 in
451 4389 542 4477 apris
554 4418 584 4456 a.

275 4516 308 4560 ν.
326 4500 369 4559 22
388 4521 404 4556 «
421 4497 467 4561 m
478 4494 568 4562 diait
581 4496 746 4563 Dominus
765 4496 813 4563 ud
821 4499 964 4585 1111111111
977 4516 990 4559 .·
1007 4492 1161 4561 Extende
1175 4516 1317 4561 mantem
1328 4505 1422 4562 tuum
1436 4494 1473 4561 in
1485 4518 1561 4561 eoe-

228 4600 300 4666 lum
314 4628 349 4684 n,
368 4628 384 4663 a
405 4622 475 4667 non
494 4603 588 4692 quod
610 4602 671 4670 illa
691 4625 811 4670 manus
826 4602 976 4669 extensio
997 4599 1129 4690 aliquid
1144 4606 1357 4690 operaretur,
1376 4602 1435 4667 sed
1454 4607 1492 4668 ut
1507 4624 1559 4668 es-

229 4715 280 4774 set
298 4708 449 4794 signum,
466 4708 560 4798 quod
575 4708 621 4777 ad
634 4709 845 4777 voluntatem
861 4710 920 4775 Dei
935 4706 1121 4775 mandante
1134 4710 1240 4793 Moyse
1257 4707 1322 4773 ista
1334 4706 1469 4792 grando
1484 4730 1559 4775 eve·

231 4814 322 4881 niret
347 4842 363 4876 a
390 4814 529 4905 (Tusa),
557 4844 573 4878 11
604 4827 643 4881 111
663 4818 728 4906 siat
753 4816 887 4905 prande
914 4815 951 4882 ia
977 4814 1137 4881 uniuersa
1165 4824 1255 4879 terra
1279 4813 1433 4903 Aegypti
1458 4836 1562 4904 super
