3534 5384
709 439 776 484 mv.
800 423 874 494 ais
895 440 962 491 sao.
1266 507 1268 510 .
1305 425 1307 430 ’
1444 425 1501 486 391

172 598 230 642 nes
246 597 258 640 .·
277 571 394 641 omues
411 580 444 640 et
458 573 547 640 solos
560 579 651 639 certe
670 572 822 661 postulat
835 575 1029 655 contextus3
1050 600 1066 634 «
1084 571 1278 661 inpietatem
1297 573 1359 660 [ac]
1373 573 1502 662 sempi-

171 697 306 750 ternum
324 682 411 768 [erit]
432 679 470 745 irc
488 679 767 770 pancratiorcibas
783 678 901 745 vestris
922 677 962 744 dc
984 677 1165 768 sacrificiis
1188 677 1329 745 Domini
1353 705 1383 746 n.
1413 683 1501 747 Heec

170 796 251 855 sunt
262 788 433 878 appositio
445 786 490 853 ed
505 784 680 852 coricedent
694 783 793 854 illud.
818 812 835 847 «
854 785 984 872 Omnis,
1002 785 1063 875 qai
1082 783 1234 873 tetiperit
1255 785 1331 870 illa,
1348 775 1501 874 sanctifi-

171 894 305 961 rabina·
321 923 352 978 n,
365 893 541 961 ablutione
558 894 732 980 fungetur,
749 897 934 983 antequem
949 890 994 958 nd
1004 891 1111 958 vitam
1121 891 1299 982 profanam
1309 891 1438 959 redeat.
1452 891 1500 958 cf.

171 1023 259 1091 quae
273 1000 421 1067 diximus
439 999 484 1066 ad
499 1005 556 1067 Ex.
575 1005 694 1082 29,37;
712 1005 828 1082 3039.
925 1035 930 1046 ·
1470 998 1473 1005 ‘

413 1255 435 1300 γ.
448 1240 485 1287 De
499 1240 624 1287 oblatione
637 1239 782 1300 quotidiana
795 1240 949 1286 secerdotum
962 1238 1020 1288 Les.
1032 1240 1130 1300 6,ῑ9·23
1147 1239 1255 1300 (ii-19).

214 1432 298 1517 Arq.
315 1467 359 1479 —
377 1426 532 1505 Quotidie
552 1448 654 1493 mnne
674 1431 708 1493 et
726 1449 868 1516 vespere
888 1426 1041 1516 pontifex
1057 1449 1120 1515 pro
1136 1447 1170 1493 se
1190 1423 1428 1516 universisque
1444 1447 1498 1492 sa-

169 1535 365 1603 cerdotibus
379 1533 555 1601 minchem
567 1533 702 1615 offeret,
719 1555 807 1622 quae
821 1538 895 1600 tota
908 1532 1140 1613 comburetur,
1158 1553 1238 1599 cum
1252 1553 1323 1599 non
1339 1531 1381 1598 sit
1396 1530 1501 1598 altior

169 1642 353 1731 quisquam
372 1638 608 1707 sacerdotibus
626 1638 725 1729 ipsis
744 1640 799 1706 cai
818 1639 937 1728 alique
954 1639 1025 1704 eius
1044 1638 1204 1705 minehae
1227 1659 1307 1728 pars
1328 1636 1498 1724 assignari

169 1753 273 1836 queat
292 1746 519 1814 comedenda.
864 1818 867 1823 ⁴

211 1876 245 1921 v.
264 1860 305 1921 19
323 1856 554 1942 «Locutnsqae
567 1863 615 1919 est
629 1852 793 1919 Dominus
804 1852 853 1917 ad
863 1855 1006 1941 Moysen
1020 1850 1135 1918 dicens
1150 1879 1165 1910 »
1183 1874 1191 1919 :
1208 1875 1241 1918 v.
1258 1857 1300 1916 ‘io
1314 1877 1330 1912 ι(
1345 1853 1439 1917 Haec
1452 1863 1499 1917 cst

168 1960 293 2026 ablat-io
320 1963 437 2026 Aaron
463 1971 496 2026 ct
513 1959 669 2050 filioram
691 1958 778 2043 cias,
800 1980 904 2048 qaam
926 1959 1051 2047 offerre
1073 1958 1194 2025 debent
1215 1957 1361 2023 Domino
1384 1954 1422 2022 in
1443 1956 1499 2024 dic

167 2067 339 2133 erectionis
358 2089 440 2132 suaa
456 2094 487 2131 o.
502 2065 696 2133 Distinctius
713 2063 787 2130 cias
802 2087 816 2130 .·
828 2065 920 2132 solus
935 2064 1064 2155 quippe
1084 2065 1240 2155 pontifex
1255 2062 1417 2154 primitus
1431 2085 1498 2130 un-

165 2173 325 2260 gebatur.
353 2173 517 2241 Censebet
536 2171 626 2253 ant,
655 2171 946 2261 praepositionem
966 2188 986 2235 ι
1010 2171 1046 2237 h.
1062 2171 1086 2236 l.
1108 2170 1345 2259 accipiendam
1362 2191 1433 2237 esse
1453 2169 1500 2236 ad

165 2279 274 2345 instar
285 2277 547 2368 praepositionis
566 2292 608 2371 'pn
624 2298 632 2340 ε
649 2277 729 2344 inde
748 2301 769 2343 a
781 2277 849 2346 aie.
866 2277 993 2360 Melius,
1015 2276 1067 2344 uti
1080 2299 1183 2368 supra
1194 2277 1431 2357 monebamus,
1447 2297 1501 2343 ee-

166 2383 313 2474 cipintur
327 2406 428 2479 sensu
443 2384 584 2452 minime
603 2385 775 2452 exclusivo
790 2404 798 2451 t
817 2385 872 2452 die
887 2383 1059 2452 unctionis
1073 2390 1107 2451 et
1122 2384 1171 2451 ita
1183 2405 1304 2474 porra,
1322 2381 1495 2450 minatam

166 2503 353 2558 aeternam.
378 2491 563 2559 Confirmat
583 2493 650 2558 ias.
672 2491 760 2581 (Ant.
782 2496 838 2559 iii.
859 2498 914 2558 10.
935 2491 981 2581 i),
1002 2491 1092 2558 hanc
1115 2489 1325 2558 oblationem
1344 2487 1498 2580 quotidie

166 2597 281 2664 offerri
306 2599 517 2666 consuevisse
544 2621 552 2667 :
582 2628 598 2660 «
628 2599 792 2665 Sacerdos
816 2598 965 2688 propriis
989 2599 1183 2688 sumptibus
1207 2603 1240 2664 et
1266 2596 1422 2688 quotidie
1443 2594 1497 2662 bis

166 2704 265 2771 offert
284 2710 352 2771 Deo
370 2704 518 2772 farinam
538 2705 614 2772 oleo
631 2711 840 2772 maceratam
857 2711 891 2772 et
907 2705 1042 2772 modica
1064 2704 1218 2772 coctione
1238 2702 1397 2771 duretam
1417 2725 1425 2771 :
1448 2707 1498 2769 est

165 2817 278 2878 autem
293 2811 426 2879 farinae
445 2833 610 2879 mensure
622 2834 763 2878 assason
778 2833 866 2879 unus
889 2839 917 2890 »‚
940 2813 963 2876 i.
982 2833 1012 2878 e.
1030 2810 1165 2877 decime
1179 2832 1258 2901 pers
1277 2809 1371 2898 ephi.
1395 2835 1411 2869 κ
1434 2812 1497 2880 De-

164 2917 291 2984 cimam
300 2916 523 3007 parterneplri
541 2945 570 2999 o,
585 2917 610 2983 i.
627 2941 656 2985 e.
674 2940 780 2985 unum
795 2938 919 3004 gomor
930 2917 1000 3005 (Ex.
1020 2919 1145 3002 1636),
1165 2944 1181 2978 «
1195 2918 1344 3005 offerent
1357 2913 1494 2981 sirnc'lac

165 3023 200 3089 in
221 3023 390 3113 sacrificia
410 3023 616 3113 sempiterno
644 3051 673 3104 »‚
696 3022 870 3090 ntinclrarn
889 3023 1151 3112 serapiarnam,
1176 3051 1191 3084 «
1211 3021 1365 3088 ineditam
1383 3021 1454 3087 rias
1477 3049 1492 3083 n

163 3150 221 3196 seu
235 3129 418 3197 dimidium
439 3157 455 3190 (ι
472 3151 589 3214 marre,
608 3142 642 3196 et
657 3128 810 3196 medinm
825 3129 1048 3220 einsarspcrc
1065 3157 1095 3195 ».
1113 3151 1146 3196 v.
1163 3134 1203 3194 21
1223 3155 1240 3192 «
1260 3131 1354 3210 Qrcac
1369 3127 1407 3194 in
1420 3149 1494 3194 sar-

162 3236 280 3324 lapc'ne
293 3234 365 3302 oleo
380 3258 558 3327 compare-a
571 3236 743 3328 [ripetar.
755 3236 889 3325 Offerre
902 3250 1018 3304 aetem
1037 3259 1112 3303 earn
1128 3234 1280 3303 calidam
1297 3234 1334 3300 in
1354 3233 1491 3300 odorem

161 3341 404 3410 suavissimam
424 3342 569 3410 Dareine
592 3371 608 3403 »
630 3366 663 3410 v.
687 3351 730 3410 22
753 3373 769 3405 α
793 3342 966 3426 sacerdon,
988 3343 1048 3432 qai
1066 3343 1140 3410 inre
1157 3342 1254 3433 patri
1274 3340 1486 3427 cirecesscrit,

161 3461 193 3515 ct
208 3462 280 3516 tata
294 3447 500 3516 cremabitur
511 3449 560 3546 [in
573 3449 690 3538 altare]
707 3478 737 3519 ».
755 3471 787 3516 v.
801 3457 842 3518 23
861 3480 877 3512 ιι
896 3452 1002 3518 Ourna
1017 3451 1107 3516 enirn
1118 3448 1327 3538 sacrificinm
1337 3447 1492 3515 sacerdo-

162 3568 234 3623 tnm
251 3557 330 3645 ipae
346 3569 572 3638 consumetur,
590 3579 651 3623 ricc
666 3556 848 3647 qnisquam
864 3555 1015 3623 conradet
1030 3580 1072 3624 en
1086 3578 1124 3623 eo
1143 3585 1172 3622 n.

196 3767 225 3805 v.
241 3754 271 3803 ‘it
289 3762 393 3811 mm
415 3753 458 3821 (ct.
472 3755 551 3816 7,1r;
571 3757 582 3806 1
605 3761 668 3807 Par.
682 3753 773 3824 iano)
793 3755 903 3806 videtur
922 3756 1105 3807 derivandum
1126 3770 1143 3806 a
1163 3756 1258 3808 radice
1276 3764 1334 3837 'pi
1354 3759 1463 3806 iniecere
1479 3771 1487 3805 :

161 3843 228 3892 hinc
244 3843 306 3892 m·
323 3841 503 3911 πεφυραμένην.
520 3843 652 3896 Ceterum
668 3858 768 3895 sensus
788 3846 866 3895 vocis
884 3847 1039 3909 ignoretur.
1057 3847 1105 3910 iq.
1121 3841 1211 3908 ζεσιήν
1226 3847 1366 3897 consentit
1381 3847 1487 3908 vulga-

162 3938 207 3982 tae
221 3928 368 3997 (calidam).
385 3931 477 3984 Affine
500 3934 544 3982 est
568 3932 663 3984 Chald.
680 3936 779 3996 summ.
795 3940 912 3994 tenuem,
927 3937 989 3997 Syr.
1010 3942 1148 3985 recentem.
1162 3960 1198 3972 -
1218 3935 1298 3984 Hanc
1315 3947 1413 3984 vocem
1434 3934 1488 3983 ali·

160 4031 233 4082 quae
247 4019 388 4082 excipiunt
401 4032 420 4070 a
435 4020 521 4084 ang.
538 4023 683 4085 ignoratae
701 4035 707 4070 :
723 4028 818 4104 :tipo
837 4029 918 4081 nizizi
938 4030 1025 4080 unm
1042 4030 1134 4082 utfin-
1149 4017 1231 4082 Ἅπαξ
1248 4019 1386 4092 λεγόμενον
1404 4028 1487 4082 utun

160 4109 225 4156 iii
235 4111 348 4158 vertunt
360 4103 454 4170 ἒλιιιτά,
466 4110 637 4161 coarctatum
652 4111 732 4173 qaia,
748 4125 798 4162 seu
818 4113 875 4162 alia
889 4113 1009 4164 lectione
1024 4107 1120 4178 ἔρικτά,
1136 4114 1253 4164 crassius
1273 4113 1464 4162 comminutam
1486 4135 1493 4172 ;

160 4209 228 4261 ergo
245 4196 404 4247 convolante
418 4194 469 4266 (t),
486 4201 621 4250 entecham
636 4199 815 4250 buccellarum
828 4203 934 4264 offeres,
951 4215 1022 4266 opus
1041 4203 1186 4266 pistorium
1201 4202 1230 4252 in
1244 4201 1385 4254 buecellas
1399 4203 1489 4252 veluti

159 4285 313 4336 redactum.
331 4285 362 4335 Si
376 4286 520 4347 advertas,
537 4296 630 4372 πήρη
645 4294 674 4340 et
687 4297 802 4345 mittun
818 4303 881 4341 esse
899 4303 985 4342 voees
998 4303 1182 4353 synonymae,
1200 4297 1281 4350 nien
1296 4294 1324 4342 et
1339 4297 1423 4350 istun
1438 4304 1490 4342 vo-

159 4386 206 4424 ces
221 4373 378 4424 simillimas
391 4377 518 4439 potuisse
534 4381 712 4443 coemptione
729 4391 814 4430 unam
832 4393 866 4430 ex
881 4381 970 4430 altere
984 4381 1065 4441 oriri,
1080 4380 1204 4445 aliquam
1218 4383 1303 4431 etiem
1316 4381 1488 4445 deprehendi

159 4463 371 4513 similitudinem
392 4464 465 4515 inter
486 4473 572 4522 iiim
596 4473 624 4517 et
645 4475 766 4529 mm,
782 4469 916 4520 conficies
935 4468 1054 4521 fortasse
1075 4469 1161 4520 verbe
1190 4475 1272 4529 ninii
1291 4477 1378 4527 iiim
1401 4475 1485 4529 'ituri

160 4557 254 4635 aripti
269 4554 447 4616 corruptione
460 4560 523 4604 orte
536 4568 599 4606 esse
613 4568 649 4606 ex
662 4562 777 4612 nantum
792 4565 897 4614 mm
912 4562 1014 4616 amun.
1024 4585 1061 4596 -
1071 4557 1200 4609 offerens
1212 4571 1238 4607 v.
1251 4558 1281 4608 ii
1299 4564 1342 4610 est
1354 4557 1489 4622 pontifex,

159 4640 201 4689 uti
214 4644 293 4704 patet
307 4653 324 4691 c
337 4655 365 4690 v.
382 4641 426 4702 Ἡ,
442 4642 489 4692 ubl
504 4643 604 4708 reliqui
616 4644 721 4695 habent
734 4646 858 4696 sacerdos
872 4654 977 4696 anctus.
993 4646 1037 4696 Ite
1053 4648 1128 4697 enim
1141 4661 1168 4698 v.
1186 4647 1220 4698 22
1235 4647 1319 4698 hebet
1335 4662 1342 4697 2
1359 4655 1384 4696 ct
1397 4659 1487 4694 sacer-

160 4728 326 4796 decanatus,
340 4731 387 4794 qni
406 4740 444 4779 est
460 4738 520 4794 post
535 4745 608 4794 enm,
624 4735 654 4782 dc
672 4735 730 4797 ipso
748 4730 864 4800 (natus),
882 4735 1001 4799 idipsum
1020 4734 1131 4798 asseret,
1147 4741 1278 4785 statatum
1297 4737 1487 4799 sempiternam

160 4818 286 4879 Dauniam·
307 4825 391 4870 totum
407 4820 580 4870 cremabitur.
594 4835 622 4870 v.
639 4822 671 4872 23
688 4823 720 4871 iit
735 4823 822 4871 amnis
842 4825 949 4873 nrirrctra
968 4824 1126 4886 sacerdotis,
1143 4825 1191 4887 qui
1210 4823 1239 4874 h.
1255 4824 1274 4874 l.
1292 4824 1408 4874 tortasse
1427 4833 1490 4872 rur·
