3534 5384
545 421 740 467 sncuuuuruti
761 421 1053 467 ruaslsuuiiicouuil
1074 421 1165 467 lars.
1501 407 1519 467 7

187 567 264 622 sent,
281 559 391 610 dicente
406 558 502 622 Moyse
523 559 574 620 Ex,
589 557 652 620 836
671 558 707 609 ad
727 559 927 610 Pharaonem:
946 575 958 606 ι
978 559 1208 610 abominationes
1224 560 1298 609 enim
1318 560 1520 623 Aegyptiorum

187 649 393 700 immolabimus
414 649 534 699 Domino
554 663 578 696 ι.
596 645 701 711 Saepe,
718 660 791 712 quac
815 650 843 696 in
865 661 923 699 uno
942 647 1063 711 Aegypti
1083 660 1158 723 pago
1181 647 1353 698 abominatio
1380 654 1474 708 erant,
1490 650 1521 700 ln
1593 686 1595 689 -
1698 618 1706 693 Ᾰ-
1725 704 1764 732 ι

187 740 275 790 altero
290 739 448 788 nouerant.
465 737 564 800 Neque
576 737 708 799 Aegyptii
723 733 868 786 sacrificiis
882 738 1007 787 cruentis
1023 735 1171 797 carebant;
1187 736 1350 800 trequenter
1368 737 1521 800 parietibus

187 827 325 891 depictam
345 826 533 890 conspicimus
555 825 777 876 immolationem
797 826 870 875 tauri
893 825 939 874 vel
959 825 1116 888 antilopae,
1130 837 1250 888 quorum
1267 829 1361 888 partes
1383 825 1521 890 quaedam

188 916 268 966 altari
290 917 473 978 imponuntur
490 913 602 978 (Ermca
619 927 646 976 p.
666 913 728 964 388.
747 913 797 964 435
817 927 862 977 sq.
883 913 933 963 536
957 913 1111 980 sq.),licet
1133 927 1171 964 an
1193 913 1308 964 eaedem
1328 913 1450 964 flammis
1471 914 1554 964 ab*
1634 906 1638 921 '
1688 906 1690 913 '
1730 923 1734 930 '

188 1009 316 1067 sumptae
332 1005 390 1054 siut
404 1005 576 1066 ignoremus.
594 1003 744 1054 Praeterea
765 1001 993 1066 lrequentlssima
1009 1008 1089 1053 erant
1108 1001 1183 1065 apud
1205 1002 1361 1066 Aegyptios
1383 1002 1523 1054 sacrificia

188 1095 343 1152 incruenta,
360 1105 433 1156 quas
447 1104 482 1142 ex
497 1092 565 1142 Lev.
582 1091 784 1154 accinguntur
799 1103 832 1142 eo
847 1103 918 1141 aevo
931 1091 1006 1154 apud
1021 1089 1166 1142 Hebraeos
1184 1103 1297 1154 quoque
1309 1093 1450 1142 exstitisse
1465 1090 1522 1158 ire·

189 1183 349 1246 quentiora‚
367 1193 451 1244 quam
474 1180 678 1244 posterioribus
697 1180 818 1230 saeculis
836 1179 925 1230 tuere.
946 1179 1071 1230 Tandem
1089 1177 1150 1231 lieri
1168 1180 1277 1242 potuit,
1292 1181 1324 1229 ut
1345 1181 1374 1229 in
1395 1181 1523 1243 Aegypto

188 1271 349 1321 sacerdotes
368 1269 482 1320 hebraei
493 1269 550 1318 ritu
571 1268 774 1332 Aegyptiorum
783 1265 989 1326 sacrificarent,
1005 1268 1094 1331 quod,
1111 1281 1175 1318 cum
1201 1281 1301 1319 omnes
1322 1268 1365 1318 illi
1385 1269 1420 1319 ab
1444 1269 1525 1318 initio

189 1358 285 1409 mundi
299 1357 369 1409 ritus
384 1361 479 1408 assent
493 1357 528 1407 ab
537 1357 698 1410 bominibus
712 1357 829 1416 invecti,
845 1369 899 1420 per
911 1369 944 1407 se
957 1357 1086 1407 illicitum
1097 1369 1155 1407 non
1171 1362 1250 1417 erat,
1266 1356 1418 1407 dummodo
1436 1357 1524 1407 sacri-

188 1445 282 1498 ficium
296 1447 345 1498 tali
363 1448 419 1497 ritu
436 1447 562 1497 oblatum
582 1457 639 1495 non
656 1445 806 1496 offerretur
820 1445 875 1494 dtis
895 1446 1025 1510 Aegypti.
1043 1445 1149 1496 Verum
1168 1450 1197 1496 et
1215 1446 1261 1497 bis
1275 1446 1372 1496 litasse
1391 1445 1524 1496 sacerdo-

189 1541 231 1588 tes
245 1536 399 1598 hebraeos,
415 1534 520 1586 collato
535 1539 613 1585 testu
628 1535 683 1585 los.
698 1533 779 1596 tuit
793 1535 857 1598 quis
869 1535 973 1598 neget?

459 1734 491 1793 3.
518 1725 646 1815 Moysis
665 1738 744 1792 acia
763 1724 800 1792 in
819 1727 976 1816 Aeqppto
993 1730 1051 1793 Ex.
1072 1697 1262 1807 1,1-1t,36.

233 1939 407 2007 Praeiudit
421 1939 610 2006 narrationi
626 1939 784 2030 pericope
800 1943 856 2006 Es.
877 1947 893 2006 1
910 1961 975 2029 sq,
991 1938 1227 2006 Hebraeorum
1241 1938 1279 2005 in
1290 1943 1448 2028 Aegypto
1462 1963 1523 2029 op·

188 2047 399 2139 pressionem
414 2051 448 2112 et
462 2045 582 2132 Moysis
593 2044 743 2132 origines
757 2045 967 2130 describens.
984 2044 1172 2112 Consilium
1185 2044 1304 2114 salutis
1323 2049 1410 2112 Deus
1423 2047 1525 2132 lloysi

191 2153 318 2220 erubo
338 2152 479 2219 ardente
501 2150 694 2218 manifestat
722 2173 730 2219 :
758 2149 854 2218 iubet
877 2173 956 2217 eum
978 2151 1191 2218 Pharaonem
1211 2150 1310 2218 adire
1333 2156 1385 2235 et,
1403 2157 1440 2218 ut
1462 2143 1526 2218 lie·

190 2260 310 2327 bracos
329 2281 367 2325 er
385 2263 542 2348 Aegypto
557 2256 722 2340 dimittat,
740 2256 799 2324 Dei
813 2256 954 2324 nomine
973 2258 1162 2347 postulare.
1181 2253 1305 2324 Verum
1327 2279 1396 2324 non
1414 2263 1526 2347 potest

190 2371 315 2453 lloyses
325 2365 497 2452 legatione
510 2362 610 2450 fungi
629 2385 691 2453 pro
707 2368 773 2431 Deo
792 2385 986 2450 anonymo,
1004 2385 1088 2451 ergo
1104 2368 1161 2431 lbr.
1179 2369 1258 2445 aia
1276 2386 1318 2431 ex
1331 2369 1400 2432 Deo
1420 2386 1524 2453 quae-

190 2473 255 2539 rit:
270 2472 331 2538 «Si
344 2469 495 2537 dixerint
510 2469 596 2536 mihi
610 2490 618 2536 :
636 2469 732 2548 Quod
745 2475 928 2536 estnomen
941 2471 1033 2537 eiust
1045 2469 1130 2560 quid
1144 2470 1257 2538 dicam
1271 2469 1344 2536 eis?
1360 2498 1376 2531 »
1388 2474 1472 2537 Cum
1483 2493 1524 2538 eo

189 2578 296 2666 igitur
315 2576 545 2644 communicat
569 2580 656 2643 [leus
673 2599 814 2660 nomen,
831 2575 928 2665 quod
950 2577 1022 2666 ipse
1042 2583 1220 2667 tamquam
1243 2577 1373 2644 electae
1392 2576 1523 2667 stirpis,

190 2707 279 2774 quac
297 2683 438 2751 iamiam
454 2685 492 2749 in
504 2682 675 2772 populum
688 2683 851 2763 excrevit,
868 2682 1035 2771 peculiari
1051 2683 1152 2750 titulo
1166 2681 1251 2750 deus
1266 2683 1333 2749 sibi
1342 2683 1526 2774 proprium

190 2791 346 2872 assumit,
368 2811 495 2856 nomen
515 2787 631 2856 Iulius.
655 2793 725 2855 Hoc
741 2789 884 2855 nomine
904 2793 1030 2876 lloyses
1051 2787 1225 2856 Hebraeos
1247 2789 1335 2870 adit,
1353 2789 1525 2857 Pharaoni

189 2897 342 2965 numinis
354 2897 445 2963 iussa
460 2894 588 2978 defert,
609 2895 768 2962 renuenti
788 2895 912 2985 plagas
934 2896 1132 2976 annuntiat,
1152 2894 1297 2982 infligit,
1316 2894 1452 2962 tandem
1468 2918 1525 2962 ve-

190 3004 285 3070 niam
304 3024 382 3070 curu
401 3002 560 3070 universo
582 3003 711 3091 populo
731 3001 858 3068 finibus
878 3001 1066 3068 excedendi
1084 3007 1277 3091 extorquet.
1301 3001 1435 3069 Abhinc
1449 3025 1525 3068 om·

189 3108 248 3178 nia
265 3110 302 3176 iu
323 3113 382 3175 Ex.
410 3113 444 3175 et
463 3113 540 3175 hev.
566 3108 654 3174 fiunt
672 3109 809 3174 nomine
831 3108 935 3175 lahve
961 3129 970 3174 t
999 3130 1068 3198 qua
1088 3109 1125 3175 in
1140 3107 1262 3175 Genesi
1280 3108 1526 3197 premebamur

191 3215 391 3283 difficultate
406 3214 450 3281 de
468 3214 663 3282 comitibus
682 3212 829 3296 divinis,
850 3237 892 3282 ea
906 3215 952 3281 ab
971 3214 1064 3282 hisce
1082 3215 1179 3282 libris
1194 3216 1341 3294 exsulat;
1360 3215 1525 3306 paucissi-

191 3321 255 3389 mis
269 3327 402 3389 tautum
421 3321 519 3400 locis,
542 3327 747 3410 praetereas
760 3319 820 3387 ubi
835 3343 899 3410 pro
912 3321 1052 3388 nomine
1068 3325 1210 3389 naturae
1222 3321 1420 3403 adhibetur,
1441 3322 1524 3388 scri·

189 3427 283 3496 bitur
301 3449 427 3495 nomen
447 3423 561 3502 niatu.

227 3593 300 3643 Ante
319 3592 473 3643 revelatum
495 3590 545 3641 Ex.
567 3591 629 3652 3,15
650 3603 753 3642 nomen
772 3595 841 3647 :tini
865 3591 1005 3652 scribitur,
1021 3598 1052 3641 ut
1075 3596 1167 3655 patet,
1186 3570 1295 3647 statu.
1313 3591 1356 3642 Ad
1374 3591 1429 3650 3,i.
1452 3590 1466 3641 l
1486 3590 1522 3640 ci.

191 3681 308 3732 dicenda
326 3679 603 3744 post3,1.ruru3‚t
623 3681 672 3730 aut
693 3679 823 3730 scribitur
840 3693 892 3744 per
910 3681 1154 3743 anticipationem,
1172 3685 1220 3730 aut
1237 3679 1386 3730 dicendum
1403 3679 1458 3730 erit
1476 3692 1523 3729 se-

191 3770 312 3822 cundum
331 3767 475 3821 canonem
498 3767 512 3817 i
536 3766 702 3834 (comment.
718 3770 748 3819 in
770 3769 841 3819 Gen.
855 3782 885 3832 p.
905 3768 928 3831 9)
951 3768 1099 3819 suffectum
1118 3782 1182 3820 essa
1199 3769 1337 3819 inlocum
1356 3769 1430 3827 eius,
1447 3767 1522 3830 quod

191 3862 273 3910 antea
287 3858 326 3908 lbl
339 3857 436 3919 luerit,
452 3837 565 3918 militm
585 3870 641 3921 quo
660 3871 700 3908 sc.
717 3859 884 3920 gravissima
899 3858 949 3908 illa
962 3859 1098 3908 revelatio
1114 3859 1174 3909 Deo
1188 3843 1310 3908 foederis
1325 3858 1523 3922 appropriare-

191 3953 246 3998 tur.
263 3946 344 4006 Quod
364 3947 458 3997 autem
480 3945 544 3996 inde
563 3945 658 4005 attii
680 3958 783 3997 nomen
802 3945 889 3997 lahvc
912 3949 1075 3996 constanter
1094 3944 1435 4007 adhibeatur,eons1rmat
1454 3958 1522 3994 nos-

190 4040 262 4086 tram
278 4035 461 4095 sententlam‚
478 4034 547 4084 illud
565 4046 669 4086 nomen
683 4035 721 4084 lb.
735 4036 854 4098 primum
877 4039 1051 4098 assumptum
1068 4047 1133 4086 esse
1147 4049 1164 4084 a
1180 4035 1241 4085 Deo
1256 4046 1308 4098 pro
1326 4035 1441 4084 nomine
1455 4046 1522 4096 pro-

189 4125 266 4187 prio,
282 4125 403 4187 itemque
422 4123 508 4174 luisse
527 4129 586 4173 tum
600 4122 804 4187 quadamtenus
823 4135 929 4174 nomen
948 4137 1057 4173 notrum.
1073 4123 1180 4174 Tamen
1201 4122 1382 4174 concedimus
1396 4122 1521 4185 potuisse
1553 4124 1555 4129 ’

189 4213 235 4263 vel
250 4217 333 4262 autea
348 4211 483 4263 Hebraeis
497 4212 654 4263 innotuisse
668 4224 771 4262 nomen
790 4217 823 4268 rii
838 4211 884 4262 vel
900 4214 961 4272 lao,
979 4212 1055 4275 quod
1066 4213 1197 4263 similiter
1208 4226 1240 4262 se
1256 4211 1358 4262 babeat
1377 4211 1413 4261 ad
1428 4211 1519 4268 labos,

189 4302 262 4352 sieut
276 4300 376 4350 Abram
390 4299 425 4350 ad
439 4300 585 4350 Abrabam.
600 4299 669 4352 lnde
680 4313 697 4350 a
710 4299 772 4362 3‚15
787 4305 881 4351 textus
896 4301 937 4350 illi
951 4303 1098 4365 perpauci,
1113 4302 1161 4365 qul
1172 4313 1276 4351 nomeu
1291 4280 1391 4356 niilStt
1406 4299 1520 4358 babent,

191 4395 240 4440 aut
254 4389 428 4452 explicantur
442 4389 593 4440 secundum
613 4389 743 4441 Gauones
762 4389 780 4439 l.
795 4403 819 4439 c.
833 4389 964 4450 traditos,
980 4392 1029 4440 aut
1052 4389 1087 4440 ad
1104 4390 1318 4441 amanuensium
1341 4401 1451 4439 errores
1471 4401 1514 4438 re·

190 4483 335 4529 vocantur.
352 4477 387 4527 Et
405 4481 485 4538 nota,
502 4476 654 4528 lectionum
673 4477 891 4529 discordantium
910 4491 1058 4529 numerum
1077 4479 1163 4543 longe
1180 4480 1335 4529 maximum
1356 4477 1430 4541 apud
1445 4473 1519 4527 LXX

190 4568 317 4630 reperiri.

228 4653 299 4706 Cum
313 4655 379 4705 inde
396 4669 412 4705 a
428 4655 489 4716 3,is
505 4663 573 4712 nini
591 4661 752 4708 constanter
766 4656 912 4718 scribatur,
926 4655 1060 4720 superflui
1075 4659 1131 4706 iam
1143 4661 1210 4707 sunt
1231 4656 1364 4708 canones
1377 4653 1401 4705 1.
1413 4653 1440 4703 i.
1453 4653 1479 4702 3.
1492 4653 1522 4711 t,

190 4745 239 4808 qul
259 4745 338 4795 eraut
357 4743 391 4795 de
409 4756 444 4795 eo
457 4747 571 4796 nomine
589 4746 618 4795 in
637 4746 729 4795 locum
749 4747 869 4796 nominis
889 4727 988 4801 statu
1007 4743 1176 4796 sulliciendi.
1194 4746 1295 4807 Aliqua
1310 4743 1449 4792 habentur
1469 4739 1525 4791 Ca·

191 4835 274 4882 nonis
288 4832 304 4883 6
315 4832 455 4898 exempla,
467 4846 570 4885 nomen
584 4835 792 4885 sanctissimum
804 4834 1010 4898 aproianorum
1021 4834 1170 4897 colloquiis
1178 4832 1335 4884 eximentis,
1350 4829 1411 4880 Huc
1422 4840 1524 4879 reuoca
