3534 5384
755 387 804 432 rx.
829 374 900 441 tut
922 388 986 439 soo.
1482 372 1540 431 155

204 530 340 615 praeter
368 545 488 590 currus
517 544 596 589 eum
625 521 722 611 equis
749 525 783 589 et
805 522 951 608 aurigis,
975 520 1078 588 etiam
1107 518 1237 611 pedites
1264 520 1361 588 lubet
1384 542 1536 588 comme-

204 652 351 699 morare.
366 644 431 703 nr,
449 630 501 697 uti
523 650 556 696 v.
573 634 589 695 1
608 643 687 701 nnn,
703 626 787 695 dicit
802 628 1051 717 proiectionem
1073 626 1276 707 violentam,
1295 632 1329 693 et
1348 633 1532 715 utrumque

204 737 247 804 de
265 736 421 803 iacienda
435 736 561 822 sagitta
579 733 766 803 adhibetur
786 733 870 801 :sed
889 756 988 817 cave,
1005 757 1049 801 ne
1071 755 1148 801 cum
1164 736 1256 801 Men.
1273 734 1460 823 Aegyptios
1483 757 1537 799 sa-

204 843 310 931 gittae
322 864 511 932 compares.
527 846 600 908 Non
618 846 697 909 sunt
708 839 773 931 ipsi
788 842 924 907 Domini
940 840 1101 927 sagittae,
1119 839 1191 919 sed,
1207 840 1236 907 si
1257 840 1380 931 placet,
1401 840 1535 924 sagittis

205 950 381 1036 fulgurum
401 947 474 1015 eins
489 948 723 1035 configuntur.
742 974 759 1009 a
773 946 886 1014 Electi
895 947 1073 1037 principes
1090 947 1163 1013 eins
1187 972 1203 1011 n
1227 945 1283 1036 (ct.
1303 946 1394 1034 tta)
1415 974 1430 1008 α
1457 950 1538 1011 sutr-

206 1055 308 1122 mersi
326 1067 406 1121 snnt
428 1054 466 1121 in
484 1054 577 1121 Meri
598 1057 710 1123 Rubro
736 1082 767 1119 a.
790 1053 1030 1122 submersione
1052 1054 1244 1143 puniuntur
1264 1075 1328 1142 pro
1354 1052 1539 1121 submersis

207 1163 322 1254 pneris
344 1161 576 1229 Hebraeorum
596 1159 735 1251 (Syia).
758 1181 790 1229 v.
811 1167 830 1229 5
853 1188 869 1222 «
896 1160 1020 1249 Abpssi
1037 1161 1244 1249 operuerunt
1269 1181 1340 1245 eos,
1360 1158 1539 1225 descende-

206 1281 287 1335 runt
301 1268 340 1335 in
348 1265 570 1358 profundum
583 1267 684 1357 quusi
699 1266 789 1357 lapis
804 1294 839 1350 n,
857 1288 917 1333 seu
932 1267 1029 1357 quasi
1046 1294 1063 1329 n
1080 1265 1263 1355 plumbum
1281 1294 1296 1329 u
1315 1286 1348 1334 v.
1368 1271 1408 1332 10
1428 1289 1434 1333 :
1454 1288 1541 1355 quae

208 1374 478 1466 comparationes
500 1374 662 1456 efferunt,
680 1396 737 1441 eos
754 1373 849 1440 illico
866 1378 900 1441 ct
919 1373 1015 1442 nulla
1033 1373 1153 1441 relicta
1166 1372 1282 1441 salutis
1296 1393 1355 1463 spe
1372 1394 1443 1439 esse
1459 1373 1541 1438 sub·

191 1478 337 1550 'mersos
357 1481 490 1570 (Toni.
1283 1482 1286 1491 '

691 1667 858 1729 Antistropba
872 1668 941 1727 prior
954 1682 981 1714 v.
992 1668 1063 1714 6-10.

252 1812 336 1899 Arq.
358 1847 403 1861 -
420 1809 608 1876 Universim
628 1830 744 1877 rursus
764 1815 820 1914 vti
840 1832 893 1899 sq.
910 1808 1063 1877 celebrat
1083 1806 1185 1875 lahve
1208 1808 1442 1877 fortitudinem
1461 1832 1539 1897 per-

208 1915 379 1999 cutientis,
389 1915 617 1999 deturbantis,
632 1915 873 1983 consumentis.
888 1914 991 1983 Cuius
1001 1913 1194 2004 exemplum
1207 1914 1399 1981 afferuntur
1410 1938 1442 1981 v.
1459 1922 1538 1981 8-10

209 2023 322 2090 undae
345 2023 449 2089 maris
470 2023 623 2111 primum
646 2022 861 2103 recedentes,
879 2021 961 2089 dein
984 2022 1018 2088 in
1039 2020 1223 2111 Aegyptios
1245 2020 1463 2111 insequentes
1485 2045 1539 2087 re-

209 2133 392 2196 vertentes.

253 2235 443 2302 Verborum
462 2228 494 2302 v'.
517 2242 537 2301 6
557 2256 607 2323 sq.
634 2240 790 2324 tempora
807 2234 961 2324 produnt
980 2256 1049 2301 non
1070 2234 1129 2321 agi
1145 2233 1186 2301 de
1203 2257 1273 2301 nno
1296 2235 1411 2323 aliquo
1435 2236 1540 2315 iacto,

210 2341 270 2408 sed
284 2341 328 2407 de
341 2340 518 2420 communi
531 2341 657 2428 agendi
676 2341 810 2408 ratione
822 2341 893 2407 Dei.
914 2364 946 2406 v.
965 2348 984 2407 s
1001 2368 1017 2402 n
1032 2342 1178 2407 Decreta
1194 2353 1270 2424 tuo,
1287 2341 1447 2421 Domine,
1468 2364 1541 2406 nze-

209 2448 379 2537 qnificetc
405 2460 453 2514 est
474 2447 510 2514 in
528 2446 735 2537 fortitudine
741 2469 756 2532 ;
776 2446 918 2514 dexteru
938 2461 1013 2535 tua,
1038 2448 1199 2535 Domine,
1227 2448 1395 2536 percussit
1423 2448 1544 2513 inimi-
1644 2538 1648 2547 Ι
1745 2484 1748 2495 ·

212 2576 289 2621 cum
308 2583 337 2620 n.
355 2552 458 2620 Hebe.
476 2575 489 2618 .·
504 2558 651 2622 Denteru
666 2568 741 2641 tua,
762 2553 865 2621 tatae
881 2552 1007 2644 inclyte
1022 2552 1155 2641 robore,
1172 2553 1313 2621 deutera
1330 2567 1406 2635 tna,
1423 2554 1540 2633 Inice,

212 2660 406 2750 coccfrinpit
422 2660 614 2728 inimicum.
635 2682 667 2727 v.
690 2668 710 2727 ’1
734 2688 750 2723 n
770 2662 815 2728 Et
830 2657 868 2728 in
887 2659 1110 2728 multitudine
1126 2660 1260 2749 pieriae
1278 2672 1356 2727 tuoe
1379 2688 1394 2721 n
1419 2701 1462 2712 —
1483 2684 1541 2727 seu

211 2766 491 2857 mopnificenticc
508 2778 587 2835 tuac
602 2788 614 2832 .·
630 2774 679 2834 est
695 2766 788 2835 enim
804 2768 923 2835 eadem
941 2773 1086 2858 atquev.
1106 2773 1121 2832 1
1138 2767 1236 2834 radix
1251 2806 1296 2817 -
1314 2796 1329 2829 n
1348 2766 1543 2857 deposuisti

212 2873 426 2941 adversarios
450 2887 525 2939 ticos
549 2897 584 2957 »3
606 2873 709 2941 Hebr.
736 2874 896 2941 convellis
926 2872 1138 2941 aduersarios
1163 2886 1237 2940 tuos
1255 2896 1267 2939 .·
1287 2873 1430 2940 verbnm
1457 2875 1539 2938 alias

213 2981 257 3048 de
274 2980 438 3047 aedificiis
455 2980 680 3048 demoliendis
697 2980 883 3048 adhibetur
903 2982 951 3069 (P.
974 2988 1016 3049 27
1037 2980 1116 3071 [18],
1139 2988 1171 3064 5;
1195 2986 1258 3049 ler.
1283 2982 1411 3067 tntu).
1438 3010 1452 3039 «
1475 2982 1542 3045 Mi-

212 3086 289 3153 sisti
314 3086 401 3153 irom
429 3099 524 3153 tuem
558 3114 591 3168 n,
617 3088 755 3178 proprie
783 3088 982 3154 incendium
1003 3087 1097 3176 quod
1126 3109 1225 3154 sensu
1249 3087 1415 3153 translato
1448 3087 1540 3152 furo-

214 3214 288 3260 rem
301 3192 473 3279 significat
486 3193 520 3283 (2
537 3194 632 3261 Hsdr.
655 3200 767 3277 13,18;
791 3198 843 3261 Ps.
863 3201 939 3275 n,5;
958 3202 1000 3261 87
1021 3194 1107 3283 [88],
1129 3196 1197 3281 17).
1218 3220 1234 3255 «
1254 3196 1347 3275 Qitac
1361 3192 1540 3260 devoravit

214 3322 270 3366 eos
286 3301 374 3367 sicut
396 3300 559 3390 stipulam
584 3329 614 3367 ».
635 3302 741 3368 Htiam
759 3301 845 3368 haec
868 3300 974 3367 verba
993 3306 1086 3368 verte
1105 3302 1304 3391 praesenti:
1327 3300 1436 3367 mittis
1455 3301 1541 3365 imm

214 3419 326 3487 tuem,
342 3429 431 3497 quoe
450 3406 590 3474 decoret
612 3429 668 3473 eos
686 3407 774 3474 sicut
799 3407 979 3497 stipulam.
1000 3406 1162 3474 Dominus
1180 3407 1251 3474 iotn
1275 3406 1461 3492 confringit
1480 3407 1542 3472 ad·

213 3513 393 3596 vessarim,
408 3512 604 3581 convellens
617 3514 799 3597 snbvertit,
812 3514 946 3603 spirans
961 3513 1143 3581 comburit.
1160 3518 1252 3580 Hanc
1267 3534 1371 3602 porro
1385 3512 1538 3579 indolem

213 3620 352 3706 egregie
366 3618 550 3686 illustravit
569 3621 605 3685 in
617 3620 764 3686 transitu
781 3621 876 3688 Haris
896 3620 1014 3689 Rubri.
1032 3643 1064 3685 v.
1083 3628 1102 3687 8
1122 3648 1138 3681 «
1158 3622 1204 3685 Εἰ
1218 3618 1392 3710 inspicite
1410 3619 1541 3707 scocris

215 3727 267 3792 tui
276 3738 506 3815 conpreqotee
518 3738 598 3793 sunt
609 3749 720 3816 oquae
734 3756 765 3811 a,
777 3730 870 3793 LXX
882 3736 978 3811 διέστη
990 3727 1014 3794 i.
1027 3749 1056 3793 e.
1070 3726 1199 3793 divisae
1212 3734 1303 3805 sunt,
1318 3726 1440 3794 Chald.
1457 3726 1542 3790 rolr-

216 3836 328 3923 (actnc
349 3845 448 3913 sunt,
464 3856 510 3899 sc.
535 3830 600 3922 ope
619 3834 713 3900 venti
730 3834 857 3900 urentis
874 3839 985 3915 lim.
1007 3838 1080 3899 Non
1094 3832 1210 3919 agitur
1222 3833 1279 3898 hic
1293 3832 1335 3898 do
1353 3833 1455 3920 aquis
1471 3840 1543 3919 post

215 3940 447 4007 Hebraeorum
465 3938 647 4005 transitum
670 3962 784 4007 rursus
801 3941 925 4006 coactis
937 3939 982 4006 ad
996 3938 1206 4006 suffocandos
1216 3938 1413 4028 Aegyptios,
1429 3938 1487 4002 sed
1501 3938 1542 4003 de

215 4044 314 4134 aquis
336 4045 488 4134 primum
507 4044 625 4112 divisis
643 4045 688 4113 ad
709 4068 882 4113 accessum
901 4046 1137 4135 praebendum
1158 4045 1307 4135 primum
1325 4044 1484 4111 Hebraeis
1504 4068 1542 4110 ac

216 4157 333 4241 postea
353 4152 541 4241 Aegyptiis.
560 4156 710 4241 Sequens
728 4152 877 4220 incisum
898 4154 971 4240 agit
992 4152 1035 4219 cle
1056 4152 1154 4241 aquis
1173 4152 1280 4219 instar
1304 4150 1395 4217 muri
1418 4152 1543 4216 consis-

216 4257 381 4334 tentibus,
404 4258 542 4324 tentium
562 4258 634 4345 agit
649 4257 691 4325 de
707 4258 891 4325 contractis
905 4281 965 4325 seu
981 4259 1169 4345 coagulatis
1188 4280 1355 4347 aquarum
1371 4258 1489 4324 massis
1509 4258 1545 4322 in

217 4364 329 4455 ipsum
349 4386 409 4431 cor
426 4364 546 4445 maris,
564 4365 599 4430 in
619 4369 733 4455 partes
753 4366 825 4433 eius
843 4365 1042 4433 remotiores
1061 4370 1176 4434 :totus
1193 4387 1309 4431 versus
1330 4370 1378 4431 est
1395 4366 1437 4431 de
1458 4364 1544 4429 mari

216 4470 340 4537 siccato
360 4476 462 4560 atque
478 4471 624 4551 nudato,
641 4495 672 4539 v.
690 4479 710 4538 9
726 4477 776 4540 est
794 4473 837 4539 de
856 4472 1034 4562 Aegyptiis
1056 4472 1094 4539 in
1114 4494 1206 4539 mare
1226 4471 1389 4539 siccatum
1410 4474 1546 4537 irruen-

218 4578 325 4660 tibus,
348 4601 380 4644 v.
399 4583 440 4643 10
464 4576 508 4642 dc
531 4578 776 4667 Aegyptiorum
797 4578 951 4647 interitu.
970 4584 1115 4668 Heapse,
1142 4600 1221 4645 oum
1236 4594 1298 4646 nul
1313 4578 1349 4645 in
1373 4579 1430 4643 kal
1450 4582 1544 4643 sonet
1649 4662 1651 4665 Ι

217 4682 361 4768 necdum,
378 4691 513 4749 nonest
527 4707 588 4750 cnr
604 4684 641 4750 in
656 4684 777 4775 niphal
794 4686 871 4753 loco
886 4684 1016 4753 rctcderi
1031 4685 1153 4753 induat
1164 4684 1450 4773 significationem
1464 4706 1540 4748 con·
1613 4676 1645 4774 j

217 4792 367 4881 perpuri.
391 4790 439 4857 Gi.
464 4790 560 4871 Cat,
581 4793 673 4858 Men.
693 4821 708 4853 «
734 4791 836 4859 Stetit
859 4792 954 4858 cecide
968 4792 1081 4881 fluens
1106 4810 1139 4870 »3
1167 4794 1268 4857 Hebr.
1292 4814 1305 4857 .·
1324 4790 1545 4857 sttbstitrrcmt
1615 4858 1617 4865 Α
