3534 5384
764 368 830 412 ter.
855 352 937 419 ithl.
1458 351 1516 410 tet

180 502 272 590 ignis
286 502 496 583 manilestat‚
514 506 614 589 grata
635 501 763 568 habere
782 506 887 568 Deum
903 500 1132 568 sacerdotium
1153 501 1352 569 aaronicum
1372 501 1512 592 eiusque

180 607 309 678 oblata.
328 637 344 670 «
364 608 465 691 erod
480 631 557 675 cum
571 606 734 674 vidissent
749 611 880 693 turbae,
901 606 1131 674 lectitaverant
1153 607 1356 693 Dominum,
1379 621 1514 676 retentes

181 717 219 782 in
226 716 338 805 facies
353 737 432 782 erras
451 743 482 783 ».
498 719 537 781 ln
549 714 699 781 iubilum
714 719 966 804 proruperunt;
985 713 1087 782 lectio
1102 713 1221 803 aliqua
1236 717 1327 781 LXX
1337 719 1511 799 ἠλάλαξαν;

178 822 282 890 lectio
301 828 440 912 recepta
457 826 575 906 ἐξέστη,
595 822 632 887 in
651 822 796 888 ecstasin
815 821 951 912 abrepti
970 827 1060 888 sunt.

388 1053 411 1088 c.
430 1038 585 1090 Sacerdotii
600 1040 732 1090 Aaronici
743 1039 890 1102 neglectus
904 1039 1035 1102 ponente
1046 1039 1162 1102 punitur
1176 1037 1245 1090 Lev.
1266 1038 1306 1089 10.

223 1225 307 1312 Arq.
325 1222 502 1290 -Nadab
522 1221 669 1305 etdbiu,
694 1223 838 1288 heronis
857 1221 937 1302 filii,
959 1221 1201 1288 irreverentius
1222 1221 1267 1289 ad
1289 1221 1396 1288 altare
1419 1243 1511 1288 acce-

178 1329 298 1396 dentes
312 1328 394 1416 igne
406 1328 664 1396 interimuntur.
684 1333 754 1406 Quo
767 1328 871 1396 simul
886 1349 1032 1418 poenam
1045 1328 1111 1394 fert
1125 1333 1239 1396 Aaron
1254 1350 1394 1395 suarum
1409 1329 1446 1394 in
1463 1328 1513 1393 vi-

177 1435 250 1502 tulo
267 1445 372 1503 anteo
388 1433 532 1502 colendo
546 1437 714 1525 partium,
732 1455 835 1524 quem
849 1434 1062 1524 impunitum
1082 1433 1258 1502 discedere
1279 1434 1510 1502 recentiorum

179 1542 287 1632 aliqui
301 1546 499 1610 causantur.
517 1545 642 1628 Moyses
653 1541 833 1608 Aaronites
846 1563 867 1607 a
880 1541 1035 1626 lugendo
1050 1539 1196 1607 fratrum
1213 1541 1353 1608 interitu
1368 1540 1512 1608 interdi-

178 1649 239 1731 cit,
268 1652 355 1716 lleus
384 1648 510 1716 hareni
540 1649 788 1737 temperantiae
815 1646 1061 1734 obligationem
1091 1647 1254 1715 inculcat.
1282 1651 1397 1715 Aaron
1423 1630 1526 1714 iusto*

178 1754 296 1822 dolore
311 1776 493 1845 oppressus
505 1776 525 1820 a
535 1776 630 1821 sacro
642 1754 746 1842 epulo
760 1751 970 1842 perficiendo
983 1752 1147 1834 abstinet,
1166 1759 1199 1819 et
1212 1754 1251 1820 in
1264 1776 1303 1820 ea
1319 1776 1355 1820 re
1372 1775 1392 1820 a
1406 1759 1512 1842 Moyse

177 1866 356 1929 excusatus
374 1859 534 1928 habetur.

212 2026 292 2084 Quae
305 2037 366 2088 cap.
383 2024 415 2075 te
434 2026 592 2085 narrantur,
608 2027 671 2074 ceta
688 2036 750 2074 esse
770 2025 832 2088 ipso
846 2023 892 2074 die
908 2019 1030 2090 (Baete.)
1044 2023 1180 2073 solemnis
1199 2021 1328 2073 sacrificii
1348 2035 1409 2087 cap.
1424 2024 1438 2074 9
1460 2024 1510 2074 de-

176 2115 287 2177 scripti,
303 2115 415 2176 patete
437 2112 516 2168 teet
535 2125 598 2176 sqq.
617 2114 646 2163 et
666 2113 813 2174 speciatim
831 2125 867 2162 ex
886 2125 934 2174 eo,
951 2111 1027 2176 quod
1048 2125 1074 2161 ν.
1095 2111 1125 2161 16
1148 2125 1191 2176 sq.
1208 2124 1302 2163 sermo
1321 2114 1357 2162 sit
1377 2112 1411 2162 de
1431 2113 1508 2162 hirco

177 2215 227 2266 pro
241 2203 356 2266 peccato
374 2202 471 2265 populi
484 2201 580 2252 oblato
593 2215 601 2249 ε
615 2202 740 2251 iamvero
754 2201 783 2250 in
802 2213 837 2251 eo
850 2202 912 2252 eolo
927 2199 1064 2250 sacrificio
1081 2202 1176 2250 hircus
1190 2199 1360 2252 oflerebatur
1373 2214 1424 2264 pro
1443 2213 1509 2264 per-

177 2295 240 2341 rato
258 2291 370 2355 pepuli,
384 2303 466 2342 secus
484 2289 599 2341 vitrdus.
615 2289 657 2341 ci.
681 2303 753 2353 quae
772 2290 808 2340 ad
828 2289 873 2350 9,3
892 2289 1064 2340 dicebamus.
1079 2290 1149 2340 Acta
1165 2295 1231 2340 sunt
1249 2301 1367 2353 vespere
1385 2288 1509 2340 ciusdem

176 2380 246 2437 diei,
262 2393 325 2429 curn
340 2379 432 2430 solum
446 2391 529 2430 manc
547 2382 576 2429 et
596 2391 713 2442 vespere
728 2376 790 2442 (Ex.
806 2377 869 2438 30,'l
882 2376 938 2442 sq.)
952 2379 1026 2442 ignis
1043 2376 1193 2430 interretur
1204 2379 1355 2429 thuribulis
1369 2379 1406 2430 ad
1421 2379 1513 2428 altare

176 2468 366 2531 thymiamatis
384 2465 489 2533 (iam).
503 2467 667 2527 Rationem,
684 2480 733 2517 cur
752 2467 851 2517 Nadab
868 2469 896 2517 et
917 2467 989 2517 Abiu
1010 2463 1070 2533 (Ex.
1088 2465 1163 2534 633)
1185 2468 1251 2530 igne
1270 2469 1315 2518 usi
1334 2469 1390 2518 sint
1405 2467 1510 2527 alieno,

175 2559 219 2607 sat
236 2557 410 2621 prohabilem
429 2555 510 2606 affert
529 2557 609 2615 len„
628 2573 640 2603 r
657 2557 732 2620 quod
751 2556 787 2605 ad
801 2557 897 2619 ignem
917 2557 996 2606 illurn
1018 2555 1053 2606 de
1074 2557 1154 2606 coelo
1169 2556 1280 2620 lapsum
1300 2556 1433 2608 accedere
1452 2569 1509 2608 non

176 2645 349 2696 auderent».
366 2645 397 2696 ld
416 2646 573 2709 periculum
593 2657 651 2695 non
670 2645 774 2694 habere
795 2645 1019 2708 perspexissent,
1035 2645 1061 2694 si
1082 2645 1180 2708 aequis
1203 2643 1323 2696 luissent
1344 2647 1456 2695 animis.
1474 2647 1509 2694 At

176 2741 240 2798 post
253 2733 389 2785 Baeticos
408 2747 522 2785 sensere
541 2735 616 2796 lyr„
633 2732 727 2796 Bensr.
743 2733 848 2795 aliique
869 2733 979 2796 plures,
997 2745 1046 2782 eos
1065 2732 1152 2784 luisse
1173 2734 1352 2794 semichrios,
1370 2735 1454 2798 atque
1476 2734 1511 2785 eh

175 2835 238 2872 eam
258 2824 396 2873 rationem
415 2837 442 2872 r.
460 2822 475 2871 8
497 2835 560 2886 sqq.
575 2821 660 2872 adiici
680 2825 919 2885 praerapidum
943 2821 1072 2870 intraturi
1095 2820 1306 2872 tabernaculum
1327 2834 1344 2872 a
1366 2821 1433 2872 vino
1456 2821 1507 2871 ah-

174 2911 320 2961 stinerent.
339 2910 472 2962 Solemne
486 2910 556 2960 illud
573 2923 634 2972 cap.
652 2909 849 2960 esacrificium
862 2910 1006 2972 excepisse
1021 2921 1111 2972 aeque
1125 2909 1251 2959 solemne
1270 2911 1444 2970 convivium,
1458 2913 1508 2960 aut

174 2999 205 3048 ln
226 3011 260 3048 eo
281 2999 411 3049 convivio
430 2999 580 3048 Aaronitas
599 2997 723 3061 aliquos,
741 2999 789 3060 qui
811 2999 958 3060 tantopere
982 3011 999 3047 a
1022 2997 1082 3047 Deo
1105 2995 1216 3048 lucrant
1237 2999 1381 3060 honorati,
1405 3000 1506 3049 intem·

175 3087 349 3150 parentiores
361 3085 462 3146 tuisse,
478 3087 542 3150 quis
553 3086 685 3135 miretur?
701 3085 804 3136 Obiiclt
820 3085 905 3136 calm.
922 3085 1005 3136 Deut.
1023 3085 1100 3147 aas,
1116 3085 1164 3135 ubi
1178 3085 1213 3136 de
1227 3086 1414 3150 quadraginta
1425 3090 1506 3138 annis

173 3176 203 3222 in
222 3173 333 3225 deserto
356 3176 504 3224 transactis
522 3172 676 3224 affirmatur
694 3187 730 3222 :r
754 3187 857 3238 panem
876 3187 933 3224 non
953 3173 1127 3236 comedistis,
1143 3175 1240 3224 vinum
1266 3177 1293 3225 et
1312 3177 1430 3227 siceram
1448 3189 1504 3227 non

174 3263 285 3314 bibistis
299 3279 322 3312 i.
338 3263 395 3314 Sed
409 3263 535 3326 intellige
547 3263 600 3312 hoc
613 3263 648 3313 de
663 3263 827 3326 quotidiano
841 3263 904 3313 cibo
916 3267 944 3312 et
962 3267 1030 3328 potu
1046 3277 1053 3312 :
1069 3264 1151 3327 panis
1164 3266 1238 3314 certe
1252 3266 1340 3314 sacris
1352 3265 1505 3316 adhibeba-

174 3356 221 3403 tur
225 3366 235 3413 ,·
250 3351 421 3403 humectum
436 3357 464 3402 et
478 3353 589 3412 unum,
605 3352 739 3415 quatridiu
753 3365 811 3402 non
825 3353 940 3416 longius
954 3363 971 3402 a
985 3352 1055 3402 Mari
1074 3352 1169 3403 Rubro
1184 3357 1359 3404 recesserant
1373 3353 1503 3406 Hebraei¹

174 3454 209 3490 ex
225 3441 353 3506 Aegypto
371 3441 445 3491 taciti
460 3453 513 3504 ope
528 3442 684 3503 comparari
695 3443 834 3504 poteraut.
853 3440 909 3490 Sed
923 3440 982 3492 noli
998 3454 1061 3491 cum
1077 3442 1147 3491 Tost.
1162 3442 1281 3506 aliisque
1298 3441 1393 3493 delicti
1407 3442 1505 3492 Nadab

174 3537 204 3580 et
222 3530 294 3581 Abiu
307 3543 370 3581 eam
387 3531 534 3593 assignare
552 3530 703 3587 rationem,
725 3529 801 3592 quod
824 3530 860 3581 ad
879 3529 1068 3580 sacerdotium
1083 3542 1182 3580 recens
1196 3531 1315 3594 promoti
1330 3532 1504 3582 ceremonia-

174 3630 237 3668 rum
250 3617 353 3669 iuerint
364 3618 494 3682 imperiti.
512 3617 697 3670 ceremoniae
712 3617 803 3668 cuitus
817 3617 944 3678 mosaici,
961 3617 1130 3681 quibusdam
1144 3620 1273 3679 mutatis,
1295 3620 1411 3670 eaedem
1425 3625 1505 3670 erant

174 3709 260 3770 atque
283 3709 459 3758 ceremoniae
482 3707 574 3756 cultus
596 3707 730 3770 primitivi
737 3720 744 3766 ;
762 3707 918 3757 aaronitae
942 3719 1003 3769 cap.
1030 3707 1045 3757 9
1069 3708 1138 3757 scite
1159 3709 1289 3758 victimas
1312 3708 1453 3760 dissecant
1476 3714 1504 3757 et

174 3796 340 3845 ceremoniis
354 3795 517 3859 iunguntur,
532 3796 647 3845 minime
667 3797 789 3845 tironum
813 3796 912 3845 instar.
938 3794 1030 3844 Sacris
1050 3795 1135 3845 alium
1150 3797 1244 3859 ignem
1263 3798 1318 3847 nisi
1332 3810 1438 3846 sarram
1452 3795 1504 3845 ad-

174 3882 264 3933 hiberi
278 3896 335 3934 non
349 3887 493 3947 oportere,
510 3883 556 3933 lex
575 3885 636 3934 eret
652 3863 807 3948 antiquitus
821 3883 944 3933 stabilita
964 3883 992 3933 et
1010 3884 1050 3933 ita
1068 3885 1199 3934 omnibus
1213 3887 1295 3946 nota,
1311 3891 1341 3935 ut
1356 3885 1432 3935 Deus
1446 3897 1503 3933 non

174 3969 339 4021 iudicaverit
353 3972 430 4022 illam
442 3984 493 4036 per
507 3971 623 4035 Moysen
638 3984 701 4022 esse
715 3971 845 4036 explicite
859 3971 1059 4021 renovandam.

221 4111 303 4199 Cap.
323 4111 356 4175 X
366 4131 399 4175 v,
418 4117 434 4175 1
455 4137 469 4171 u
492 4109 713 4200 Arreptc'sqec
728 4107 851 4177 Nadab
866 4122 899 4176 et
914 4108 1017 4190 Abiu,
1030 4109 1102 4198 filit
1115 4113 1248 4191 Aaron,
1266 4110 1450 4178 thuribulis
1468 4139 1497 4190 e,

174 4217 199 4282 i.
218 4238 246 4282 e.
264 4215 404 4282 vasibus
422 4217 565 4305 pirisque
577 4216 650 4283 suis
671 4216 816 4305 (Heba),
839 4215 966 4304 quibus
987 4215 1154 4284 carbones
1172 4217 1331 4286 ardentes
1350 4240 1502 4287 asserva·
1516 4225 1525 4265 ’ἒ

175 4321 303 4388 bantur
316 4328 351 4388 et
365 4321 697 4390 circumferebantur
712 4324 782 4412 (Ex.
810 4328 930 4404 aaa&
948 4321 1055 4412 2⁸43),
1080 4350 1095 4384 ι(
1116 4335 1309 4413 posueruut
1334 4324 1449 4415 iqncm
1471 4339 1502 4390 ct

177 4427 353 4494 incensum
366 4427 520 4517 decerptor,
534 4429 714 4519 offerentes
730 4450 844 4496 coram
856 4430 1002 4496 Domino
1012 4429 1128 4519 iqrtcm
1143 4430 1298 4497 alienum
1316 4461 1345 4498 ».
1364 4433 1504 4500 Videtur

177 4534 270 4601 Hier.
293 4539 502 4614 autumasse‚
524 4534 603 4601 illos
625 4535 790 4602 violentia
811 4535 962 4624 quadam
981 4557 1060 4603 usos
1084 4559 1154 4603 esse
1182 4537 1369 4628 (arreptis);
1395 4537 1498 4604 Hebr.

177 4640 281 4707 habet
299 4639 456 4729 corruitis
473 4655 587 4733 inrupit
603 4648 651 4708 est
665 4642 831 4709 terminus
846 4642 1022 4710 technicus
1037 4640 1080 4708 de
1094 4641 1148 4722 iis,
1167 4666 1255 4732 quae
1274 4644 1366 4712 circa
1382 4643 1503 4711 altaria

177 4746 264 4813 fiunt
286 4769 294 4816 :
319 4768 402 4834 ergo
421 4767 475 4813 res
494 4751 570 4813 acta
589 4753 639 4814 est
659 4749 695 4814 in
717 4747 942 4815 tabernaculo
967 4752 1001 4814 et
1025 4770 1131 4838 prope
1151 4750 1257 4818 altare
1277 4751 1507 4838 thymiamatis
