3534 5384
705 417 752 462 ax.
777 404 848 474 3³22
870 419 934 472 soo.
1428 408 1486 467 311

160 579 176 612 «
193 554 233 618 Ut
252 548 336 616 vidit
352 571 409 617 eos
427 551 523 618 nulla
547 550 677 620 ratione
696 550 820 619 adduci
833 574 953 641 posse,
971 553 1156 642 postularit
1175 577 1195 622 a
1215 554 1415 622 mulieribus
1430 579 1486 622 or·

157 659 318 724 tramenta
336 678 452 739 aurea,
474 658 634 725 affectum
649 657 781 726 affectui
797 680 989 749 opponens,
1010 659 1233 749 cupiditatem
1255 683 1301 729 so.
1320 662 1485 751 pecuniae

156 769 189 830 et
210 769 491 832 ornamentorum
513 765 633 832 insano
656 763 935 854 superstitionum
959 767 1070 832 amori
1091 794 1107 827 u
1132 764 1373 856 (rteodorett
1390 768 1483 835 Unde

155 868 271 960 plures
284 868 482 954 coniiciunt,
501 893 541 938 ea
556 876 670 939 mente
684 876 853 938 Aaronem
872 873 1061 963 postulasse
1074 874 1225 955 inaures,
1242 897 1310 963 quo
1319 874 1486 942 Hebraeos

156 999 177 1042 a
190 977 365 1066 proposito
380 975 580 1044 deterreret.

190 1121 374 1186 filiorumque
397 1123 528 1186 ignorant
546 1123 617 1173 trs.
634 1123 739 1176 Tamen
763 1125 836 1188 apud
864 1124 1009 1175 Hebraeos
1031 1125 1146 1175 inaures
1171 1132 1299 1189 gestasse
1321 1127 1413 1187 viros,
1430 1140 1486 1177 non

154 1210 371 1274 utiqueomnes,
383 1211 482 1263 suadet
493 1213 597 1262 circum
606 1213 787 1263 incolentium
801 1214 948 1264 nationum
962 1213 1149 1273 consuetudo.
1164 1214 1334 1266 Madianitae
1347 1215 1408 1264 Iud.
1421 1214 1483 1278 8:24

155 1301 266 1351 inaures
279 1301 442 1363 gestabant;
460 1301 566 1364 Assyrii
580 1300 680 1352 lisdem
703 1303 794 1353 ornati
809 1301 1011 1366 depinguntur3
1030 1301 1152 1353 laminae
1169 1305 1322 1368 Aegyptiae
1337 1303 1410 1354 Novi
1429 1305 1485 1354 Re-

154 1389 202 1451 gni
216 1393 339 1452 tempore
354 1390 466 1440 inaures
480 1391 591 1452 gestare
602 1389 773 1454 incipiebant
789 1389 902 1457 (liemon
913 1405 941 1454 p.
959 1389 1032 1456 313),
1047 1394 1078 1442 ut
1089 1405 1137 1442 eas
1158 1392 1193 1442 ab
1208 1393 1322 1443 Asianis
1342 1393 1483 1456 accepisse

154 1476 311 1528 videantur.
327 1477 432 1530 Sensus
446 1477 545 1528 obvius
559 1477 611 1528 Ex.
628 1479 710 1540 :teat
724 1492 796 1530 sane
810 1481 835 1529 is
849 1481 906 1539 est,
922 1481 998 1530 viros
1013 1482 1097 1530 etiam
1112 1486 1240 1545 gestasse
1255 1483 1385 1544 inaures.v

199 1639 231 1681 v.
247 1621 266 1680 3
285 1644 300 1676 α
319 1616 476 1705 Fecitque
487 1615 651 1707 populus,
664 1639 751 1706 qttce
766 1618 908 1684 iusserat
915 1671 925 1702 ,
941 1616 1094 1707 deferens
1106 1617 1245 1685 inaures
1257 1619 1305 1686 act
1316 1621 1432 1686 Aaron
1454 1647 1483 1684 ».

153 1744 185 1788 v,
208 1729 226 1789 t
245 1749 261 1782 «
285 1723 374 1802 Quas
390 1743 466 1788 cum
485 1721 544 1789 illc
558 1723 758 1812 accepisset,
779 1724 948 1813 formauit
968 1745 1067 1814 opere
1078 1723 1211 1813 fusorio
1227 1738 1259 1790 et
1275 1724 1363 1812 serit
1381 1750 1423 1792 ee
1437 1727 1485 1793 eis

155 1827 299 1894 uitulum
317 1826 524 1920 conflatilem
546 1856 576 1895 ».
597 1845 681 1903 uin,
697 1832 789 1897 LXX
793 1830 1049 1920 ¹interpretatur
1063 1830 1239 1918 scalprum
1244 1884 1255 1917 ,
1278 1837 1401 1919 γράφις;
1423 1832 1483 1899 sed

155 1937 232 2022 Spe.
265 1949 387 2010 sonito,
408 1937 528 2024 forma
557 1934 612 2025 (ol.
647 1939 746 2025 Torq.
774 1936 868 2003 Hier.
895 1936 1031 2026 stetu),
1060 1935 1183 2004 chald.
1211 1952 1299 2010 suu,
1325 1938 1380 2004 cui
1408 1939 1483 2005 voci

154 2041 256 2108 etiam
284 2041 414 2108 formae
432 2042 637 2129 significatio
657 2042 877 2110 tribuebatur
901 2042 1037 2133 (Levy);
1054 2046 1114 2111 Pa.
1133 2046 1210 2110 Ion.
1230 2058 1371 2119 astutia,
1392 2045 1484 2133 quod

154 2146 356 2214 mantellum
369 2148 425 2215 vel
437 2149 652 2215 involucrum
663 2149 757 2232 dicit,
774 2171 862 2240 quae
871 2149 973 2216 etiam
986 2148 1031 2217 ad
1044 2149 1330 2236 significationem
1346 2151 1475 2217 formae

153 2253 307 2320 revocari
320 2260 477 2343 possunt,
492 2259 530 2322 ut
551 2277 633 2341 ergo
652 2255 867 2343 intelligatur
881 2255 995 2323 forma
1015 2277 1056 2322 ex
1074 2256 1223 2344 argilla,
1241 2259 1398 2347 inquam
1410 2278 1482 2324 me·

153 2359 272 2427 tallum
293 2361 540 2428 excandescens
563 2361 776 2446 immittitur;
798 2367 929 2429 etcum
951 2362 1004 2429 his
1017 2361 1154 2429 videtur
1165 2364 1357 2431 consentire
1379 2362 1481 2454 Vulq.

154 2489 251 2556 opere
264 2467 406 2556 fusorio.
423 2472 509 2535 Sane
524 2468 649 2536 mirum
665 2475 729 2551 cst,
748 2474 785 2536 ut
805 2471 841 2536 in
854 2470 1033 2551 antefacta,
1051 2468 1146 2559 quod
1160 2469 1294 2537 fusione
1308 2469 1482 2559 produca-

153 2579 210 2640 tur
232 2572 487 2664 (conflatitem),
506 2581 681 2664 tamquam
706 2577 973 2642 instrumentum
999 2575 1191 2666 principale
1215 2577 1375 2642 efferatur
1393 2577 1482 2643 scal-

153 2701 270 2768 prum,
289 2680 380 2770 quod
399 2681 536 2747 nonnisi
550 2683 646 2770 operi
672 2681 742 2748 iam
762 2682 836 2749 fuso
850 2682 1036 2749 adhibetur
1055 2681 1099 2748 ad
1119 2683 1284 2750 maiorem
1303 2683 1482 2772 perlectio-

154 2807 243 2852 nem.
274 2791 343 2853 Vox
368 2809 462 2854 secus
482 2786 612 2872 legitur
634 2788 847 2855 solummodo
875 2794 916 2855 ls.
943 2793 1014 2870 8,1,
1037 2788 1097 2854 ubi
1123 2787 1222 2878 Vulp.
1249 2788 1374 2877 stylus,
1394 2791 1486 2854 LXX

153 2899 273 2980 γράφις,
288 2892 347 2959 sed
357 2894 436 2982 Syr.
452 2899 485 2960 et
501 2897 558 2960 Ps.
577 2895 651 2959 lon.
667 2894 854 2984 seraptem,
875 2917 963 2984 quae
979 2893 1183 2980 significatio
1198 2893 1480 2980 asignifioatione

149 2997 267 3084 fortae
286 2998 357 3088 peti
375 2999 498 3088 potuit.
521 3000 687 3067 Omnibus
705 3001 882 3090 perpensis
903 3000 1069 3087 Vulgatae
1087 3001 1127 3068 h.
1148 3001 1173 3067 l.
1192 3000 1302 3067 versio
1317 3023 1415 3090 opere
1426 3001 1483 3089 su-

150 3103 258 3182 soria,
278 3105 332 3172 cui
347 3106 539 3172 consentire
556 3106 717 3172 videntur
736 3111 811 3194 Syr.
842 3111 875 3172 et
893 3111 1006 3192 larg,
1024 3105 1251 3196 praeferenda
1267 3111 1316 3173 est
1330 3107 1478 3173 versioni

153 3213 245 3277 LXX
261 3216 379 3299 γράφις.
400 3241 415 3273 «
433 3213 668 3302 Discremtque
683 3235 696 3278 :
715 3212 763 3278 Hi
779 3226 860 3278 sunt
876 3212 928 3279 dt't'
942 3215 1005 3300 tui,
1028 3211 1149 3296 lsrael,
1172 3213 1234 3303 qui
1248 3226 1279 3279 te
1293 3212 1484 3280 eduxerant

153 3317 194 3383 de
222 3330 310 3384 terre
337 3319 486 3408 Aegypti
515 3345 545 3386 a.
575 3318 742 3386 Similiter
767 3318 941 3385 leroboam
964 3325 983 3386 3
1005 3323 1090 3405 Reg.
1115 3326 1215 3402 1228
1236 3343 1288 3409 sq.
1309 3320 1482 3386 constituit

152 3437 261 3490 unum
276 3423 424 3491 vitulum
447 3447 590 3492 aureum
618 3425 654 3491 in
673 3426 806 3507 Bethel,
826 3429 859 3491 et
878 3425 1024 3498 alterum
1040 3427 1077 3490 in
1094 3430 1161 3492 [tan
1173 3425 1316 3506 ,dicens
1335 3448 1342 3493 :
1364 3456 1378 3486 «
1396 3431 1479 3493 Ecce

154 3529 202 3596 dii
220 3530 290 3612 tui,
312 3531 429 3612 lsrael,
446 3533 552 3619 quite
571 3531 761 3598 eduxerunt
779 3530 821 3598 de
839 3537 934 3597 terra
958 3533 1107 3620 Aegypti
1129 3559 1159 3597 l.
1184 3532 1335 3599 Exodum
1356 3555 1395 3598 cn
1416 3538 1480 3598 Ae-

154 3640 259 3724 gypto
276 3635 480 3703 beneficium
496 3637 739 3721 aestimabant,
758 3642 916 3727 portenta
932 3636 967 3702 in
987 3636 1150 3705 illafacta
1163 3645 1345 3704 nouerant
1364 3637 1480 3721 obliti,

153 3740 366 3830 vitulumque
388 3742 563 3809 habebant
585 3725 773 3830 imaginem
796 3743 903 3834 ipsius
930 3743 1032 3808 lahve
1055 3765 1062 3810 :
1083 3747 1169 3809 Ecce
1192 3749 1281 3811 Deus
1305 3759 1397 3824 tetus,
1417 3756 1479 3809 etc.

152 3851 265 3938 Neque
286 3854 349 3939 pe'r
376 3871 410 3915 se
435 3850 580 3938 impium
606 3855 696 3931 erat,
721 3854 757 3915 ut
781 3853 866 3916 Deus
895 3849 1051 3936 symbolo
1079 3849 1194 3932 vituli,
1219 3851 1329 3936 tauri,
1356 3850 1481 3929 leonis,

151 3953 286 4043 aquilae
302 3961 366 4020 etc.
381 3961 705 4044 repraesentaretur,
721 3954 878 4022 similiter
890 3961 996 4045 atque
1009 3955 1192 4022 Cherubim
1207 3957 1327 4022 formis
1344 3955 1483 4045 quibus-

153 4059 233 4126 dam
262 4061 475 4149 compositis,
507 4062 657 4128 Christus
680 4062 793 4128 forma
816 4062 917 4148 agni,
941 4067 973 4128 S.
1002 4067 1146 4128 loannes
1176 4062 1348 4152 apostolus
1370 4062 1482 4128 forma

152 4167 288 4256 aquilae
304 4171 366 4233 etc.
387 4167 601 4235 exhihentur.
620 4173 675 4252 At,
693 4168 787 4258 quod
800 4174 888 4235 Deus
905 4167 1073 4236 eiusmodi
1091 4168 1422 4257 repraesentationes
1437 4168 1482 4234 ob

152 4273 365 4340 idololatriae
380 4274 572 4363 periculum
585 4274 851 4364 proscripsisset,
869 4275 937 4341 iam
947 4275 1020 4340 sine
1036 4277 1136 4361 gravi
1149 4275 1387 4365 superstitione
1401 4274 1484 4341 illac

152 4379 238 4466 fingi
257 4401 329 4445 non
341 4384 516 4468 poterant,
539 4385 719 4470 reputante
742 4382 846 4448 etiam
868 4381 970 4470 plebe
991 4382 1156 4448 maiorem
1175 4373 1362 4472 quamdam
1383 4380 1427 4448 ad
1449 4404 1484 4448 se

153 4483 328 4553 ducendos
342 4486 503 4553 virtutem
524 4487 689 4554 eiusmodi
712 4488 886 4575 figmentis
905 4488 1026 4554 inesse.
1056 4488 1187 4555 Vitulus
1208 4489 1268 4556 ille
1286 4512 1345 4556 seu
1359 4511 1486 4578 parvus
1527 4573 1531 4588 1

153 4589 218 4657 bos
243 4615 315 4658 non
340 4592 555 4660 formabatur
572 4593 615 4660 ad
637 4593 865 4661 imitationem
895 4593 1011 4683 Apidis
1034 4596 1281 4684 Aegyptiorum
1301 4595 1485 4682 :Aegyptii

154 4698 282 4789 quippe
302 4722 370 4766 non
385 4699 545 4766 colebant
559 4700 656 4767 bovis
674 4700 914 4782 simulacrum,
930 4700 991 4766 sed
1009 4699 1126 4767 vivum
1141 4701 1283 4774 bovem:
1298 4723 1410 4789 neque
1425 4707 1487 4765 Ac-

155 4806 274 4894 gyptio
292 4805 427 4872 numini
441 4805 642 4876 tribuissent
667 4807 829 4888 Hebraei,
851 4829 886 4872 se
905 4805 1044 4871 eductos
1060 4830 1130 4872 esse
1145 4829 1184 4873 ex
1201 4813 1366 4896 Aegypto.
1389 4803 1488 4894 Apud
