3534 5384
729 361 777 404 ux.
803 344 875 416 1,1o
896 362 942 413 so.
1463 351 1501 410 33

167 520 202 585 p.
226 503 269 564 rt
280 495 498 590 Pharaonem
519 495 567 561 ait
585 494 681 585 loqui
694 517 766 561 non
780 495 823 562 de
843 499 916 561 tota
930 499 1109 585 Aegypto,
1125 495 1185 562 sed
1206 497 1248 562 de
1266 498 1339 565 sola
1361 499 1502 586 regione

169 605 311 685 Gessen,
327 603 363 668 in
378 623 448 692 qua
459 623 579 690 reapse
598 601 743 668 Hebraei
761 601 914 668 numeris
927 602 1198 690 praevaluerint.
1216 625 1248 671 v.
1269 610 1310 670 10
1329 633 1345 666 «
1367 607 1500 690 Venite,

167 709 340 799 sapienter·
359 708 590 799 opprimamus
614 709 869 794 00010,Ηο00.
892 719 1024 774 astraetos
1058 730 1120 774 aas
1143 707 1364 776 aalaibeamas
1387 712 1504 801 qrvoad

168 837 260 896 rtem,
284 843 300 876 «
318 837 361 881 ae
373 816 463 904 sorte
481 813 730 904 rrtstltiplr'eetar
747 826 795 894 et,
813 814 844 880 si
858 813 1031 902 repererit
1052 827 1174 882 earrtra
1198 837 1260 882 aas
1279 816 1424 900 ballerin,
1441 818 1503 885 ad-

169 920 272 988 datur
295 921 445 988 inimicis
472 919 612 1004 nostris,
634 919 910 1010 eapupnatisqae
934 920 1033 987 nabis
1057 920 1259 1009 eprede'atur
1282 922 1325 988 (le
1348 933 1440 990 terra
1469 952 1499 991 ».

167 1033 239 1095 Non
255 1027 410 1119 sequitur
423 1028 636 1096 Pharaonem
642 1029 774 1094 novisse
784 1028 904 1116 loseph
915 1027 1128 1109 vaticinium,
1141 1028 1311 1095 Hebraeos
1325 1029 1501 1120 quondam

168 1139 324 1224 Aegypto
345 1156 418 1200 esse
437 1155 630 1220 egressuros
653 1133 822 1222 (Bassa),
848 1132 909 1200 sed
928 1155 1026 1221 reges
1046 1135 1191 1224 Aegypti
1220 1135 1422 1203 nitebantur
1444 1137 1504 1202 ad-

168 1263 272 1308 venas
286 1241 324 1308 in
337 1245 493 1329 Aegypto
508 1240 656 1306 retinere
671 1239 715 1306 ad
727 1239 922 1324 servitium,
939 1244 973 1305 et
988 1241 1184 1327 transfugas
1200 1241 1377 1310 reducere.

212 1370 246 1413 v.
266 1354 304 1414 11
327 1375 342 1408 a
369 1347 571 1437 Praeposuit
594 1345 710 1436 itaque
734 1345 783 1412 eis
806 1347 991 1435 rauptstros
1015 1369 1160 1436 operum
1183 1376 1215 1430 u,
1232 1371 1292 1415 seu
1316 1350 1499 1439 aepactae,

170 1469 268 1527 01011,
284 1476 347 1544 pro
359 1476 428 1543 quo
441 1454 535 1520 Sam.
550 1467 659 1527 ultim
677 1457 882 1542 vertuntque
895 1451 1012 1520 atala.
1026 1454 1120 1542 Spu,
1137 1455 1252 1522 neseio
1262 1476 1336 1538 cur,
1353 1472 1417 1521 trin
1432 1479 1504 1524 ma-

170 1560 298 1645 101,-
316 1589 330 1620 r
354 1574 393 1626 at
417 1559 612 1650 affliperent
636 1582 690 1626 eas
712 1558 870 1626 onerabas
891 1587 919 1626 u.
940 1585 956 1619 «
977 1558 1109 1637 Quibus
1131 1582 1200 1628 non
1224 1565 1296 1628 tam
1318 1562 1503 1630 utilitatem

168 1668 346 1758 propriam
361 1666 562 1734 intendebat
576 1689 650 1747 rex,
667 1687 772 1756 quam
786 1666 938 1733 filiorum
954 1666 1055 1733 lsrael
1069 1665 1360 1750 debilitationem,
1375 1675 1412 1736 ut
1425 1691 1502 1736 rum

170 1778 280 1840 essent
293 1773 473 1840 laboribus
487 1773 634 1859 fatigati,
651 1794 720 1840 000
731 1772 854 1839 liberet
865 1773 912 1838 eis
919 1772 1136 1859 generationi
1149 1794 1272 1840 vacare
1283 1773 1400 1863 sicque
1411 1776 1503 1843 desi-

169 1883 291 1950 nerent
304 1901 457 1946 crescere
472 1907 487 1938 v
500 1879 627 1970 (Sple.)
642 1879 691 1946 cf.
711 1901 741 1944 v.
761 1883 814 1946 12.
829 1917 874 1927 -
887 1906 903 1939 «
921 1876 1266 1968 Aedificaceruatqae
1279 1879 1379 1946 arbes
1392 1885 1502 1949 taber-

168 1987 371 2054 naculorum
380 1985 569 2067 Pharaoni,
583 1985 744 2053 Pditlzom
753 1996 785 2052 et
794 1987 970 2054 Ramesses
984 2013 1014 2051 a.
1031 1986 1069 2051 Pi
1080 1990 1164 2052 Tum
1176 2008 1237 2053 seu
1244 1989 1292 2053 Ha
1302 1991 1398 2070 Tum,
1409 1989 1503 2077 quod

169 2114 297 2160 nomen
315 2097 414 2160 sonat
433 2121 449 2154 a
466 2091 702 2160 habitaculum
719 2091 875 2160 0011001
894 2119 929 2172 o,
947 2101 1050 2181 caput
1069 2098 1144 2160 erat
1161 2093 1359 2182 provinciae
1379 2095 1501 2162 Thuku

168 2201 223 2266 vel
242 2199 371 2266 Thahet
391 2199 415 2266 i.
437 2221 466 2264 e.
488 2199 696 2286 8000111(Εο
715 2199 847 2289 12,37);
865 2196 1181 2288 demonstravitque
1204 2202 1244 2266 Ε.
1259 2199 1380 2267 Naoill
1418 2199 1501 2289 (The

169 2305 346 2392 stote-city
361 2305 399 2371 of
410 2305 546 2372 Pithom
559 2304 627 2373 aud
638 2305 696 2371 the
713 2310 815 2371 route
830 2303 867 2370 of
879 2305 1108 2385 anamodus,
1125 2306 1267 2373 London
1284 2310 1380 2395 1885)
1400 2307 1501 2376 fuisse

169 2436 209 2481 eo
229 2412 322 2493 loco,
341 2411 401 2478 ubi
421 2417 653 2479 Romanorum
674 2416 829 2500 tempore
853 2411 1056 2501 Heroopolis
1080 2433 1138 2478 seu
1164 2417 1229 2479 Ero
1257 2415 1387 2496 Castra,
1409 2435 1501 2481 nunc

169 2519 239 2586 Tell
253 2519 287 2585 el
300 2518 516 2599 llaskhutah,
532 2517 625 2585 inter
642 2517 714 2584 Tell
725 2517 759 2584 el
774 2516 876 2583 Kebir
888 2524 922 2584 et
934 2517 1048 2584 lacum
1061 2517 1208 2584 Timsah.
1225 2523 1308 2586 Cum
1326 2521 1364 2586 in
1378 2543 1500 2587 01000-

171 2625 291 2692 mentis
315 2625 364 2691 ib.
388 2630 524 2714 praeter
546 2644 674 2691 nomen
693 2622 857 2692 Ramessis
876 2627 904 2690 ll
923 2624 1131 2714 insculptum
1158 2625 1352 2714 reperiatur
1374 2648 1500 2695 nomen

169 2731 306 2817 regium
320 2731 472 2810 nullum,
487 2729 569 2797 hinc
581 2731 770 2820 plurimum
783 2729 1006 2796 confirmatur
1020 2729 1138 2820 opinio
1150 2733 1342 2799 communis
1358 2754 1499 2822 oppres-

168 2859 281 2906 sorem
294 2837 522 2904 Hebraeorum
538 2835 701 2904 exstitisse
714 2839 896 2902 Ramessen
911 2841 951 2903 ll.
966 2839 1141 2904 Ramesses
1156 2836 1239 2904 urbs
1252 2843 1310 2905 Ex.
1330 2845 1406 2919 1,11
1427 2847 1498 2905 erat

169 2945 311 3011 tortasse
325 2943 466 3034 inpage
484 2947 674 3021 Ramesses,
690 2943 750 3032 qui
769 2945 848 3010 Gen.
872 2948 1008 3024 t7,6.11
1026 2942 1162 3010 videtur
1172 2943 1275 3011 fuisse
1291 2966 1372 3034 pars
1387 2949 1499 3011 terrae

170 3055 308 3132 Gessen,
323 3055 464 3139 eratque
478 3050 579 3116 statio
594 3071 615 3115 a
633 3069 724 3138 pago
739 3049 863 3115 Socoth
877 3050 948 3137 (Ex.
966 3049 1082 3138 1237)
1100 3050 1234 3116 diversa
1247 3058 1350 3140 atque
1361 3051 1398 3118 in
1412 3051 1499 3117 inte·

169 3157 260 3224 riore
275 3156 425 3243 regionis
437 3161 534 3246 parte
546 3157 621 3222 sita.
640 3160 670 3222 ls
689 3159 803 3222 autem
818 3177 927 3245 pagus
940 3158 1131 3237 Ramesses,
1150 3156 1241 3223 unde
1256 3157 1402 3246 protecti
1419 3161 1499 3224 sunt

170 3262 360 3344 Hebraei,e
378 3267 451 3329 tota
473 3261 658 3350 plagarum
678 3259 920 3351 aegyptiarum
937 3262 1137 3328 narratione
1160 3262 1337 3348 colligitur
1359 3285 1430 3330 non
1450 3265 1498 3331 ita

170 3369 273 3456 longe
286 3368 433 3436 abfuisse
445 3391 466 3435 a
479 3367 666 3435 Pharaonis
678 3368 843 3436 Ramessis
857 3371 886 3434 ll
895 3366 990 3435 sede.
1004 3372 1034 3433 ls
1047 3367 1239 3457 plurimum
1250 3370 1451 3436 morabatur
1461 3370 1499 3436 in

171 3477 254 3543 lani
266 3497 325 3542 seu
345 3479 453 3558 Zoan,
468 3497 544 3542 eam
558 3474 680 3541 urbam
694 3473 852 3564 plurimis
867 3473 1034 3541 aediliciis
1056 3475 1191 3541 ornavit
1209 3480 1242 3542 et
1259 3475 1496 3565 amplificavit,

170 3589 207 3650 ut
222 3581 318 3649 urbis
338 3581 441 3648 etiam
456 3603 583 3647 nomen
599 3579 740 3670 aliquod
756 3585 840 3647 esset
860 3584 905 3646 Pa
922 3585 1113 3662 Ramesses,
1132 3580 1155 3646 i.
1178 3603 1209 3648 e.
1238 3581 1403 3648 Ramessis
1417 3582 1500 3650 urbs

172 3687 289 3776 (Hbers
307 3687 330 3753 l.
354 3711 382 3754 c.
404 3710 439 3776 p.
461 3686 553 3775 500).
573 3689 724 3776 Cumque
746 3684 888 3754 tandem
911 3691 964 3753 Ps.
987 3694 1032 3752 77
1053 3687 1137 3776 (78),
1163 3693 1263 3754 1at3
1286 3687 1501 3755 affirmentur

169 3795 286 3882 lloysis
298 3798 456 3883 portenta
470 3793 588 3860 effecta
607 3815 678 3860 esse
701 3821 716 3854 a
737 3793 775 3860 in
790 3814 912 3882 campo
932 3797 1062 3860 Taneos
1080 3820 1112 3876 u,
1128 3815 1247 3882 reapse
1274 3794 1347 3860 veri
1367 3793 1500 3860 similli-

171 3922 265 3968 mum
281 3904 330 3968 est
343 3905 524 3968 Ramessen
539 3903 593 3966 Hx.
612 3906 687 3980 1,11
704 3900 848 3967 eandem
861 3920 933 3965 esse
951 3905 1053 3989 atque
1063 3899 1182 3966 Tauin.
1201 3899 1333 3966 Pharao
1347 3900 1500 3988 primum

169 4007 329 4076 Hebraeis
344 4007 381 4073 in
397 4006 483 4074 urbe
502 4005 663 4072 Phithom
681 4004 884 4072 exstruenda
898 4027 995 4088 usna,
1009 4010 1131 4094 postea
1146 4005 1283 4072 eosdem
1300 4007 1377 4073 urbi
1400 4007 1500 4092 regni

169 4115 274 4204 capiti
288 4112 553 4203 amplificandae
562 4111 733 4179 adhibuit.
749 4113 795 4179 Cf.
814 4114 870 4179 Ps.
886 4113 959 4178 loa.
981 4141 996 4171 α
1013 4111 1112 4178 Tanis
1126 4117 1160 4179 et
1172 4111 1343 4179 Pelusium
1358 4141 1373 4173 u
1393 4113 1431 4202 (l)
1448 4120 1498 4193 et,

169 4221 284 4311 quoad
303 4220 451 4288 aliorum
464 4219 593 4309 placita
607 4219 741 4300 1111100,
759 4220 876 4284 Ebora.

206 4427 322 4477 11133013
334 4425 382 4478 1111
391 4420 447 4469 iam
458 4419 626 4482 explanabat
637 4418 732 4469 Chald.
742 4419 942 4482 promptuaria,
954 4418 1052 4468 eadem
1063 4431 1132 4468 roae
1141 4423 1226 4482 atque
1240 4419 1310 4468 Gen.
1325 4417 1483 4480 11500000
1495 4433 1501 4473 ;

172 4517 200 4562 01
219 4509 253 4562 el.
273 4509 287 4560 3
304 4509 376 4572 Reg.
398 4507 475 4567 9,19;
495 4507 511 4558 2
529 4507 593 4559 Par.
613 4507 673 4568 8,l;
696 4506 900 4567 10,1;11,11;
920 4507 1013 4569 3138.
1034 4505 1146 4558 Nomen
1165 4507 1319 4557 coniiciunt
1344 4509 1503 4570 aegyptiaci

171 4598 316 4650 cuiusdam
330 4599 452 4648 nominis
466 4609 529 4648 esso
544 4596 627 4648 affine
645 4611 651 4644 :
668 4596 749 4646 Hbers
764 4609 792 4660 p.
807 4595 855 4646 521
871 4609 914 4659 sq.
932 4622 967 4633 -
982 4595 1099 4647 Videtur
1114 4597 1176 4659 ipsa
1191 4596 1241 4645 illa
1259 4595 1386 4646 aedificia
1399 4598 1428 4644 in
1443 4595 1502 4648 Tell

171 4689 198 4739 el
213 4687 383 4738 Maskhutah
392 4685 499 4736 Nat-ille
517 4687 664 4749 reperisse,
677 4687 716 4736 ita
732 4685 822 4736 solida
836 4687 867 4736 ut
881 4686 965 4735 etiam
978 4686 1154 4749 expressioni
1165 4685 1229 4733 ixi·
1242 4679 1327 4739 πόλεις
1339 4679 1430 4753 ὀχυράς
1440 4695 1503 4733 om-

172 4777 238 4828 uino
249 4775 422 4827 satisfaciant
439 4788 444 4822 :
462 4777 527 4825 sunt
538 4788 572 4826 ea
587 4786 690 4838 magno
702 4774 807 4824 ambitu
820 4772 960 4834 aedificta,
977 4785 1071 4824 muros
1084 4773 1219 4822 habentia
1229 4772 1349 4822 laterum
1362 4775 1503 4821 coctorum

577 4880 751 4918 rruuuumuea.
768 4879 842 4916 -1u
859 4880 899 4916 ux.
920 4879 951 4915 ar
969 4880 1023 4916 aar.
1041 4891 1072 4901 -
1089 4869 1103 4914 3
