3534 5384
245 378 303 436 roc
724 389 762 433 ax
784 389 922 434 sectere
946 391 976 432 m·
999 389 1094 435 simi.
1150 367 1154 372 ’

243 549 322 594 eum
341 525 571 593 allocutuscst
585 523 691 612 (Deut.
713 529 792 604 533
813 551 828 583 ι
847 523 1042 590 accessistis
1059 522 1104 590 ad
1130 544 1185 590 me
1207 525 1249 608 r).
1272 545 1305 589 v.
1328 529 1368 590 19
1386 551 1401 584 «
1424 523 1576 590 Dicentes

245 633 361 722 Mopsi
375 653 388 698 .·
402 636 554 720 Loquere
570 629 731 713 trinodis,
748 643 780 696 ct
800 629 983 697 oridiemcs
1000 657 1016 692 »
1037 659 1052 690 «
1071 634 1103 696 et
1118 629 1288 696 iaciemus
1307 658 1322 691 »
1341 631 1449 718 (Deut.
1463 632 1574 712 wit,

245 741 308 806 tibi
331 737 485 829 loquenti
508 737 595 804 sicut
619 737 722 802 lahve
743 736 898 826 loquenti
914 736 1127 804 obediemus.
1159 765 1175 798 «
1197 737 1275 804 Non
1299 736 1460 826 loquatur
1482 737 1580 806 nobis

250 845 430 927 Dominus,
468 867 511 910 rte
540 843 657 931 [sorte]
692 841 883 910 moriamur
924 871 939 904 a
971 841 1057 930 igne
1096 843 1289 933 consumpti
1321 843 1431 930 (licut.
1468 845 1573 932 535).

247 958 316 1019 Cur
337 973 418 1018 vero
450 950 516 1016 sibi
536 949 681 1018 timeant
705 950 862 1032 exitium,
893 950 952 1038 qui
982 949 1086 1016 modo
1113 977 1129 1010 «
1155 948 1261 1016 hodie
1289 977 1304 1011 s
1327 949 1574 1039 probaverant,

246 1090 261 1120 i
284 1057 379 1149 quod
392 1059 553 1147 loquente
568 1062 635 1123 Deo
659 1078 738 1123 cum
756 1055 895 1122 homine
918 1055 1042 1122 vixerit
1064 1056 1170 1122 homo
1192 1085 1207 1116 n
1235 1055 1295 1146 (ib.
1315 1079 1346 1122 v.
1369 1059 1448 1142 til?
1462 1057 1576 1124 Ratio·

246 1187 324 1234 nem
338 1165 386 1232 ib.
405 1187 436 1231 v.
457 1170 499 1230 *26
514 1164 714 1250 assignant:
738 1190 753 1223 α
774 1162 861 1240 Quid
875 1167 929 1228 est
945 1163 1059 1229 omnis
1078 1183 1172 1245 caro,
1188 1167 1227 1230 ut
1248 1162 1367 1232 audiat
1385 1185 1506 1232 vocem
1520 1164 1578 1231 Dei

244 1273 404 1359 liventis,
425 1271 485 1360 qui
501 1270 543 1336 de
565 1269 678 1337 medio
694 1269 786 1355 ignis
806 1269 976 1358 loquitur,
1005 1269 1092 1336 sicut
1111 1291 1175 1336 nos
1193 1269 1403 1351 audivimus,
1420 1277 1453 1336 et
1472 1271 1578 1360 possit

245 1381 411 1445 viveret»
432 1381 574 1444 Tantum
593 1375 695 1441 distat
714 1398 794 1442 caro
814 1376 858 1442 ab
875 1374 1017 1442 infinita
1039 1377 1232 1458 maiestate,
1250 1380 1288 1443 ut
1301 1377 1373 1443 eius
1392 1383 1530 1467 aspectu
1545 1385 1578 1444 et

248 1484 398 1574 alloquio
409 1484 451 1551 sit
467 1505 606 1573 prorsus
619 1480 775 1569 indigna.
795 1482 890 1549 Belle
912 1481 946 1549 id
964 1481 1110 1566 dicitur;
1125 1481 1287 1550 manebat
1301 1489 1418 1551 tamen
1431 1484 1575 1565 lactum,

246 1594 336 1659 hanc
353 1591 498 1657 eandem
517 1610 656 1656 carnem
680 1593 786 1654 ileum
806 1589 878 1654 iam
898 1588 1002 1655 semel
1018 1589 1165 1678 impune
1185 1588 1350 1669 audiisse3
1372 1589 1495 1680 quodsi
1514 1612 1574 1671 ea,

250 1721 338 1788 quae
353 1696 571 1778 afferebatur,
589 1695 782 1762 unicaerat
802 1696 904 1776 ratio,
924 1693 1079 1762 debebat
1098 1696 1211 1784 potius
1224 1702 1350 1782 Moyses
1363 1697 1431 1762 illis
1445 1696 1579 1762 animos

248 1805 390 1881 addere,
414 1809 450 1868 ut
469 1801 609 1892 propius
629 1801 673 1868 ad
688 1802 816 1868 labven
837 1801 1053 1868 accederent.
1072 1806 1113 1868 At
1135 1808 1208 1869 erat
1222 1802 1331 1869 altera
1344 1801 1460 1889 gravis
1476 1802 1574 1879 ratio,

247 1932 351 1999 quam
372 1909 512 1977 nolebat
534 1907 666 1997 scriptis
687 1907 904 1993 consignare.
930 1911 1015 1974 Caro
1037 1907 1097 1975 illa
1120 1908 1351 1976 Hebraeorum
1376 1932 1446 1975 non
1468 1910 1576 1975 solum

247 2025 320 2084 erat
350 2022 475 2084 natura
507 2014 659 2096 infirma,
690 2014 750 2080 sed
784 1999 890 2100 gbave
921 2013 1109 2082 admiserat
1139 2015 1351 2082 diffidentiae
1379 2023 1575 2105 peccatum,

250 2155 265 2184 i
287 2128 414 2190 stantes
432 2122 552 2210 procul
580 2148 595 2181 »
622 2120 761 2211 quando
786 2121 864 2187 illos
883 2121 987 2188 lahve
1007 2120 1168 2188 accedere
1191 2124 1346 2189 iusserat.
1365 2122 1459 2201 Quod
1475 2145 1578 2212 porro

251 2230 353 2298 lahve
372 2228 443 2296 eius
462 2226 595 2316 peccati
608 2249 756 2316 poenam
774 2227 821 2294 cis
836 2249 909 2294 non
925 2228 1101 2294 inflixisset
1118 2257 1132 2288 o
1150 2227 1254 2295 hodie
1275 2256 1305 2313 »,
1327 2250 1396 2294 non
1412 2229 1578 2318 sequeba-

249 2344 305 2403 tur
324 2355 470 2424 poenam
489 2355 560 2400 non
579 2355 650 2401 esse
675 2339 897 2422 sumpturum
920 2341 1048 2424 postea.
1066 2339 1149 2401 Nota
1169 2336 1288 2422 igitur,
1306 2335 1473 2402 Hebraeos
1487 2357 1578 2402 nunc

251 2448 365 2532 petere
379 2440 449 2507 lere
463 2439 556 2506 idem
575 2439 668 2529 quod
683 2446 789 2506 antea
805 2444 918 2523 titas,
940 2440 998 2506 scd
1015 2463 1033 2506 e
1053 2440 1187 2508 diverso
1213 2442 1365 2511 motivo:
1386 2449 1461 2509 tum
1481 2448 1577 2532 pete·

249 2551 333 2616 bant
348 2570 388 2614 ex
402 2545 611 2627 diffidentia,
628 2567 719 2612 nunc
739 2568 778 2612 ex
800 2545 942 2612 admissi
962 2546 1099 2614 sceleris
1124 2546 1342 2616 conscicntia.
1360 2553 1467 2624 Quare
1486 2570 1579 2614 nuno

246 2653 353 2744 petita
364 2653 610 2733 conceduntur,
626 2651 687 2740 qui
701 2651 805 2718 simul
816 2652 914 2718 favor
925 2658 974 2720 est
984 2659 1018 2719 et
1026 2675 1149 2741 poena,
1165 2659 1359 2744 ltloysesque
1366 2655 1442 2722 illos
1452 2653 1577 2722 blande

246 2760 443 2850 alloquitur,
461 2761 530 2825 imo
546 2764 641 2826 Dcut.
659 2765 739 2840 533
752 2781 802 2848 sq.
821 2759 923 2826 lahve
937 2760 1055 2844 Moysis
1074 2781 1274 2849 responsum
1289 2761 1470 2851 approbat.
1486 2785 1519 2827 v.
1536 2767 1578 2828 20

250 2900 264 2927 α
284 2871 326 2934 Et
347 2867 397 2933 oit
421 2869 556 2954 Moyses
575 2863 623 2931 od
642 2863 812 2955 populum
831 2887 844 2930 .·
863 2865 977 2932 Nolite
999 2866 1117 2932 timore
1140 2887 1152 2930 .·
1173 2879 1210 2933 ut
1223 2867 1315 2933 cutm
1325 2866 1488 2957 prodocet
1502 2891 1574 2952 cos,

248 2975 338 3041 ceruit
352 2979 441 3040 tieem
461 3000 495 3052 s,
517 3010 561 3021 -
585 2999 601 3032 ι(
625 2976 662 3037 ut
686 2972 900 3061 experiretur
918 2978 1070 3038 vestrum
1095 2973 1267 3055 timorem,
1291 2974 1519 3041 reverentiam
1545 2980 1579 3040 et

245 3080 476 3147 obedientiam
493 3107 509 3139 »
533 3077 655 3167 (Meu.)
686 3078 849 3166 :utique,
876 3076 939 3144 sed
965 3078 1059 3168 quod
1085 3107 1100 3140 o
1127 3081 1401 3169 experimentum
1431 3109 1446 3142 »
1472 3081 1577 3147 adir-

249 3188 353 3254 ritum
376 3183 568 3268 cecidisset,
591 3206 659 3251 non
684 3190 757 3251 erat
779 3207 819 3251 ea
841 3185 964 3251 efficax
984 3185 1070 3251 ratio
1093 3185 1278 3255 alleviandi
1296 3187 1439 3254 timoris.
1458 3191 1548 3276 Aup.
1565 3210 1579 3254 .·

250 3324 264 3352 ι(
281 3298 335 3375 ut,
362 3291 480 3380 quales
503 3292 632 3374 essetis,
659 3290 862 3379 probatione
890 3291 1120 3358 innotesceret
1138 3315 1209 3360 non
1234 3299 1317 3376 Deo,
1342 3292 1400 3360 sed
1421 3294 1502 3384 ipsis
1518 3316 1578 3360 vo—

247 3401 301 3466 bis
329 3427 359 3466 s.
384 3397 450 3464 Sed
471 3420 512 3463 ea
529 3397 611 3464 item
637 3404 708 3463 tum
731 3419 799 3464 non
824 3404 899 3464 erat
928 3400 1016 3464 ratio
1040 3397 1224 3466 abdicandi
1250 3401 1393 3468 timoris.
1422 3401 1575 3490 Supplc:

246 3505 356 3572 solam
370 3511 407 3570 ut
426 3502 587 3593 probaret
600 3525 674 3586 vos,
690 3525 762 3570 non
780 3508 819 3571 ut
833 3504 1005 3570 occideret
1023 3506 1143 3595 (Post.)
1159 3545 1203 3554 —
1222 3533 1238 3567 «
1256 3519 1288 3572 et
1309 3520 1345 3572 ut
1360 3521 1468 3574 terror
1483 3507 1578 3574 titire..-

248 3625 329 3678 osset
349 3611 387 3677 t'n
404 3609 496 3676 vobis
512 3638 545 3690 r,
562 3612 663 3676 llebr,
680 3622 762 3676 onte
779 3611 909 3698 soct'cm
924 3625 1090 3691 oestrum,
1111 3633 1225 3678 coram
1237 3619 1352 3680 monte
1369 3619 1495 3696 vestra,
1512 3643 1527 3674 «
1547 3627 1579 3680 ct

246 3744 316 3784 trote
324 3716 511 3808 peccaretis
529 3739 563 3798 »3
585 3717 709 3782 clarius
725 3719 825 3782 Hebe.
847 3740 889 3782 nc
897 3718 1104 3805 peccaretis.
1123 3718 1171 3785 Sit
1187 3720 1215 3785 is
1230 3720 1351 3786 saltem
1367 3721 1471 3788 buius
1485 3723 1578 3788 theo·

248 3825 396 3914 phanias
415 3825 562 3902 fructus,
584 3829 621 3887 ut
640 3823 713 3889 eius
727 3846 787 3888 vos
803 3824 967 3890 memoria
982 3823 1019 3889 in
1034 3831 1209 3914 posterum
1225 3833 1396 3915 apecoato
1412 3827 1576 3896 retrahat.

247 3956 277 4001 v.
297 3937 336 3998 at
356 3961 372 3993 «
387 3928 557 4017 Stetitque
566 3928 715 4019 populus
731 3927 772 3994 de
783 3929 886 4018 lorrqc
905 3959 919 3988 υ
935 3984 942 4012 ,
959 3935 1064 4017 lloyse
1080 3937 1112 3997 et
1127 3932 1229 3999 lahve
1242 3935 1472 4000 annuentibus
1488 3935 1580 4000 intra

249 4038 412 4105 terminos
426 4059 461 4102 so
481 4034 661 4102 continuit.
682 4063 698 4095 (ι
721 4039 855 4123 llopses
882 4049 996 4102 cirtem
1015 4037 1157 4104 uocasset
1175 4037 1222 4103 od
1240 4039 1425 4126 eclipticum
1430 4091 1441 4126 ‚
1458 4043 1493 4106 tri
1511 4063 1580 4129 quo

246 4157 319 4210 crot
340 4147 427 4208 lteris
447 4171 476 4210 ».
495 4141 734 4208 :tscenderitne
750 4164 827 4208 cum
841 4149 980 4210 Aarone
997 4144 1132 4232 (Bonsr.
1151 4166 1163 4209 .·
1183 4146 1226 4212 cl.
1246 4145 1580 4235 19,2t)ansineillo

251 4250 396 4339 tepla),
414 4271 482 4314 non
497 4248 619 4336 liquet.

285 4452 393 4499 ltccitat
407 4449 435 4497 h.
452 4449 470 4497 l.
487 4452 559 4498 Som.
575 4452 681 4498 textum
695 4449 777 4499 Dcut.
796 4449 858 4508 aaa
874 4463 928 4512 sq„
946 4451 993 4513 qui
1006 4450 1031 4499 si
1041 4451 1068 4499 h.
1085 4451 1105 4499 l.
1124 4453 1160 4501 sit
1175 4453 1343 4504 inserendus
1357 4461 1432 4504 corte
1452 4457 1578 4506 inseren-

250 4539 363 4589 illiserit
377 4551 434 4588 non
446 4542 509 4601 post
520 4552 547 4585 v.
560 4537 604 4602 at,
619 4537 669 4587 sed
679 4542 742 4600 post
754 4551 781 4588 v.
795 4539 838 4588 tt).
852 4538 924 4587 Dein
937 4539 1035 4587 inserit
1052 4540 1126 4589 Sam.
1141 4540 1199 4590 tere
1209 4541 1377 4592 verbotenus
1388 4543 1479 4594 locum
1494 4545 1577 4595 Dent.

253 4627 381 4691 iata-aa
396 4626 431 4676 de
445 4643 457 4673 ι
473 4627 610 4689 propheta
625 4628 708 4675 simili
721 4627 809 4688 Moysi
822 4643 833 4674 r
846 4627 950 4690 populo
966 4629 1154 4678 concedendo.
1173 4628 1204 4679 Id
1214 4631 1328 4680 omnino
1339 4637 1449 4694 praeter
1463 4637 1579 4684 contex-

250 4723 307 4767 tum
333 4715 506 4766 inserebatur
528 4713 564 4764 ob
581 4717 699 4765 similem
720 4716 837 4765 tortasse
865 4717 1001 4766 rationem
1025 4719 1112 4782 atquc
1132 4718 1251 4768 alterum
1272 4719 1341 4770 iliud
1366 4727 1428 4784 post
1443 4736 1470 4770 v.
1498 4723 1527 4772 tr
1545 4723 1581 4774 dc

249 4810 342 4857 monte
355 4806 476 4856 Gerizim
491 4803 719 4854 additamentum.
736 4805 832 4867 Pergit
848 4805 926 4854 Sam.
946 4820 952 4855 :
973 4805 1055 4866 todo,
1071 4807 1112 4855 dic
1128 4807 1166 4855 cis
1182 4821 1190 4855 .·
1207 4808 1383 4858 liererttmiat'
1401 4812 1432 4872 io
1451 4811 1580 4860 tuberna-
