3534 5384
662 1933 779 2028 LEO
818 1933 912 2026 PP.
944 1934 1084 2028 Xlll.

340 2543 464 2607 Dilecti
479 2541 573 2614 Filii,
591 2542 726 2606 culidem
742 2549 772 2604 et
791 2540 998 2625 apostolicam
1016 2538 1266 2604 benedictionem.

332 2737 448 2818 ‚Quam
460 2734 564 2802 Nobis
582 2735 670 2802 cordi
683 2739 742 2810 sit,
755 2745 790 2800 ul
807 2735 997 2800 Divinarum
1016 2733 1185 2800 Librmum
1198 2735 1309 2802 studia
1323 2739 1464 2821 cipeant.

297 2841 420 2908 abunde
435 2851 591 2910 testantur·
603 2841 766 2915 Litterae,
778 2863 859 2926 quas
872 2841 912 2906 de
926 2840 1107 2926 Scmpturic
1121 2841 1234 2906 Sacris
1245 2841 1292 2908 ad
1302 2844 1464 2908 ani'cersos

297 2945 381 3014 orbis
399 2947 546 3014 catholici
563 2951 726 3034 episcopos
743 2945 859 3013 abbiric
875 2945 976 3013 tribus
992 2951 1089 3014 annis
1104 2946 1260 3014 dedimus.
1277 2949 1318 3012 In
1336 2947 1464 3032 quibus,

298 3053 479 3120 Bibliorum
503 3053 677 3120 Sacrorum
698 3053 855 3141 clipnilate
872 3075 912 3118 ac
934 3054 1106 3138 multiplici
1124 3054 1263 3119 utilitate
1286 3056 1464 3138 illustrata,

286 3161 368 3246 fuse
392 3159 430 3225 de
447 3159 638 3226 ordinandis
656 3181 761 3224 eornm
779 3159 897 3225 stadiis
915 3162 1181 3244 perscripsimus·
1195 3169 1225 3225 et
1243 3169 1278 3224 ut
1297 3163 1460 3247 plisceuti-

298 3265 354 3333 bus
372 3287 511 3334 erronem
532 3263 739 3351 opinionibus
750 3267 884 3351 plenior
903 3275 933 3331 et
951 3269 1132 3332 accuratior
1150 3269 1184 3331 in
1203 3287 1296 3331 sacro
1313 3269 1397 3333 cliro
1417 3271 1465 3333 in·

298 3377 422 3440 stitutio
440 3382 759 3458 opponatnr,apta1n
776 3375 937 3438 inanimus
955 3376 1111 3437 rationem
1128 3382 1157 3437 et
1174 3376 1256 3438 ciam
1270 3375 1465 3457 prraeclarae

297 3479 388 3546 buius
403 3478 599 3564 discipliuae
614 3477 800 3544 tradendae.
820 3477 892 3558 Qua
906 3482 941 3543 in
954 3500 989 3543 re
1000 3478 1038 3542 id
1044 3479 1255 3563 peculiariter
1269 3479 1465 3546 commenda-

299 3596 370 3652 tunn
384 3587 554 3660 voluimus,
571 3594 606 3649 ut
622 3607 702 3670 quae
715 3607 737 3650 a
752 3584 972 3650 doctrinarum
986 3595 1189 3651 externarum
1199 3588 1321 3670 peritis
1334 3586 1464 3652 eisdem-

298 3714 356 3778 que
371 3690 480 3775 infide
494 3689 653 3770 calliolica
659 3691 767 3774 firmis
781 3713 821 3756 cn
836 3693 1017 3778 tietmarum
1033 3689 1217 3757 biblicarum
1230 3697 1361 3769 notitia,
1374 3715 1415 3757 eu
1430 3717 1465 3756 re

298 3797 447 3865 biston'ca
461 3799 511 3864 ocl
524 3819 564 3862 ea
572 3796 778 3882 physicorum
792 3797 977 3882 disciplinis
990 3795 1204 3883 similibusque
1217 3799 1333 3864 studiis
1346 3820 1465 3884 oppor-

297 3917 370 3971 tune
388 3913 610 3992 supperuntur,
625 3925 663 3970 ea
678 3902 845 3970 Librorum
864 3905 1058 3969 Divinarum
1077 3926 1131 3970 seu
1145 3907 1319 3970 sententiae
1333 3907 1465 3989 solonius

297 4008 507 4096 arripiendae
524 4031 579 4075 seu
598 4013 727 4076 veritati
744 4009 956 4076 vindicandae
973 4013 1101 4076 ruinirne
1114 4020 1374 4094 praetereantur.

342 4117 435 4181 Haec
458 4117 583 4182 Nostra
607 4137 675 4182 cura
700 4120 765 4182 sint
789 4126 917 4202 optata,
936 4139 987 4182 eos
1004 4118 1176 4202 perictilnn
1196 4140 1315 4183 naama
1337 4139 1465 4202 operam

298 4226 530 4297 coislinianus,
549 4225 732 4308 quicumque
752 4223 934 4308 Scriplaris
954 4222 1066 4290 Sacris
1082 4227 1144 4288 rite
1163 4223 1357 4290 enarrandis
1375 4235 1464 4290 tucciu-

297 4329 406 4414 disque
418 4333 541 4396 animos
555 4350 592 4393 ac
607 4330 807 4416 dilipentiam
822 4329 998 4396 intendunt.
1022 4329 1083 4395 Vos
1099 4340 1218 4405 alitem,
1231 4330 1356 4395 Dilectc'
1368 4331 1462 4405 Filii,

297 4434 352 4500 bos
371 4438 452 4501 inter
466 4457 534 4502 cum
555 4434 650 4502 laudo
668 4458 940 4514 connumeramus,
957 4438 1016 4522 qui
1030 4437 1153 4502 iamdiu
1173 4434 1277 4502 labore
1293 4437 1383 4502 baud
1398 4441 1465 4502 eri·

294 4563 357 4628 puo
378 4546 508 4628 acrique
528 4546 650 4628 inpcnio
671 4542 787 4609 Libros
808 4565 913 4609 ornnes
932 4543 1051 4610 Sacros
1063 4546 1232 4629 perpetuis
1254 4541 1465 4609 notationibus

298 4645 510 4714 illustrandos
529 4651 724 4734 suscepistis.

345 4757 480 4842 Eprepii
493 4759 601 4838 operis
615 4756 792 4832 oolcrrreina,
803 4779 884 4841 quac
898 4756 1003 4822 adbuc
1014 4755 1162 4822 edidistis
1178 4779 1318 4844 qicaequc
1334 4758 1465 4821 Nemini

299 4859 419 4926 Nostro
437 4861 579 4928 dicanda
602 4860 732 4927 libenter
751 4867 977 4937 concessimus,
985 4874 1135 4950 perprato
1154 4867 1259 4928 areima
1276 4865 1453 4948 accepimus

1683 4866 1744 5014 ¹
