3534 5384
1447 403 1543 446 Ex.
1596 387 1737 456 16,9
1781 403 1915 454 soo.
2912 388 3018 444 liiii

343 535 717 626 quendum.
753 559 818 603 v.
855 543 894 603 9
926 562 958 598 «
992 537 1190 603 Dicit
1225 560 1498 626 quoque
1537 540 1803 626 Moyses
1845 535 1941 602 ad
1966 538 2198 603 Aaron
2237 559 2263 602 .·
2292 537 2418 602 Dic
2458 536 2810 602 unii-ersus
2862 559 3022 600 rose-

349 642 741 733 qreqationi
782 642 1095 733 filiorum
1147 643 1365 710 Israel
1401 665 1426 708 .·
1474 642 1800 710 Aee-edite
1846 665 2078 710 coram
2131 642 2458 726 Domino,
2510 640 2778 708 aridius]
2842 640 3018 704 fusim

346 771 658 816 murmur
681 762 978 816 vestrum
1008 778 1067 816 ».
1096 754 1187 816 Ex
1216 749 1328 816 his
1353 771 1510 817 cum
1541 751 1686 817 Cai.
1719 748 2140 817 concludere
2171 753 2437 838 oportet
2465 770 2479 816 :
2524 775 2550 808 «
2590 755 2758 816 :tute
2786 748 3018 812 cundi-

346 861 496 923 tum
518 855 1068 941 tabernaculum,
1095 855 1443 924 conditam
1469 878 1699 923 arcam
1728 862 1874 922 erat
1899 855 2095 922 locus
2117 853 2369 943 aliquis
2400 854 2772 944 deputatus
2798 860 2926 920 Deo
2958 884 3014 920 π,

348 962 444 1029 Cf.
490 985 554 1029 v,
592 968 674 1030 312
716 966 817 1046 et,
855 984 1034 1052 quae
1069 987 1141 1053 p.
1176 969 1215 1030 3
1260 985 1412 1053 sqq.
1448 962 1849 1030 dicebamus
1901 968 1969 1029 et
2006 960 2092 1029 ad
2136 967 2292 1043 3:3‚7
2343 960 2658 1028 dicemus
2706 960 2790 1024 de
2830 984 3022 1048 prae-

349 1069 648 1136 mosaico
675 1068 862 1158 apud
887 1068 1227 1136 Hebraeos
1257 1069 1735 1137 tabernaculo,
1775 1092 1839 1134 v.
1874 1075 1954 1135 10
1986 1097 2016 1129 «
2055 1071 2360 1157 Cumque
2386 1068 2774 1158 loqueretur
2794 1072 3018 1132 Aaron

349 1173 448 1241 ad
472 1197 739 1241 omnem
770 1188 1032 1242 coetum
1055 1175 1378 1266 filiorum
1408 1176 1643 1259 Israel,
1684 1173 2246 1264 7·espe.1:eruntc1d
2268 1173 2710 1240 solitudinem
2758 1204 2814 1252 η,
2858 1196 3022 1260 erg-1⁴³

349 1281 681 1348 orientem
714 1303 946 1348 versus
973 1281 1303 1371 (Bonfr.),
1347 1313 1378 1344 «
1405 1295 1470 1348 et
1495 1305 1643 1350 ecce
1679 1280 1914 1371 qloria
1939 1280 2226 1347 Domini
2261 1280 2590 1371 apparuit
2626 1280 2690 1344 in
2738 1284 2914 1344 sinin*
2954 1308 3018 1360 Ji,

349 1409 440 1455 sc.
475 1387 548 1454 in
574 1388 897 1457 columna
920 1388 1124 1456 nubis
1144 1389 1401 1479 (Tost.),
1430 1413 1606 1479 quae
1637 1397 1785 1456 erat
1807 1394 1978 1457 ante
2003 1392 2234 1455 castra
2262 1386 2375 1477 (cf.
2408 1388 2634 1473 1352]
2658 1412 2670 1468 ς
2698 1388 2882 1476 quod
2910 1412 3022 1452 au-

348 1498 487 1561 tem
517 1516 649 1561 vox
682 1524 713 1556 «
748 1495 1070 1562 columna
1103 1524 1134 1557 »
1170 1518 1309 1563 non
1342 1495 1815 1580 adscribatur,
1858 1517 2002 1562 non
2040 1499 2140 1562 est
2168 1493 2342 1561 ratio
2366 1515 2525 1560 cum
2562 1496 2710 1560 Cui.
2750 1496 3026 1560 alterius

350 1599 705 1668 cuiusdam
742 1601 948 1668 nubis
984 1602 1446 1690 affingendae.
1481 1607 1724 1686 Porro,
1766 1624 1929 1670 cum
1971 1600 2276 1669 interdiu
2307 1600 2431 1667 illa
2466 1600 2786 1666 columna
2822 1600 3026 1664 nuliis

351 1712 557 1788 esset,
588 1728 729 1773 non
766 1707 981 1794 igniS‚
1018 1713 1175 1798 apte
1209 1730 1365 1775 cum
1416 1711 1468 1774 T
1466 1721 1590 1775 ost.
1642 1709 1936 1798 aliisque
1964 1707 2262 1798 qloriam
2302 1706 2490 1773 illam
2530 1708 3026 1796 exlilieahimus

349 1813 555 1880 fuisse
600 1843 630 1874 «
673 1813 1019 1900 fulgorem
1051 1820 1409 1904 tamquam
1447 1814 1879 1882 advenientis
1910 1814 2025 1880 Dei
2066 1818 2134 1879 et
2162 1813 2468 1880 sonitum
2494 1811 2838 1900 loquentis
2878 1844 2934 1876 n.

422 1985 606 2036 Dium.
639 1987 826 2050 putat,
854 1987 1069 2036 iubente
1114 1988 1336 2038 Aarone
1366 1989 1636 2051 populum
1675 1987 1748 2037 ad
1791 1986 2078 2038 desertum
2107 1985 2281 2036 facies
2320 1986 2554 2036 vertisse
2598 2000 2606 2032 :
2646 1984 2714 2032 tia
2754 1984 3030 2036 eiusmodi

352 2075 510 2124 iussu
539 2075 680 2124 nihil
719 2076 778 2123 in
812 2076 1081 2126 contextu
1121 2076 1375 2127 habetur.
1421 2076 1727 2128 Versiones
1768 2085 1801 2132 2
1843 2079 2135 2126 verterunt
2173 2088 2317 2135 cum,
2365 2075 2421 2124 et
2457 2076 2670 2137 optimi-2
2714 2088 2838 2120 cum
2890 2072 3022 2120 Cirr.

353 2163 659 2214 secundum
688 2164 926 2213 incisum
975 2165 1165 2215 trahes
1204 2164 1275 2214 ad
1320 2165 1590 2228 prodosin
1635 2179 1650 2213 t
1706 2177 1834 2215 cum
1875 2165 2066 2215 Aaron
2116 2164 2439 2227 loqueretur
2477 2166 2534 2212 et
2578 2164 2818 2224 populus
2858 2160 3030 2208 sarit-ff.

354 2263 656 2302 conversas
686 2252 918 2303 haberet
944 2252 1014 2302 ad
1042 2253 1420 2313 solitudinem,
1453 2254 1548 2304 ubi
1577 2253 1757 2303 nubes
1782 2255 1921 2312 erat,
1957 2265 2086 2305 ecce
2110 2253 2369 2316 apparuit
2398 2256 2503 2302 etc.
2540 2252 2650 2300 {ficii
2678 2252 2810 2312 quid
2846 2251 3026 2312 inqut*-

356 2341 517 2389 batur
544 2339 777 2391 Aaron?
810 2340 1032 2390 Verbum
1059 2343 1244 2391 Aaron
1270 2348 1392 2392 erat
1441 2343 1624 2405 ipsum
1667 2341 1807 2392 illud
1837 2342 2099 2393 nuntium
2131 2353 2231 2405 per
2258 2342 2511 2391 seniores
2540 2340 2754 2388 aliosve
2798 2340 3029 2388 cir-cum·

356 2430 612 2490 missum,
644 2432 707 2479 ut
745 2429 815 2480 ad
852 2431 1276 2481 tabernaculum
1315 2429 1683 2482 confluerent.
1723 2431 1850 2490 Quo
1893 2431 2026 2484 dum
2072 2429 2410 2495 pergebant,
2443 2427 2690 2480 faciebus
2730 2428 2794 2476 aa}
2842 2428 3026 2476 :aher-

354 2517 618 2567 naculum
646 2517 883 2582 ideoque
913 2519 983 2568 ad
1011 2521 1287 2569 orientem
1312 2521 1626 2578 conversis,
1660 2521 1849 2570 evenit
1873 2522 2214 2584 portentum.

468 2596 482 2619 v

445 2678 507 2722 ν.
565 2663 640 2723 11
695 2683 727 2717 «
781 2660 1076 2724 Locutus
1117 2669 1213 2724 est
1260 2669 1502 2724 autem
1557 2658 1892 2726 Dominus
1931 2657 2029 2725 (ul
2071 2661 2356 2746 Moysen
2398 2684 2467 2740 »‚
2506 2684 2538 2718 «
2578 2680 2734 2720 nam
2764 2660 3026 2720 aaroni:

351 2761 688 2851 populum
712 2762 1101 2852 alloquente
1123 2816 1137 2844 ‚
1171 2769 1429 2852 Moyses
1462 2763 1553 2832 ad
1576 2765 1977 2833 columnam
2004 2763 2210 2831 nubis
2238 2769 2558 2830 oraturus
2586 2772 2958 2828 accesserat
2998 2792 3022 2820 -ι

358 2867 629 2956 (Metu),
676 2896 708 2930 «
754 2868 984 2936 dicens
1037 2897 1070 2931 »
1123 2893 1138 2938 ε
1175 2894 1238 2936 v.
1300 2876 1383 2937 12
1430 2900 1460 2932 «
1519 2870 1783 2938 Audivi
1823 2870 2405 2938 murmurationes
2438 2868 2746 2957 filins-mn
2798 2864 3030 2932 iss-uei.

353 2976 658 3063 Loquere
697 2974 794 3041 ad
835 2999 946 3041 eos
985 2997 1010 3039 .·
1063 2979 1343 3066 Vespere
1392 3004 1423 3038 »
1466 3016 1554 3027 —
1597 2976 1799 3044 Hebr.
1842 2999 1867 3042 .·
1901 2978 2081 3044 inter
2119 2976 2292 3043 duas
2332 2998 2678 3065 vesperus}
2710 2976 2794 3040 ef.
2846 2980 3022 3052 ΗΑΒ.

353 3082 642 3169 Tempus
679 3082 1061 3148 accuratius
1091 3082 1297 3150 etiam
1327 3105 1540 3172 quam
1572 3091 1730 3150 ante
1761 3083 2268 3151 determinatur
2297 3121 2380 3132 —
2419 3110 2450 3143 «
2500 3080 2854 3148 cummis-siti
2878 3104 3026 3144 {rnr-

350 3208 500 3271 nes,
536 3199 601 3253 et
629 3210 830 3254 mane
853 3189 1340 3256 saturabimini
1361 3188 1666 3279 panibus
1683 3244 1705 3277 ,
1737 3191 2104 3281 scietisque
2126 3188 2313 3279 quod
2339 3213 2464 3278 eqo
2502 3212 2654 3255 sum
2698 3188 3026 3252 immimi-

354 3296 534 3360 Deus
572 3307 782 3361 vester
824 3323 855 3356 »
881 3348 897 3377 ‚
938 3295 1267 3385 quodque
1303 3317 1433 3382 ego
1473 3296 1588 3385 (cf.
1637 3319 1701 3364 v,
1752 3297 1820 3386 3)
1858 3296 2210 3364 eduxerim
2249 3319 2369 3363 vos
2403 3295 2489 3363 de
2524 3300 2866 3384 Aegypto*
2910 3316 3026 3360 vu-

353 3399 600 3488 bisque
636 3401 762 3467 sim
792 3400 1214 3491 provisurus,
1251 3425 1316 3470 v,
1373 3408 1451 3469 13
1492 3428 1526 3464 «
1573 3405 1858 3470 Factum
1890 3416 1987 3470 est
2023 3426 2184 3494 erqo
2216 3425 2510 3493 vespere,
2554 3416 2614 3468 es
2658 3404 3022 3468 assentiens

354 3507 674 3572 coturnioe
701 3508 1053 3597 cooperuit
1098 3521 1360 3593 casce-a5
1399 3531 1601 3576 mane
1631 3532 1901 3598 quoque
1942 3532 2050 3575 ros
2084 3510 2292 3576 iacuit
2314 3533 2445 3598 per
2477 3508 2838 3574 ciri-nisime
2874 3532 3022 3572 rii-‹-

354 3624 620 3678 trorum
675 3640 735 3679 n.
787 3617 998 3690 Quem
1047 3636 1187 3680 non
1241 3637 1384 3681 esse
1438 3613 1629 3681 idem
1685 3619 1894 3706 atque
1954 3637 2239 3698 manna,
2288 3615 2403 3683 sed
2461 3636 2698 3681 verum
2762 3636 3018 3692 rorem,

356 3719 560 3784 docet
595 3722 792 3786 Num.
843 3726 998 3802 11,9
1043 3726 1370 3810 patetque
1424 3743 1504 3787 ex
1554 3721 1686 3789 hoc
1735 3723 1946 3789 etiam
1987 3727 2205 3805 textu,
2239 3721 2362 3788 ubi
2402 3724 2602 3788 Hebr..
2650 3744 2710 3788 v„
2758 3728 2830 3788 i-'s
2874 3744 3022 3808 pet*-

352 3826 462 3910 git
505 3844 520 3890 :
555 3836 619 3891 et
665 3825 971 3892 ascendit
1022 3827 1272 3916 effusio
1321 3827 1528 3910 roriS‚
1580 3840 1645 3894 et
1683 3851 1834 3895 ecce
1874 3841 2000 3894 ete.
2056 3833 2234 3915 Ergo
2274 3827 2678 3895 ascendente
2722 3848 2870 3892 rui-c
2906 3848 3018 3892 sou

352 3929 644 4013 nebula,
697 3953 872 4021 quae
921 3955 1150 4000 rorem
1200 3933 1566 4016 effuderat,
1615 3935 1941 4024 apparuit
1989 3936 2185 4001 humi
2231 3935 2458 4002 iacens
2502 3955 2778 4000 manna.
2838 3956 2902 3996 νη
2950 3936 3022 3996 li

358 4064 393 4095 «
447 4038 754 4127 Cumque
803 4039 1175 4128 operuisset
1214 4040 1647 4130 superficiem
1697 4054 1949 4122 terrae,
1998 4042 2322 4132 apparuit
2363 4041 2438 4107 in
2482 4040 2854 4107 sofismffm-
2902 4040 3026 4100 mi—

350 4155 603 4209 nutum
640 4143 748 4234 [et]
788 4148 990 4235 quasi
1004 4146 1150 4236 pilo
1179 4159 1430 4233 tusum,
1471 4146 1545 4213 in
1574 4146 2108 4214 similitudinem
2133 4148 2432 4237 pruinae
2451 4171 2654 4237 supri-
2686 4160 2930 4208 irs-reim
2962 4176 3018 4208 n.

451 4270 514 4315 v,
544 4257 624 4317 15
654 4281 684 4311 «
715 4251 915 4333 Quod
936 4275 1089 4319 cum
1115 4252 1445 4319 vidissent
1460 4252 1603 4343 filii
1622 4253 1863 4336 Israel,
1887 4252 2214 4320 dixerunt
2238 4253 2334 4320 ad
2357 4253 2642 4320 invieesss
2674 4276 2694 4316 :
2718 4252 3026 4316 Mamm?

356 4355 588 4444 [Quod
613 4356 961 4448 siqnifi'cat
994 4382 1020 4426 .·
1058 4358 1247 4442 Quid
1280 4373 1378 4426 est
1405 4359 1528 4426 lzoe
1547 4360 1604 4450 P]
1651 4362 2074 4449 [qnorabanc
2105 4360 2320 4444 enim,
2355 4359 2529 4449 quid
2554 4372 2718 4424 &swi-
2754 4388 2810 4428 η,
2850 4360 3022 4424 Licet

355 4476 475 4527 mn
527 4475 608 4554 ’,Β
664 4463 876 4553 possit
931 4465 1103 4533 verti
1161 4496 1191 4528 «
1257 4468 1391 4534 hoc
1447 4473 1551 4533 est
1608 4488 1865 4535 manna
1921 4495 1985 4548 »,
2038 4474 2266 4535 tamen
2330 4466 2541 4533 verba
2610 4468 3022 4556 issatis-ntum

355 4579 484 4634 etc.
544 4574 902 4654 testantur,
964 4572 1301 4640 Hebraeos
1360 4572 1666 4662 primum
1723 4595 1866 4640 non
1923 4574 2281 4661 agnovisse
2339 4595 2622 4652 mannaq
2682 4580 2742 4640 et
2800 4572 3021 4636 nomi-2

352 4675 465 4741 nis
503 4675 618 4742 hic
660 4676 1155 4745 derivationem
1198 4679 1515 4768 proponi.
1565 4693 1646 4770 ’με
1686 4680 1874 4770 apud
1927 4681 2266 4747 Hebraeos
2314 4679 2654 4765 significat.
2694 4680 2850 4768 quis
2894 4684 3014 4752 ..²²5—

353 4781 580 4871 60,8)‚
621 4783 787 4850 item
835 4783 1022 4872 apud
1073 4789 1349 4872 Assyros
1402 4807 1417 4853 :
1477 4789 1563 4852 cl.
1617 4808 1870 4853 nomen
1928 4786 2284 4875 proprium
2340 4788 3014 4860 Mannuizifflmmum
