3534 5384
253 414 314 473 351
657 426 797 470 uovoaou
819 426 977 471 suenoneu
999 426 1180 470 usurario.

299 588 330 631 v.
351 570 391 629 15
413 589 428 622 1
443 560 557 649 lqitttr
575 582 690 627 meuse
708 558 823 649 primo
840 559 928 626 1111111
941 558 1101 640 secundi,
1116 558 1233 647 prima
1252 556 1466 644 (tiernensis,
1483 559 1551 625 coll
1571 599 1587 610 ·

254 681 368 737 catum
383 680 432 735 est
447 665 707 734 tabernaculum
728 694 759 734 ».
777 688 811 733 v.
831 673 871 732 16
898 693 913 726 «
936 665 1124 755 Erexitque
1139 667 1274 753 Moyses
1290 662 1399 747 illud,
1421 678 1452 731 et
1466 667 1587 755 posuit

253 776 389 844 tabulas
408 797 448 841 ac
473 777 567 840 bases
586 785 618 838 11
635 784 759 854 vectes,
776 773 963 861 statuitque
983 772 1257 854 1111111111111,ν.
1279 778 1320 838 17
1338 799 1354 832 a
1372 784 1404 837 et
1421 772 1587 863 expandit

253 877 380 950 tectum
400 903 502 971 super
519 878 776 946 tabernaculum
796 906 831 958 »,
848 918 894 928 -
909 880 1011 945 Hebr.
1028 900 1039 944 :
1059 876 1318 944 talremoculum
1332 900 1434 969 super
1451 878 1587 945 brebita-

253 990 368 1057 culam
387 991 596 1077 :compacto
623 1008 641 1052 e
663 984 791 1052 tabulis
815 983 1032 1065 habitaculo,
1049 1006 1153 1075 supra
1175 984 1264 1051 illud
1286 984 1450 1075 expandit
1472 986 1587 1052 taber-

252 1096 416 1165 naculum
432 1134 476 1144 —
499 1121 515 1154 «
536 1092 696 1182 imposito
711 1092 856 1182 desuper
871 1091 1082 1181 operimento
1098 1117 1135 1173 n,
1154 1091 1247 1180 quod
1261 1097 1398 1173 noa-u
1415 1090 1587 1158 describe-

251 1205 366 1287 batur,
392 1230 408 1264 u
442 1202 530 1268 sieut
554 1199 721 1266 Dominus
750 1199 980 1288 imperauerat
1003 1226 1038 1277 1,
1061 1219 1150 1288 quae
1171 1196 1321 1265 formula
1344 1198 1426 1265 inde
1448 1220 1468 1265 a
1490 1222 1523 1267 v.
1546 1206 1586 1266 15

253 1309 376 1400 septies
401 1308 592 1375 adnectitur
617 1305 779 1395 (uitta).
806 1328 839 1372 v.
858 1313 900 1374 18
922 1304 1075 1371 «Posuit
1094 1317 1126 1370 ot
1149 1304 1385 1371 testimouium
1399 1306 1437 1371 in
1451 1328 1532 1371 area
1549 1334 1584 1385 1,

257 1447 273 1480 «
289 1417 377 1503 tegis
386 1414 520 1481 tabulas
533 1440 550 1477 11
572 1411 742 1502 (Densa),
763 1440 778 1474 κ
796 1410 941 1479 subditis
957 1411 1055 1498 infra
1067 1410 1232 1495 vectibus,
1251 1423 1284 1476 et
1297 1412 1476 1477 oraculum
1488 1411 1587 1479 ilesu-

248 1546 314 1614 per
337 1551 366 1590 ».
389 1521 537 1588 Adnotat
559 1520 647 1601 Coi,
671 1541 786 1609 neque
812 1517 873 1585 ubi
901 1519 1094 1584 contectum
1119 1523 1278 1584 narretur
1301 1518 1584 1601 tabernaculum,

252 1652 365 1719 neque
388 1628 449 1694 ubi
476 1625 637 1694 collocari
666 1625 837 1704 iubeatur,
876 1625 1089 1691 mentionem
1117 1623 1241 1713 haberi
1273 1625 1503 1715 propitiatorii
1527 1632 1587 1693 aut

255 1734 451 1816 Cherubim,
473 1734 622 1822 indeque
637 1731 785 1822 perspici
796 1754 868 1798 non
880 1732 999 1797 omnia
1011 1730 1049 1797 in
1061 1753 1086 1797 s.
1105 1735 1200 1797 textu
1214 1730 1373 1821 exprimi.
1390 1732 1588 1799 Reticentur

255 1844 341 1909 haec
362 1842 466 1908 etiam
485 1841 624 1907 tortasse
649 1838 694 1904 ob
714 1837 958 1919 reverentiam,
976 1838 1131 1903 futurum
1149 1837 1277 1927 quippe
1297 1841 1372 1904 erat
1386 1838 1586 1927 propitiato·

256 1950 346 2016 rium
361 1952 595 2015 sacrosanctus
612 1942 763 2011 numinis
776 1946 938 2021 thronns;
954 1965 1066 2033 neque
1088 1943 1272 2010 Cherubim
1292 1943 1449 2011 fictarum
1463 1946 1587 2031 imagi-

255 2079 338 2125 num
363 2055 489 2122 mentio
509 2052 739 2141 repetebatur.
757 2073 790 2115 1.
818 2057 859 2117 19
879 2077 896 2111 «
926 2052 1078 2139 Cumque
1092 2048 1264 2116 intulisset
1278 2072 1396 2117 arcam
1416 2050 1453 2117 in
1474 2050 1587 2118 taber-

255 2163 438 2247 naculum,
456 2157 626 2250 appendit
645 2170 725 2224 arcte
744 2178 820 2224 eam
838 2156 968 2240 veliem,
991 2170 1030 2223 ut
1050 2156 1199 2246 oppleret
1215 2157 1355 2223 Domini
1368 2156 1552 2225 iussionem
1568 2186 1585 2217 »

255 2270 313 2358 (11.
331 2293 364 2337 v.
380 2270 426 2357 3).
451 2288 483 2334 v.
506 2273 549 2332 10
571 2293 586 2324 «
610 2264 729 2330 Posuit
746 2277 780 2330 et
793 2285 947 2330 mensam
962 2263 1000 2328 111
1020 2262 1239 2329 tabernaculo
1256 2263 1443 2331 testimonii
1453 2262 1586 2355 adpla-

253 2398 335 2464 qam
344 2370 640 2464 septentrionalem
648 2382 743 2437 entra
757 2368 868 2434 uelerm
884 2396 914 2450 »,
927 2392 959 2434 v.
978 2376 1017 2434 11
1033 2400 1048 2430 «
1064 2368 1234 2436 ordinatis
1248 2392 1365 2436 coram
1375 2372 1582 2459 propositio·

255 2481 309 2548 nis
329 2478 495 2570 panibus,
521 2477 610 2543 sicut
632 2487 855 2566 praeceperat
875 2474 1040 2542 Dominus
1063 2476 1176 2563 Moqsi
1201 2502 1231 2543 ».
1255 2500 1288 2542 v.
1311 2482 1353 2541 11
1378 2503 1395 2538 u
1414 2477 1535 2543 Posuit
1550 2490 1582 2543 11

255 2586 498 2654 candelabrum
515 2584 552 2651 in
564 2581 782 2649 tabernaculo
803 2580 1022 2647 testimoniis
1041 2582 1179 2671 reqione
1191 2604 1327 2649 iriensae
1345 2581 1382 2648 in
1390 2596 1494 2673 parte
1507 2606 1586 2651 aus-

257 2693 340 2761 trali
358 2720 392 2776 »,
414 2715 447 2759 ν,
468 2698 510 2757 13
532 2718 548 2753 «
570 2690 689 2757 locatis
712 2685 972 2777 [perordinem]
1001 2688 1149 2755 lucernis
1169 2688 1269 2755 iuxta
1277 2701 1502 2779 praeceptum
1517 2692 1586 2756 Do—

253 2801 344 2867 mini
357 2810 387 2867 11.
403 2823 435 2866 1.
456 2802 498 2863 et
518 2824 533 2858 a
552 2796 672 2864 Posuit
685 2794 839 2862 etaltare
853 2816 997 2861 aureum
1011 2797 1170 2861 subtecto
1189 2823 1223 2877 s,
1241 2797 1265 2861 i.
1289 2818 1318 2862 e.
1341 2796 1578 2878 tabernaculo,

256 2937 271 2969 «
294 2904 480 2975 testimonii
498 2917 617 2970 contra
636 2902 748 2969 veliem
773 2930 809 2984 »,
838 2922 871 2969 v.
899 2908 941 2969 15
960 2929 976 2961 «
1001 2913 1033 2967 rt
1050 2900 1199 2968 adoleuit
1221 2922 1323 2992 super
1350 2925 1387 2968 eo
1409 2902 1583 2970 incensum

255 3027 466 3093 aromatum,
477 3012 566 3077 sicut
579 3011 723 3076 iusserat
738 3008 904 3074 Dominus
919 3008 1032 3097 Moysi
1044 3030 1122 3077 »..v.
1138 3015 1179 3074 16
1197 3035 1213 3069 «
1227 3008 1348 3076 Posuit
1358 3021 1390 3075 et
1403 3009 1584 3075 tentorium

257 3122 294 3186 111
321 3119 466 3186 introitu
487 3115 701 3183 tabernaculi
720 3113 907 3179 testimonii
934 3142 969 3196 11,
997 3138 1028 3180 v.
1057 3121 1098 3179 17
1116 3141 1132 3175 a
1160 3120 1194 3183 et
1213 3114 1323 3181 altare
1344 3114 1536 3183 holocausti
1549 3116 1585 3183 in

169 3310 172 3315 ‚
257 3224 421 3293 uestibulo
437 3222 638 3309 testimonii,
653 3222 800 3311 offerens
813 3220 850 3286 iu.
862 3243 900 3286 eo
918 3219 1151 3287 holocaustum
1166 3234 1199 3287 et
1211 3221 1399 3311 sacrificia,
1416 3235 1454 3289 ut
1468 3223 1583 3289 Domi-

256 3355 320 3400 nus
335 3332 563 3421 imperaverat
575 3356 606 3393 1).
628 3350 660 3394 v.
678 3332 720 3394 18
742 3354 759 3388 <‹
775 3329 923 3393 Latium
943 3348 1077 3416 quoque
1090 3328 1213 3394 statuit
1225 3328 1315 3394 inter
1328 3328 1584 3396 tabernaculam

258 3439 446 3507 testimonii
459 3451 491 3502 11
506 3435 631 3515 altare,
649 3433 795 3523 implens
806 3431 898 3499 illud
910 3455 1002 3522 aquo
1018 3453 1056 3514 11;
1074 3457 1106 3502 v.
1123 3440 1165 3500 19
1179 3461 1195 3495 u
1211 3433 1435 3525 laveruntque
1451 3438 1584 3525 Moyses

258 3560 290 3613 11
312 3549 428 3612 Aaron
443 3566 484 3609 oc
504 3541 575 3631 filii
591 3540 665 3607 eius
679 3562 801 3606 neonus
819 3561 900 3606 suas
914 3538 1059 3629 etpedes
1076 3566 1113 3622 1,
1129 3562 1161 3608 v.
1180 3547 1221 3608 30
1243 3570 1258 3602 α
1275 3562 1352 3607 eum
1365 3540 1585 3631 inqrcdercu-

258 3668 313 3720 tur
336 3664 460 3718 tectum
481 3647 632 3738 foederis
653 3661 685 3712 11
708 3646 907 3713 accederent
921 3646 969 3712 acl
985 3645 1113 3727 altare,
1132 3646 1223 3713 sicut
1235 3661 1458 3738 praeceperat
1473 3649 1583 3716 Domi-

258 3784 324 3827 nus
338 3756 451 3847 Moqsi
475 3785 505 3823 ».
531 3778 564 3823 v.
585 3761 624 3821 31
650 3785 664 3816 a
686 3753 808 3820 Ereuit
826 3764 859 3819 et
880 3752 1009 3819 atrium
1024 3775 1090 3842 per
1108 3776 1236 3842 qqrum
1253 3754 1467 3821 tabernaculi
1486 3766 1518 3822 et
1532 3756 1584 3823 ol-

261 3866 361 3952 turis,
377 3864 477 3932 ducto
496 3862 533 3929 in
547 3861 692 3927 introitu
704 3861 777 3927 eius
791 3859 947 3926 tentorio.
960 3862 1146 3947 Postquam
1162 3860 1279 3927 omitia
1287 3863 1443 3951 perfecta
1455 3874 1536 3929 sunt
1547 3890 1581 3943 u,

258 4014 301 4023 -
321 3976 423 4042 Hetr.
439 3968 615 4037 absolute:
633 3979 666 4033 ct
673 3965 825 4056 perfecit
839 3969 971 4051 ltloqses
984 3988 1078 4053 opus.
1092 3968 1217 4033 Masor.
1231 3968 1369 4051 signant
1380 3969 1582 4057 parascham

257 4082 439 4147 minorem.

301 4187 490 4252 Perfectum
514 4204 615 4271 opus,
632 4181 735 4271 quale
752 4203 771 4246 a
789 4180 930 4245 Domino
947 4180 1061 4245 fuerat
1079 4180 1298 4263 mandatum,
1314 4181 1485 4270 approbat
1498 4188 1585 4249 Deus

257 4316 289 4360 v.
308 4300 349 4358 31
368 4314 375 4359 :
393 4320 409 4352 «
426 4288 561 4379 operuit
574 4290 678 4355 rrortcs
693 4285 950 4353 tabernaculum
969 4284 1171 4363 testimonii,
1188 4298 1220 4352 et
1238 4286 1350 4375 qloria
1363 4288 1501 4354 Domini
1520 4288 1585 4353 1111-

251 4399 361 4491 plerit
375 4396 465 4463 illud
487 4426 516 4462 ».
542 4400 615 4462 Non
639 4399 689 4461 est
705 4393 794 4460 ratio
810 4392 958 4481 duplicis
975 4414 1052 4458 eum
1072 4391 1146 4459 Gai.
1162 4392 1312 4481 portenti
1332 4394 1581 4482 distinguendi,

259 4515 295 4575 nt
314 4506 423 4572 nubes
436 4502 697 4570 tabernaculum
714 4500 899 4566 involverit
918 4499 1123 4565 extrinsecus
1135 4551 1141 4579 ,
1155 4498 1291 4587 fulgida
1310 4499 1370 4566 lux
1388 4501 1585 4591 impleverit

255 4614 460 4682 intrinsecus
477 4632 484 4678 :
504 4609 667 4676 sedidem
682 4612 731 4674 est
745 4604 872 4696 pluria,
890 4605 984 4693 quod
1001 4608 1118 4671 11111111.
1133 4610 1217 4671 Vere
1235 4611 1347 4673 tamen
1359 4606 1450 4674 idem
1466 4616 1585 4675 auctor

256 4725 387 4800 monet,
411 4722 606 4808 portentum
633 4716 699 4781 hoc
720 4713 822 4778 fuisse
848 4713 921 4777 eius
942 4738 957 4770 α
987 4711 1123 4777 divinae
1150 4716 1365 4800 praesentiae
1383 4716 1522 4800 signum
1546 4742 1579 4795 1,

256 4850 359 4912 quam
379 4832 464 4893 Deus
483 4822 611 4913 populo
627 4827 718 4904 25,8.
742 4822 920 4901 11;19,13
943 4840 1017 4906 sqq.
1040 4818 1261 4907 promiserat,
1284 4820 1341 4886 sed
1368 4828 1442 4909 post
1460 4823 1583 4889 adora-
