3534 5384
712 474 760 517 nx.
786 459 854 530 lai
880 476 946 527 800·
1437 458 1494 523 ¹⁰7
1599 494 1601 497 '
1637 536 1642 551 ,-
1707 464 1752 485 ’

162 608 249 675 Gaia
266 604 428 695 parvalis
450 605 627 673 nostriset
651 606 841 674 senioribus
857 616 1060 697 perqamus,
1083 630 1162 675 eam
1178 608 1264 699 filiis
1284 621 1318 676 et
1332 609 1493 699 filiabus,

159 733 238 779 ciem
260 712 377 779 coibas
399 724 432 778 et
450 712 617 779 armentis
643 742 677 798 o,
699 715 723 779 i.
752 737 782 780 e.
805 736 883 781 cum
909 715 1068 782 omnibus
1094 716 1252 795 omnino,
1281 737 1364 803 ergo
1391 718 1493 785 etiam
1649 714 1764 811 =72‘.·

158 841 236 886 eum
251 817 424 886 uxoribus.
444 846 461 879 «
481 822 543 886 Est
560 819 653 886 enim
666 820 870 887 solemnitas
881 820 1024 888 Domini
1041 823 1105 887 Dei
1120 821 1230 889 nostri
1247 850 1280 906 »,
1297 822 1351 889 cui
1374 844 1496 891 omnes
1585 904 1586 907 Ἴ
1650 874 1660 899 ,η
1707 816 1763 912 ‚

159 926 320 993 interesse
349 924 491 1007 debent,
519 925 763 1017 offerendaque
785 933 864 995 sunt
890 928 1026 995 diversa
1054 928 1235 1011 animalia;
1265 928 1323 996 sed
1348 951 1438 1018 quae
1461 936 1495 996 et

159 1037 243 1121 quot
255 1055 296 1098 ea
310 1033 392 1114 sint,
410 1032 627 1119 ignoramus3
646 1056 754 1123 quare
772 1036 888 1101 omnia
902 1044 980 1103 sunt
993 1032 1197 1101 adducenda
1214 1032 1288 1123 (Syl
1310 1036 1347 1123 .).
1365 1035 1493 1103 Solem-

159 1138 304 1205 nitatem
321 1138 494 1205 indixerat
513 1142 599 1206 [teus
617 1145 713 1223 3‚12;
731 1140 833 1207 simul
850 1140 1083 1230 praedixerat,
1100 1163 1170 1209 non
1190 1163 1268 1208 suas
1287 1141 1415 1223 solum,
1433 1142 1493 1209 sed

159 1244 407 1335 Aegyptiorum
421 1244 524 1312 etiam
539 1266 593 1312 res
612 1246 787 1314 ablaturos
802 1253 880 1328 331
899 1268 951 1337 sq.
969 1247 1128 1315 Ultimam
1150 1248 1285 1338 utique,
1302 1270 1363 1315 cur
1378 1248 1493 1314 omnia

158 1374 273 1418 seeum
289 1351 454 1432 abducat,
467 1351 638 1419 rationem
648 1354 770 1419 reticet
780 1358 922 1440 Moyses,
936 1354 1119 1421 consilium
1130 1376 1201 1421 non
1210 1352 1388 1421 redeundi.
1401 1376 1433 1421 v.
1451 1362 1491 1421 10

161 1486 176 1519 a
204 1460 248 1524 Et
267 1455 443 1548 respondit
462 1457 598 1526 Pharao
614 1479 627 1526 .·
643 1460 703 1525 Sic
722 1458 890 1526 Dominus
904 1461 946 1526 sit
961 1460 1151 1542 uobiscum,
1173 1459 1342 1550 qaromodo
1358 1483 1421 1549 epo
1441 1460 1492 1527 di·

159 1565 297 1632 mittam
323 1587 379 1630 aas
398 1565 607 1654 etparvalos
628 1578 754 1632 vestros
782 1593 812 1633 n.
840 1595 856 1627 «
881 1567 1042 1634 Formula
1068 1573 1118 1633 est
1132 1566 1389 1655 imprecatoria,
1413 1589 1491 1634 cum

137 1670 311 1761 ,quadam
329 1670 486 1738 irrisione
509 1700 525 1733 »
548 1672 712 1761 (Haase).
733 1701 749 1735 «
773 1674 873 1751 Quasi
897 1673 989 1741 dieat
1011 1678 1108 1741 :Non
1133 1672 1303 1740 dimittam
1331 1694 1390 1739 vos
1411 1695 1491 1739 cum

158 1780 323 1868 parvulis.
341 1778 407 1845 Sed
426 1778 508 1845 dum
527 1778 595 1845 illis
610 1778 701 1846 male
715 1801 750 1846 se
766 1779 901 1869 precari
919 1786 1032 1871 putat,
1051 1777 1255 1869 imprudens
1270 1778 1359 1847 hene
1374 1801 1491 1870 preca-

159 1892 216 1950 tur
236 1904 244 1952 :
265 1905 349 1952 nam
365 1889 451 1951 Deus
464 1889 496 1951 et
511 1884 630 1951 eduxit
643 1885 721 1952 illos
735 1890 770 1952 et
787 1885 919 1953 adiuvit
938 1914 954 1947 »
976 1885 1065 1975 (Mal
1088 1885 1126 1975 ..)
1151 1914 1167 1945 «
1185 1884 1250 1953 Gai
1262 1885 1403 1952 arabiam
1421 1898 1486 1971 est,

161 1989 255 2080 arrad
270 1990 417 2079 pessime
431 1989 612 2080 capitatis?
634 2020 649 2051 s

194 2200 273 2249 lletr.
289 2212 298 2247 :
314 2199 418 2259 Videte,
435 2201 563 2261 quoniam
576 2198 686 2249 matitia
700 2205 738 2249 eet
754 2213 854 2260 eoram,
869 2212 920 2251 seu
936 2208 973 2250 eet
988 2206 1082 2264 pateas
1097 2202 1127 2250 ia
1141 2198 1211 2264 seete
1229 2206 1328 2249 vestra.
1345 2200 1431 2251 Recte
1447 2212 1493 2251 ex-

159 2288 243 2352 plicat
259 2287 354 2338 Chald.
371 2302 380 2337 .·
396 2288 520 2348 malitia,
537 2302 617 2351 qaam
631 2288 719 2352 {acere
734 2288 886 2339 intenditis.
902 2290 965 2339 lxx
979 2303 987 2338 .·
1002 2282 1067 2338 ἴδετε
1086 2286 1124 2339 ὅτι
1143 2285 1249 2356 πονηρία
1267 2286 1406 2355 apostatici
1420 2283 1490 2355 ipis.

163 2393 174 2423 ι
192 2376 308 2437 Videte,
323 2375 428 2426 malum
446 2390 482 2427 ex
500 2376 572 2427 lacis
590 2383 686 2427 vestra
704 2377 880 2440 dignoscitur
900 2374 1032 2452 ’im-ia
1050 2378 1116 2427 dum
1137 2378 1207 2429 haec
1225 2376 1311 2429 iacies
1330 2378 1491 2440 generalem
1586 2436 1590 2443 ³

160 2466 279 2515 exodum
292 2466 415 2527 postulat
429 2466 513 2529 atque
528 2467 568 2515 ita
581 2466 730 2516 eonsilium
743 2478 801 2516 non
815 2466 952 2517 redeundi
967 2465 1136 2517 manilestat.
1155 2466 1211 2517 Alii
1224 2478 1231 2515 ε
1246 2467 1351 2517 malum
1370 2473 1412 2517 est
1427 2472 1493 2517 anto

159 2554 258 2604 taciem
270 2558 407 2615 uestram,
424 2556 444 2603 i.
460 2566 485 2603 e.
502 2556 606 2604 malum
621 2554 775 2605 intenditis.

202 2759 235 2804 v.
265 2743 306 2804 11
333 2766 349 2799 a
373 2740 452 2805 Noa
480 2737 541 2825 fiat
567 2739 634 2818 ita,
660 2736 721 2804 sed
743 2737 789 2804 ite
812 2750 947 2805 tantam
973 2738 1041 2805 viri
1065 2750 1097 2805 et
1116 2738 1307 2827 sacrificate
1329 2738 1475 2803 Domino

159 2845 230 2909 Hoc
253 2844 344 2910 enim
366 2857 399 2910 et
425 2843 494 2933 ipsi
509 2843 647 2933 petistis
671 2862 705 2923 »3
727 2844 858 2934 petistis
881 2844 1091 2925 sacrificare,
1116 2845 1160 2911 ad
1180 2844 1386 2911 sacrificium
1413 2844 1493 2910 satis

158 2955 238 3016 sunt
261 2950 337 3016 viri.
363 2977 379 3012 a
408 2951 600 3040 Statimque
629 2950 728 3017 eiecti
746 2963 827 3017 strat
848 2949 890 3017 de
915 2963 1095 3041 conspecta
1115 2949 1305 3017 Pharaonis
1330 2975 1360 3016 o.
1382 2948 1492 3016 Etiam

157 3056 194 3121 in
218 3055 271 3121 his
297 3055 527 3146 deprehendit
554 3056 704 3124 ironiam
730 3057 821 3139 Keil,
846 3056 940 3147 quod
966 3056 1061 3124 illico
1085 3056 1244 3123 homines
1273 3056 1404 3123 Pharao
1424 3078 1494 3121 non

159 3161 252 3228 ultra
272 3163 407 3231 auditos
429 3162 593 3230 dimittat.

205 3290 237 3335 v.
257 3275 298 3335 12
325 3297 341 3330 a
368 3270 466 3336 Diait
491 3283 607 3336 aretem
624 3272 788 3336 Dominus
807 3269 857 3336 ad
874 3272 1041 3358 Moysen:
1066 3266 1221 3336 Eateada
1240 3291 1382 3335 trititiam
1398 3282 1494 3335 trram

159 3396 261 3463 sepiar
284 3386 411 3442 terram
431 3376 583 3465 Aepypti
596 3375 645 3441 ad
664 3376 845 3461 locustam,
865 3389 904 3443 al
921 3376 1199 3466 ascendatsaper
1215 3398 1289 3442 eam
1305 3389 1337 3441 et
1358 3375 1495 3442 decoret

160 3503 295 3548 amnem
309 3482 463 3569 herbam,
491 3504 579 3572 qaae
598 3482 738 3550 residua
751 3484 863 3571 suerit
881 3482 1051 3573 praedici
1071 3510 1101 3549 o.
1130 3485 1221 3549 LXX
1240 3485 1335 3551 Sane.
1363 3481 1496 3549 addunt

157 3600 192 3653 et
211 3609 346 3655 emicem
361 3589 512 3676 fractam
532 3591 704 3656 arborum.
725 3590 939 3658 construitur
957 3589 992 3657 h.
1021 3590 1046 3657 l.
1064 3613 1130 3663 sp
1146 3613 1226 3670 aas,
1247 3588 1298 3655 uti
1318 3587 1402 3655 alias
1426 3577 1493 3653 ahu

158 3710 180 3757 2
194 3709 244 3767 tl,
263 3694 353 3783 quod
364 3696 536 3782 signifieat
546 3694 729 3763 extendere
740 3718 883 3777 manum
896 3718 974 3763 eum
990 3696 1112 3763 effectu
1127 3695 1245 3785 aliquo
1260 3700 1294 3762 et
1308 3695 1490 3775 violentia,

157 3800 241 3867 dum
255 3789 294 3868 ht
308 3818 339 3865 ir
357 3790 424 3866 nie
439 3801 642 3891 simpliciter
664 3802 835 3889 signifieat
850 3802 1032 3871 extendere
1048 3823 1202 3869 manum.
1229 3800 1329 3891 Vola.
1348 3800 1495 3868 feliciter
1527 3786 1533 3797 “

154 3908 256 3972 vertit
267 3906 325 3990 ad,
346 3936 362 3970 a
374 3908 472 3997 quasi
482 3930 608 3975 vocans
624 3909 793 3976 locustam
811 3936 827 3969 o
842 3909 960 3999 (Post.)
974 3906 1075 3997 eique
1091 3922 1195 3975 manu
1212 3913 1346 3974 extensa
1365 3907 1495 3973 violen-

157 4012 242 4079 tiam
256 4013 422 4082 iuferens
439 4021 513 4081 v13
531 4042 547 4075 «
565 4017 611 4080 Et
621 4014 775 4081 extendit
788 4017 921 4105 Moyses
933 4016 1068 4104 eirpam
1084 4037 1186 4104 saper
1196 4026 1322 4080 terram
1332 4012 1493 4103 Aeqppti,

155 4131 191 4184 at
203 4119 369 4187 Donriaas
383 4120 534 4187 addimit
548 4133 688 4187 ventam
703 4133 858 4189 terentem
873 4150 889 4182 o
898 4174 909 4205 ,
927 4122 1032 4207 vulgo
1044 4120 1191 4188 sciroeco
1207 4120 1353 4201 dietum,
1370 4117 1411 4185 de
1426 4142 1495 4209 quo

153 4224 343 4312 agebamus
358 4226 402 4292 ad
417 4228 491 4294 lud.
516 4234 610 4310 5‚21,
634 4255 649 4289 a
675 4238 746 4294 tota
762 4227 817 4294 die
839 4227 903 4295 illa
926 4256 942 4289 »
968 4228 1119 4317 reliqua,
1138 4249 1206 4316 qua
1231 4230 1357 4314 Moyses
1377 4232 1496 4311 egerat

155 4353 235 4398 eum
246 4333 434 4414 Pharaone,
455 4362 471 4395 «
487 4346 520 4399 et
533 4348 633 4401 nocte
650 4363 681 4415 n,
696 4341 736 4402 ut
749 4356 872 4401 revera
886 4336 1036 4403 locustae
1051 4332 1225 4401 adfuerint
1242 4360 1258 4393 «
1273 4353 1347 4398 eras
1362 4359 1377 4393 o
1397 4331 1441 4421 (v.
1463 4332 1495 4418 li)

155 4459 215 4504 seu
234 4439 391 4527 sequenti
411 4462 514 4507 mane
540 4464 547 4506 :
567 4469 584 4504 a
610 4454 643 4507 et
662 4464 766 4508 mane
787 4440 886 4528 saeta
906 4453 1025 4508 reatae
1044 4462 1146 4506 areas
1161 4437 1286 4505 lavavit
1301 4438 1448 4505 laetatos
1463 4468 1493 4505 n.

157 4548 320 4611 Locustae
338 4568 504 4636 persaepe
522 4568 561 4613 ex
583 4549 765 4637 Aethiopia
783 4548 821 4615 in
840 4552 1036 4637 Aegyptum
1057 4546 1275 4613 devehuntur
1296 4567 1304 4611 ε
1324 4564 1436 4633 neque
1456 4566 1496 4611 ea

154 4658 273 4717 tamen
291 4657 341 4718 est
359 4652 531 4720 sufficiens
550 4653 638 4721 ratio
655 4675 733 4752 arip
752 4654 908 4721 vertendi
929 4661 1030 4739 νὲτον,
1050 4651 1110 4719 sed
1130 4656 1181 4718 est
1200 4655 1322 4717 ventus
1341 4650 1493 4717 orienta-

157 4755 213 4837 lis,
232 4778 315 4844 ergo
331 4781 348 4825 e
375 4758 541 4826 Sinaitide
565 4782 625 4827 seu
646 4760 771 4827 Arabia
790 4760 889 4826 ilaue.
908 4782 940 4827 v.
965 4765 1005 4825 lt
1023 4786 1039 4820 «
1061 4760 1129 4839 Qui
1145 4756 1374 4824 (ascenderant
1393 4778 1494 4845 saper

158 4863 354 4931 eiairersam
365 4879 490 4931 terram
504 4867 671 4956 Aeappti,
690 4879 722 4931 rt
733 4866 893 4933 sederim!
909 4865 946 4932 ia
962 4864 1095 4931 attactis
1106 4863 1235 4952 finieris
1246 4860 1494 4952 Aeqpptioram
