3534 5384
280 448 339 508 511
837 463 925 508 arsen
945 463 1055 508 secun.

315 600 437 650 Notabat
455 600 512 649 iam
532 599 602 661 Cat,
616 599 740 650 sabbatis
755 599 897 663 prohiberi
912 613 1023 650 omnem
1038 580 1158 662 11911513,
1168 601 1198 650 in
1215 599 1294 652 lestis
1309 613 1375 652 vero
1388 601 1479 652 solam
1495 602 1605 658 naabi:

280 695 374 750 nibli,
396 691 546 752 monetque
564 690 615 749 Sa,
636 692 711 739 carte
733 688 839 740 licitum
858 689 944 740 tuisse
964 689 1041 741 eibos
1057 701 1157 754 parare
1178 685 1237 756 (Ex.
1259 689 1360 758 1216).
1376 689 1447 742 (ium
1466 695 1525 750 'izi
1545 693 1603 743 im·

279 779 378 843 primis
392 778 427 829 de
442 775 614 840 oprteuttara
627 777 812 840 praedicetur,
828 779 889 828 eius
903 790 989 841 opera
1008 778 1129 829 inhiberi
1145 779 1241 829 censet
1252 778 1358 838 Dittm.,·
1369 791 1433 830 cum
1451 791 1518 832 vero
1532 779 1609 832 idem

279 867 395 918 verbum
410 868 495 916 etiam
509 880 588 915 sacro
601 866 688 930 [acere
701 865 854 930 significet,
871 868 937 918 binc
951 879 1067 920 erronee
1081 868 1145 916 liii
1157 863 1230 934 ἔργον
1243 862 1387 934 λατρευτόν.
1400 893 1436 907 -
1452 866 1608 932 Sequenti·

279 957 332 1007 bus
345 955 506 1019 ambigitur,
522 957 615 1004 utrum
632 960 696 1013 inii
708 955 873 1005 vertendum
892 957 929 1005 sit
948 955 1103 1020 manipulus
1119 952 1207 1021 (Vutp.
1224 955 1294 1023 ixii
1311 969 1348 1006 an
1362 969 1493 1008 mensura
1507 971 1603 1020 pomer

280 1042 353 1113 (Sar.
370 1050 446 1104 anx
462 1040 547 1110 Cat),
564 1056 638 1107 quae
655 1045 698 1094 est
710 1045 787 1094 vocis
806 1043 975 1106 significatio
989 1048 1132 1096 consueta.
1148 1044 1274 1095 Priorem
1293 1043 1528 1109 significationem
1543 1059 1603 1096 non

280 1132 364 1185 efficit
378 1137 472 1184 textus
486 1133 621 1184 obscurus
633 1131 682 1182 Iob
697 1131 789 1194 ii,10,
801 1133 898 1196 utique
911 1146 980 1184 vero
993 1139 1085 1185 textus
1099 1134 1182 1186 Deut.
1195 1133 1276 1195 aare
1283 1149 1291 1195 ;
1306 1139 1334 1185 et
1348 1134 1385 1187 ci.
1397 1134 1488 1186 cbaid.
1503 1141 1604 1194 annia

280 1226 308 1274 et
322 1227 421 1281 aaron
429 1223 577 1286 utramque
589 1220 824 1285 significationem
838 1222 979 1273 babentia.
994 1222 1088 1288 Boatr.
1100 1223 1227 1287 suggerit
1240 1222 1360 1276 tortasse
1373 1235 1458 1274 unam
1467 1223 1502 1274 ab
1516 1223 1609 1274 altera

279 1309 513 1375 significationem
527 1322 591 1361 esse
603 1309 765 1374 proiectam.
784 1311 837 1362 ios.
854 1310 930 1372 (Ant.
947 1311 999 1361 111.
1016 1311 1056 1362 10.
1072 1308 1096 1378 5)
1115 1325 1171 1364 non
1186 1313 1373 1376 manipulum,
1388 1312 1438 1364 sed
1451 1325 1551 1376 mmor
1570 1313 1609 1364 ad

280 1401 368 1451 altare
387 1413 449 1450 esse
463 1399 579 1450 allatum
593 1401 697 1450 sentire
710 1399 822 1450 videtur
838 1413 844 1448 :
861 1415 873 1446 ι
891 1399 1002 1451 Siceato
1021 1401 1162 1464 spicarum
1181 1400 1322 1465 manipulo
1343 1404 1371 1451 ct
1386 1403 1503 1452 contuso
1520 1401 1607 1465 atque

280 1502 297 1539 a
310 1486 462 1540 turturibus
476 1488 585 1539 borrets
598 1489 738 1552 purgatis,
755 1488 790 1538 ad
804 1489 892 1538 altare
907 1501 1060 1538 assaroaam
1079 1488 1140 1540 Deo
1158 1487 1293 1554 efferunt,
1311 1501 1344 1540 aa
1362 1489 1501 1554 pugillum
1514 1502 1607 1541 uuum

280 1591 316 1629 ex
329 1591 363 1629 eo
378 1578 408 1629 lu
420 1589 499 1629 ararn
515 1577 672 1628 inlicientes
687 1577 825 1640 reliquum
839 1577 875 1628 ad
889 1589 970 1628 usum
986 1578 1163 1629 sacerdotum
1177 1579 1339 1643 relinquunt
1355 1595 1379 1628 s.
1397 1577 1490 1630 Habes
1504 1579 1552 1630 bic
1565 1579 1609 1628 ri·

280 1673 340 1718 tum
352 1678 464 1731 quoque
478 1666 657 1729 descriptum,
673 1667 765 1730 qualis
778 1666 891 1731 Iosepbi
905 1669 980 1718 certe
994 1669 1121 1730 tempore
1134 1667 1345 1720 observabatur.

674 1874 708 1934 3.
732 1870 928 1935 Pentecoste
950 1874 1028 1936 Lev.
1054 1873 1210 1950 iae-aa.

324 2102 355 2148 v.
377 2087 397 2148 9
416 2106 432 2142 n
447 2084 660 2169 Luctatusque
672 2092 721 2146 est
735 2078 901 2147 Dominae
915 2079 963 2147 ad
974 2081 1116 2169 Moysen
1131 2078 1273 2152 diceas»
1293 2099 1300 2145 :
1319 2102 1351 2146 v.
1370 2087 1411 2147 10
1424 2107 1441 2142 n
1453 2083 1609 2172 Loquere

275 2186 361 2277 filiis
376 2186 485 2254 lsrael
502 2197 535 2253 et
551 2185 705 2267 dieesad
726 2208 782 2252 eos
801 2207 814 2252 .·
832 2187 919 2255 cnm
940 2185 1088 2275 inpressi
1099 2185 1242 2274 fueritis
1262 2199 1402 2270 terram,
1418 2207 1524 2276 qaam
1542 2209 1606 2277 eqo

278 2292 366 2360 dabo
377 2292 471 2360 vobis
485 2321 515 2375 a,
527 2331 572 2344 -
588 2293 643 2359 lex
654 2292 740 2359 haec
754 2291 901 2360 traditur
912 2314 982 2360 non
995 2294 1032 2358 in
1044 2293 1178 2360 deserto
1191 2292 1285 2360 Sinai
1300 2290 1412 2360 sedin
1427 2297 1518 2360 terra
1533 2317 1615 2384 pro-

276 2400 379 2467 missa
392 2395 624 2481 observande;
641 2420 713 2465 non
726 2399 808 2466 hine
826 2398 979 2488 sequitur
996 2399 1098 2466 fuisse
1119 2399 1258 2466 omnino
1278 2421 1383 2482 nova,
1401 2421 1480 2467 cum
1499 2406 1605 2468 antea

276 2506 347 2572 iam
364 2504 510 2572 Hebraei
526 2503 584 2594 (cf.
600 2508 682 2571 Gen.
696 2505 812 2593 atita)
823 2558 831 2589 ,
843 2504 1061 2594 probabilius
1075 2506 1179 2573 etiam
1205 2506 1242 2572 in
1258 2509 1414 2596 Aegypto
1433 2526 1538 2593 agros
1552 2529 1610 2574 se-

276 2609 404 2696 verint,
426 2611 617 2702 populique
633 2610 822 2700 antiquitus
842 2611 1002 2702 plerique
1017 2611 1193 2679 occasione
1216 2611 1332 2680 messis
1347 2613 1432 2680 leste
1446 2611 1608 2680 celebra-

276 2718 402 2802 verint,
423 2720 492 2786 ritu
515 2719 589 2786 siue
613 2718 719 2785 dubio
745 2741 766 2785 a
791 2719 980 2786 maioribus
1000 2717 1141 2786 tradito.
1162 2717 1247 2796 Quia
1269 2741 1372 2809 porro
1393 2723 1605 2808 pentecostes

276 2831 412 2916 tempus
432 2849 453 2893 a
467 2826 629 2915 paschate
644 2830 874 2916 computatur,
890 2825 1019 2915 pascha
1038 2828 1154 2893 messis
1174 2826 1312 2893 initium
1336 2826 1440 2893 habet
1456 2827 1507 2893 uti
1522 2847 1612 2916 pen-

277 2937 417 3001 tecostes
435 2933 559 3017 finem,
576 2931 761 3022 messisque
775 2938 968 3023 pentecoste
985 2932 1191 3022 complenda
1210 2931 1395 3000 inchoatur
1414 2933 1608 3022 primorum

279 3040 537 3129 manipulorum
547 3038 585 3106 in
604 3039 766 3129 paschate
781 3038 970 3123 oblatione,
989 3039 1067 3106 ideo
1084 3041 1119 3106 h.
1135 3039 1160 3106 l.
1179 3038 1223 3106 ad
1237 3038 1366 3127 paseha
1383 3038 1473 3106 redit
1492 3040 1605 3106 oratio

280 3187 325 3198 -
337 3175 354 3210 a
374 3158 407 3214 et
420 3144 627 3214 messueritis
638 3157 797 3236 seqetem,
812 3143 932 3236 seretis
946 3143 1142 3235 manipnlos
1160 3173 1175 3204 a
1194 3144 1362 3213 -scribe
1377 3146 1590 3234 singularem
1605 3167 1614 3213 :

282 3254 516 3345 manipulum,
539 3275 598 3320 seu
621 3274 744 3340 gomor
765 3292 810 3302 —
829 3279 846 3316 κ
867 3251 1064 3342 [spicarum]
1080 3251 1256 3342 primitias
1278 3251 1395 3319 messis
1418 3264 1548 3318 vernae
1567 3249 1617 3318 ad

282 3359 491 3429 sacerdotem
512 3389 543 3428 a.
564 3358 736 3428 Hordeum
757 3358 853 3448 (los.)
874 3364 964 3442 erat,
984 3358 1077 3449 quod
1091 3359 1202 3425 tritico
1216 3357 1318 3427 citius
1336 3358 1615 3426 maturescehat:

285 3469 326 3534 ct.
351 3473 475 3553 tch.
497 3473 594 3551 21,9;
613 3467 704 3535 Ruth
732 3471 810 3552 lm
831 3470 866 3532 et
884 3471 977 3548 223.
1000 3489 1032 3532 v.
1063 3472 1102 3533 11
1126 3493 1142 3528 a
1162 3464 1230 3547 Qui
1243 3463 1386 3532 elevabit
1400 3464 1617 3555 fasciculam

287 3596 402 3640 ceram
422 3573 584 3658 Domino,
608 3584 647 3639 est
671 3571 880 3663 acceptabile
900 3573 944 3639 sit
961 3595 1027 3663 pro
1048 3573 1160 3654 vobis,
1185 3571 1292 3638 altero
1322 3569 1379 3638 die
1403 3570 1553 3654 sabbati,
1581 3585 1615 3638 et

288 3679 518 3769 sanctificabit
530 3680 629 3748 illam
645 3708 674 3748 s.
692 3679 786 3747 idem
801 3680 945 3747 verbum
959 3680 1118 3763 hebetur,
1136 3678 1230 3769 quod
1244 3678 1342 3746 initio
1357 3701 1488 3760 versus,
1506 3699 1594 3765 ergo
1614 3701 1621 3747 :

290 3788 454 3872 elevabit,
477 3785 642 3854 elevando
659 3787 727 3853 huc
740 3786 823 3853 illuc
842 3785 1009 3884 movebit.

327 4001 401 4052 Diem
411 4005 471 4065 post
485 3998 627 4049 sabbatam
647 3997 825 4061 explicabant
845 3997 908 4048 ln
928 4001 958 4064 τῇ
980 3991 1092 4062 ἐπαύριον
1107 3994 1150 4057 τῆς
1169 3993 1277 4060 πρώτης,
1292 3999 1319 4046 et
1334 3995 1387 4044 ios.
1403 3994 1423 4042 i.
1435 4007 1458 4042 a.
1474 3991 1549 4042 diem
1591 3991 1624 4040 ib

293 4092 382 4142 Nisan
397 4086 441 4156 (ct.
459 4085 549 4152 Tora.)
566 4099 573 4137 ε
587 4099 660 4152 quac
673 4087 834 4138 testimonia
846 4087 951 4136 invicte
962 4085 1091 4149 probant,
1106 4083 1225 4134 ludaeos
1239 4083 1408 4146 posteriores
1422 4081 1535 4131 nomine
1555 4080 1629 4130 sab·

295 4181 353 4229 batt
370 4179 544 4229 intellexisse
560 4177 680 4241 primam
698 4175 773 4226 diem
791 4186 965 4238 azymorum,
979 4186 1030 4238 pro
1045 4185 1101 4237 qua
1114 4185 1141 4221 v.
1154 4172 1169 4220 7
1184 4173 1303 4224 cessatio
1318 4184 1376 4222 non
1395 4170 1430 4220 ab
1445 4169 1522 4220 omni
1536 4181 1627 4233 opere

294 4267 345 4319 sed
361 4268 396 4318 ab
411 4280 495 4331 opere
514 4266 701 4330 agriculturae
720 4263 970 4327 praescribebatur.
988 4263 1023 4312 At
1042 4274 1133 4326 neque
1152 4274 1187 4312 ea
1205 4261 1243 4312 ibi
1261 4261 1375 4324 requies
1392 4271 1461 4309 voce
1480 4263 1552 4314 mii
1573 4271 1629 4308 ex-

294 4357 432 4422 primitur,
448 4369 540 4420 neque
555 4355 625 4405 baec
641 4366 723 4404 secus
736 4365 793 4402 vox
806 4353 890 4402 aliam
904 4353 1014 4414 praeter
1028 4349 1084 4400 diei
1099 4351 1210 4413 septimi
1225 4349 1350 4413 requiem
1369 4352 1417 4398 aut
1432 4346 1489 4398 alia
1506 4351 1627 4410 praeter

294 4447 413 4497 sabbata
426 4445 498 4496 testa
516 4445 656 4508 designat.
668 4441 739 4494 (tum
757 4454 825 4492 vero
838 4440 1010 4504 probabilius
1026 4439 1121 4489 ludaei
1135 4439 1304 4501 posteriores
1318 4434 1362 4505 (ci.
1379 4435 1579 4487 Kaebeabauer
1593 4437 1622 4486 in

294 4536 392 4586 blattb.
405 4533 494 4600 ibit)
508 4532 601 4598 quoad
615 4533 689 4584 diem
707 4530 865 4582 celebrandi
878 4529 1021 4593 paschatis
1033 4541 1052 4579 a
1064 4541 1132 4578 vera
1146 4529 1295 4578 traditione
1310 4525 1515 4586 aberraverint,
1529 4535 1629 4588 neque

294 4624 455 4676 eorumdem
471 4626 648 4686 pentecostes
661 4625 809 4685 computus
828 4619 985 4670 censendus
1004 4621 1046 4668 est
1065 4631 1127 4668 esse
1142 4617 1218 4667 omni
1233 4617 1397 4680 exceptione
1412 4616 1511 4666 maior.
1526 4639 1561 4648 -
1576 4616 1630 4662 Se-

294 4713 387 4774 bumt,
403 4712 643 4763 Samaritanorum
657 4708 798 4774 quondam
817 4712 894 4758 secta
910 4703 1057 4772 (Epipbaa.
1074 4721 1098 4756 c,
1113 4705 1197 4757 Haer.
1214 4705 1260 4767 ii;
1277 4705 1311 4755 11.
1327 4705 1370 4755 11.
1388 4703 1439 4754 232
1454 4715 1517 4768 sqq.
1530 4727 1568 4740 -
1583 4701 1629 4753 (ii.

292 4804 322 4849 P.
335 4803 366 4850 de
379 4801 498 4864 lopardi
512 4814 520 4849 .·
536 4799 750 4863 Mittbeilungen
765 4797 813 4847 iv.
833 4797 881 4846 133
897 4809 971 4860 sqq,
989 4795 1158 4859 Goeitingen
1174 4793 1264 4863 1891),
1282 4806 1388 4844 annum
1401 4791 1626 4844 ecclesiasticum

291 4889 375 4940 simui
390 4892 474 4952 atque
488 4889 601 4940 civilem·
618 4899 715 4940 mense
733 4887 852 4951 septimo
866 4885 887 4936 1.
903 4897 928 4936 e.
942 4885 1014 4935 Tisri
1028 4883 1217 4947 ordiebantur,
1232 4883 1405 4936 celebrantes
1419 4883 1478 4931 tum
1492 4879 1621 4944 primum
