3534 5384
733 373 783 421 ex,
806 361 880 431 ibt)
902 377 965 427 seo.
1452 359 1510 418 261

184 535 217 578 v.
234 520 254 578 9
273 538 288 572 u
310 512 412 577 loreto
433 531 568 576 orrrurm
592 505 857 576 similitudieem
880 507 1114 590 tabernaculi,
1130 507 1223 597 quod
1244 509 1422 576 ostendam
1435 509 1511 596 tibi,

183 632 216 686 et
231 618 383 685 orientum
406 637 568 683 vesorem
589 615 638 704 [ire
661 615 792 682 cultum
810 616 894 702 eius]
914 637 922 684 :
943 616 1057 704 sicque
1069 613 1205 702 facietis
1225 615 1358 682 illud».
1379 616 1509 706 Copula

183 730 262 792 ante
278 737 309 816 μ
329 746 399 791 non
419 728 468 790 est
484 722 637 789 versione
658 721 889 812 exprimenda.
912 723 1013 788 Hebe.
1037 743 1048 784 .·
1065 719 1263 788 Secundum
1282 744 1397 806 omne,
1418 723 1512 813 quod

184 854 248 921 epo
269 829 331 897 riti
346 828 539 910 ostendam,
551 827 726 917 erempler
743 826 957 894 tabernaculi
975 840 1006 894 et
1021 827 1198 916 exemplar
1212 829 1366 896 omnium
1385 832 1511 896 instru-

182 950 375 1005 mentorum
394 935 482 1019 eiue,
500 936 550 1001 sie
560 934 766 1024 ferietisvel
782 935 896 1021 series
917 933 1054 1024 (Sam).
1074 933 1121 1000 cf.
1144 957 1175 1001 v.
1197 941 1256 1018 '⁵⁰3
1271 941 1389 1018 eo‚303
1412 943 1507 1020 er,8;

180 1049 267 1114 Num
284 1049 358 1127 8,t;
376 1048 409 1110 et
423 1063 572 1132 suprap.
590 1047 667 1108 258.

668 1263 691 1294 α.
710 1247 760 1293 Res
771 1259 856 1292 sacrae
868 1245 915 1292 Ex.
934 1247 1035 1306 rae-40.

689 1391 720 1437 s.
739 1390 803 1434 urea
817 1388 864 1434 re.
884 1389 988 1448 rue-m.

226 1571 310 1657 ili-q.
338 1605 382 1616 -
406 1565 615 1632 Describitur
635 1587 668 1632 v.
699 1571 802 1632 10-16
822 1549 903 1632 area
930 1566 1005 1654 ipsa
1023 1587 1104 1632 eum
1125 1567 1261 1636 annulis
1281 1573 1315 1634 et
1339 1569 1507 1646 vectibus,

183 1697 214 1740 v.
238 1679 337 1741 17-21
355 1671 633 1762 propitiatorium
646 1693 725 1740 curn
740 1668 938 1739 Cherubim.
956 1677 1047 1750 Quae
1062 1670 1130 1738 duo
1145 1673 1301 1740 membra
1312 1674 1348 1740 iu
1363 1674 1510 1742 eandem

181 1804 213 1846 v.
237 1788 289 1847 16.
305 1786 345 1846 21
368 1779 558 1846 clausulam
572 1777 743 1845 desinunt.
764 1801 797 1844 v.
814 1784 857 1844 22
877 1777 1058 1859 describit,
1076 1779 1248 1867 quomodo
1265 1784 1351 1848 Deus
1369 1803 1411 1847 ex
1430 1803 1509 1850 arca

182 1886 350 1977 populum
363 1907 463 1952 suum
477 1885 521 1952 sit
535 1890 701 1951 recturus

221 2016 254 2060 v.
275 2000 315 2060 10
337 2020 353 2052 «
377 1994 504 2058 Areum
527 1990 569 2059 de
588 1991 694 2080 lienis
712 1992 809 2057 setim
828 1991 1056 2082 compiopite,
1079 1991 1179 2058 cuius
1196 1991 1372 2082 loupitrtdo
1387 1993 1510 2062 lubeat

182 2099 265 2166 duos
284 2111 317 2166 et
335 2098 583 2166 remiscebitur
603 2125 619 2159 »
638 2097 722 2186 (iere
744 2105 774 2164 1·
792 2099 958 2187 aleam),
979 2125 994 2158 «
1018 2097 1164 2164 latitudo
1180 2100 1331 2165 curbitum
1349 2113 1382 2166 et
1405 2099 1508 2168 dimi-

179 2206 274 2272 dium
293 2231 310 2267 »
333 2204 501 2294 (0·7875),
523 2231 539 2265 u
557 2203 707 2270 altitudo
727 2203 880 2270 corbitam
905 2204 1084 2292 [similiter]
1104 2227 1144 2270 ee
1163 2205 1337 2272 semissem
1357 2235 1386 2272 o.
1407 2207 1506 2274 Ratio

177 2313 284 2399 igitur
298 2317 406 2378 erut5
427 2317 475 2378 :3
496 2334 503 2379 :
525 2318 557 2377 3.
584 2334 617 2377 v.
639 2317 712 2376 11«
740 2313 785 2376 Et
799 2309 980 2376 deaurabis
994 2333 1070 2377 eam
1093 2339 1108 2372 »
1135 2351 1174 2362 -
1193 2313 1294 2379 Hebe.
1319 2313 1507 2403 :seperiu-

178 2418 279 2486 deees
293 2419 341 2499 ei,
360 2440 445 2504 ergo
458 2417 608 2483 laminae
623 2439 747 2483 aureae
763 2417 1122 2506 superinducebautur
1138 2419 1217 2506 (loe.
1238 2423 1315 2485 Ant.
1334 2424 1388 2487 lll.
1407 2425 1439 2486 6.
1458 2427 1477 2488 5
1496 2441 1504 2486 ε

177 2526 219 2592 ci.
238 2548 272 2590 n.
293 2524 326 2614 3)
344 2563 389 2574 -
409 2552 425 2585 α
446 2545 532 2589 orere
549 2520 773 2589 merodissimo
796 2553 830 2605 »,
848 2523 942 2612 quod
956 2523 1045 2589 nihil
1064 2525 1205 2592 omniuo
1226 2526 1360 2612 argenti
1376 2525 1505 2594 aliusve

176 2631 307 2701 metalli
323 2630 511 2698 admixtum
528 2630 688 2709 haberet,
711 2657 727 2690 e
745 2630 838 2696 intus
861 2641 895 2696 et
912 2630 1016 2719 soris;
1027 2630 1205 2720 seriesque
1224 2653 1329 2720 errpre
1344 2654 1506 2700 roronem

176 2759 386 2828 urereomper
405 2735 588 2802 circuitum
608 2764 623 2795 »
641 2735 702 2824 (un
716 2736 858 2818 rebord,
873 2736 947 2802 eine
964 2738 1088 2818 Leiste,
1112 2736 1277 2826 aledge).
1296 2743 1346 2804 Au
1361 2761 1378 2804 e
1393 2739 1507 2804 verbis

175 2844 358 2932 colligetur
372 2848 463 2909 totus
473 2841 533 2909 ille
551 2841 678 2908 limbus
692 2842 794 2908 luisse
810 2865 851 2909 ex
865 2864 952 2909 auro
974 2840 1095 2932 (eat),
1117 2865 1229 2933 neque
1249 2844 1360 2910 solum
1375 2865 1393 2909 e
1408 2843 1504 2930 ligno

175 2950 252 3018 auri
263 2949 539 3038 laminisoperto,
553 2971 623 3014 nou
635 2948 754 3037 liquet.
771 2948 1351 3041 Cingebutisquatuorarcaelatera
1369 2949 1501 3040 (Mem).

174 3056 268 3123 eutr
282 3054 352 3147 (ap.
372 3054 502 3143 Dillm.)
526 3061 655 3136 censet,
671 3043 736 3123 ubit
757 3077 827 3121 non
852 3055 985 3122 edicere
1008 3078 1087 3124 eum
1109 3056 1255 3123 limbum
1277 3055 1417 3124 affixum
1432 3079 1502 3124 esse

174 3164 315 3230 summis
327 3162 432 3248 lignis
445 3161 503 3228 sed
516 3162 655 3228 fortusse
667 3163 759 3228 eirea
771 3161 923 3228 medium
934 3162 999 3242 3ita
1010 3163 1113 3229 etiam
1127 3161 1328 3230 craticulam
1338 3170 1417 3248 27,5
1431 3186 1502 3230 non

173 3269 216 3336 ad
231 3289 402 3336 summum
423 3268 482 3334 sed
496 3268 540 3334 ad
556 3268 704 3335 medium
719 3268 960 3336 tantummodo
980 3269 1086 3335 altare
1101 3269 1289 3357 pertigisse.
1314 3275 1438 3337 Verum
1452 3270 1503 3336 ibi

172 3399 243 3442 non
264 3374 424 3442 scribitur
437 3364 489 3445 br,
514 3373 575 3440 sed
594 3389 648 3438 *rb
668 3389 716 3442 tr.
738 3374 877 3440 limbus
901 3375 959 3441 hie
980 3397 1062 3441 sune
1086 3375 1179 3442 idem
1199 3381 1267 3452 est,
1284 3379 1386 3465 atque
1406 3377 1501 3443 aurei

172 3483 224 3548 illi
244 3480 404 3549 cardines
426 3480 621 3569 (στρόφιγξι),
648 3481 774 3570 quibus
794 3487 876 3547 teste
896 3482 960 3547 loe.
984 3485 1121 3567 tegmen
1144 3481 1372 3570 coaptabatur
1386 3503 1497 3550 arcae.

171 3588 289 3656 Limbo
302 3615 318 3648 κ
330 3587 749 3676 tegebaturpropitiatorii
758 3609 836 3654 oum
847 3609 927 3655 arca
937 3589 1160 3654 commissura
1174 3616 1188 3648 »
1205 3587 1293 3678 (illel
1316 3587 1353 3676 ..)
1371 3618 1386 3649 «
1398 3591 1500 3678 Oper-

171 3693 286 3763 culum
299 3716 398 3761 arcae
412 3715 472 3760 seu
486 3694 767 3782 propitiatorium
783 3693 874 3761 iutra
898 3715 1063 3760 eoronam
1074 3694 1171 3760 illam
1185 3695 1381 3762 conclusum
1396 3695 1498 3762 fuisse

171 3802 308 3868 videtur
320 3828 334 3860 n
349 3801 482 3888 (leue).
501 3805 550 3867 lta
563 3800 713 3889 profecto
721 3800 937 3889 perspicitur,
952 3799 1028 3889 quis
1041 3802 1112 3866 eius
1127 3823 1272 3868 coronae
1282 3801 1386 3868 fuerit
1401 3823 1494 3883 usus3

171 3929 259 3996 quae
282 3908 309 3972 si
333 3906 481 3972 mediam
501 3927 618 3972 ercam
638 3905 994 3995 circumplectebatur,
1009 3906 1141 3973 inutilis
1160 3913 1245 3974 erat.
1264 3912 1369 3974 Porro
1384 3915 1496 3974 censet

172 4013 259 4097 Gai,
273 4034 389 4080 ercam
399 4011 493 4078 eliud
506 4018 643 4100 praeter
649 4013 926 4101 propitiatorium
936 4013 1096 4078 habuisse
1104 4013 1314 4102 operculum,
1328 4036 1396 4103 quo
1407 4013 1498 4080 clau-

168 4119 330 4200 debatur3
352 4118 434 4184 dum
450 4120 530 4200 loc,
553 4119 701 4207 quirem
719 4119 805 4185 scire
818 4123 972 4208 poterat,
992 4118 1075 4184 dicit
1091 4121 1203 4207 ipsum
1218 4119 1496 4209 propitiatorium

167 4225 268 4292 fuisse
288 4225 391 4292 etiam
413 4225 631 4313 operculum,
654 4231 688 4292 et
705 4227 797 4290 LXX
809 4249 841 4290 v.
869 4231 911 4292 17
927 4224 1205 4314 propitiatorium
1224 4225 1424 4316 simpliciter
1438 4249 1496 4294 vo-

169 4338 247 4399 cent
263 4339 405 4414 ἐπίθεμα,
426 4329 449 4395 i.
470 4352 500 4397 e.
518 4331 730 4420 operculum.

210 4461 243 4504 v.
263 4443 303 4504 12
325 4465 341 4499 ι(
359 4439 404 4502 Et
421 4464 437 4496 >›
449 4435 580 4524 [irrides
594 4437 627 4502 ei
642 4467 657 4496 «
674 4450 826 4526 perurerer
838 4437 982 4504 circulos
1000 4465 1029 4519 u,
1047 4437 1071 4503 i.
1089 4460 1119 4504 e.
1137 4437 1295 4525 cantelou,
1316 4465 1332 4500 u
1350 4463 1491 4522 eruere,

168 4565 441 4634 perosporreeper
457 4555 605 4631 qrretuor
624 4566 724 4610 meae
738 4543 881 4633 cepides
902 4572 931 4610 ».
950 4557 1014 4610 :rto
1031 4545 1132 4622 ictus,
1151 4543 1231 4610 hine
1251 4567 1391 4634 possus,
1413 4549 1495 4634 quia

166 4672 284 4740 passus
297 4652 366 4716 ietu
381 4648 477 4738 pedis
492 4649 678 4738 perficitur.
698 4655 723 4716 ,1
742 4672 842 4739 passu
859 4649 904 4716 ad
914 4649 1041 4738 perlem
1059 4649 1170 4716 facilis
1182 4650 1338 4717 transitio
1356 4673 1364 4719 :
1384 4657 1431 4717 Pe.
1451 4659 1492 4718 56

169 4757 254 4848 (57),
268 4764 300 4837 ῖς
310 4763 352 4824 57
364 4756 445 4844 (58),
458 4759 622 4837 113Cant.
632 4763 687 4838 7,1
704 4758 761 4844 (ip
774 4761 813 4822 ls.
825 4763 917 4836 26,6.
929 4761 1066 4838 Tamen,
1077 4756 1310 4824 necomilbeu
1321 4761 1411 4823 Erro
1424 4757 1490 4822 lul.
