3534 5384
734 450 783 495 xx.
808 434 859 502 8,3
882 450 948 502 sco.
1466 420 1504 498 93
1566 494 1567 497 ,
1613 476 1616 493 ι
1651 486 1746 513 a

172 590 348 675 Aegypten
362 608 398 674 p.
414 586 511 672 332),
532 586 565 649 et
579 582 622 650 ad
635 594 784 649 macti-as
802 582 945 671 (μάκτρα)
966 605 1025 649 seu
1050 583 1163 650 alveos
1180 585 1353 673 pistorios,
1371 588 1407 652 in
1425 586 1503 676 qui-

1657 640 1659 645 ·
1677 650 1691 679 „j
1701 640 1725 671 u¹
1742 650 1756 669 η

171 692 235 760 bus
254 713 364 759 massa
381 688 631 757 asservabatur.
652 692 744 756 Hanc
767 688 859 756 enim
881 710 952 755 esse
973 690 1065 756 vocis
1080 704 1202 754 nasus:
1223 692 1257 781 (a
1277 706 1362 763 usu,
1380 692 1501 781 massa)
1598 736 1607 761 .·
1688 707 1756 761 vi

172 798 460 886 significationem
469 801 503 864 et
513 794 632 865 Chald.
647 795 849 886 comprobat
858 817 994 885 semper
1005 804 1138 864 vertens
1150 812 1267 873 unius,
1280 803 1313 865 et
1323 797 1381 865 alii
1392 804 1503 868 textus

173 905 338 975 suadent:
354 908 409 971 Ex.
426 907 543 985 iusta
560 908 655 971 Dent.
672 908 766 983 28,5.
787 909 882 969 17-
894 929 910 965 a
930 913 961 969 et
972 902 1009 968 in
1027 900 1145 970 (tomos
1161 926 1332 971 servorum
1347 918 1500 986 tuorum,
1569 918 1572 931 '

174 1025 206 1078 et
220 1012 259 1078 ia
271 1011 444 1102 populum
459 1022 557 1076 tuum
565 1061 576 1093 ,
596 1021 630 1075 et
641 1008 680 1075 ia
698 1010 929 1097 suranorum,
950 1020 982 1075 et
998 1009 1035 1075 in
1054 1010 1219 1099 reliquias
1233 1010 1411 1098 [ciborum]
1428 1024 1504 1079 tuo-

174 1142 250 1185 rura
266 1144 296 1184 a.
322 1122 481 1204 Ingratus
508 1120 581 1183 crat
607 1137 773 1183 ranarum
787 1115 918 1206 ubique
941 1115 1138 1197 domorum,
1161 1115 1232 1183 imo
1254 1118 1290 1183 in
1310 1117 1393 1208 ipsis
1406 1118 1505 1185 lectis

173 1245 375 1307 concursus,
396 1222 566 1310 ingratior
584 1222 620 1288 in
635 1222 757 1288 furnos
776 1227 810 1289 et
829 1227 976 1289 mactras
990 1222 1154 1313 irruptio,
1173 1246 1243 1313 quo
1259 1224 1374 1291 etcibi
1386 1224 1505 1292 foeda-

174 1337 307 1415 rentur,
325 1337 359 1398 et
377 1328 587 1421 quandoque
606 1350 711 1395 ranae
728 1333 906 1396 emortuae
921 1328 958 1396 in
972 1328 1054 1419 ipsis
1069 1328 1154 1397 cibis
1179 1329 1426 1419 reperirentur.
1445 1332 1506 1398 Co·
1586 1414 1587 1417 Ἴ
1672 1422 1674 1425 Ι
1704 1320 1751 1413 ”sit

173 1438 263 1525 gito,
280 1458 386 1527 quam
403 1434 583 1503 munditiei
598 1441 752 1501 amantes
766 1433 896 1502 fuerint
909 1436 1078 1523 Aegyptii.
1097 1459 1128 1502 v.
1148 1441 1197 1501 t«
1217 1437 1262 1502 Et
1282 1437 1330 1503 ad
1344 1450 1394 1519 te,
1414 1449 1446 1503 et
1459 1436 1508 1519 od¹

171 1543 343 1634 populum
363 1554 478 1624 terune,
495 1552 527 1607 et
546 1540 594 1608 ad
608 1564 723 1607 onrnes
737 1562 848 1607 seinos
862 1552 939 1607 tuos
964 1541 1143 1609 intrabunt
1161 1564 1266 1610 ranae
1290 1570 1320 1611 ».
1342 1548 1448 1611 Nemo
1460 1544 1505 1611 ab

174 1673 215 1718 ea
231 1650 339 1741 plaga
351 1648 515 1715 immunis
533 1648 609 1715 erit.
627 1650 754 1714 Tamen
768 1647 940 1737 expressio
958 1648 1016 1736 (cf.
1032 1672 1064 1715 v.
1085 1655 1100 1714 1
1116 1653 1150 1715 et
1165 1652 1248 1716 Gen.
1268 1650 1359 1737 19,5)
1374 1671 1505 1741 nequa-

172 1778 277 1847 quam
290 1755 393 1823 edicit
413 1754 507 1843 (Ka.)
523 1775 624 1821 ranas
641 1755 677 1821 in
695 1753 788 1843 ipsas
806 1775 969 1843 personas
985 1776 1056 1821 csse
1076 1754 1281 1839 insulturus,
1304 1756 1398 1845 quod
1414 1778 1434 1823 a
1450 1779 1505 1823 ra·

175 1885 298 1930 narum
316 1859 432 1928 indole
454 1860 571 1951 potius
587 1859 768 1940 abhorret,
792 1859 850 1927 sed
873 1882 907 1927 v.
934 1867 953 1927 3
971 1858 1064 1927 dicta
1081 1861 1218 1952 repetit.
1237 1866 1409 1929 Ranarnm
1425 1885 1505 1930 vero

175 1971 212 2036 in
230 1968 352 2035 domos
369 1966 541 2055 ingressus
556 1988 626 2033 non
646 1972 720 2034 erat
736 1966 858 2055 (lost.)
881 1966 955 2033 veri
972 1967 1121 2034 nominis
1137 1967 1344 2035 miraculum
1360 1991 1368 2037 :
1387 1967 1504 2055 ingre·
1558 2030 1559 2033 ,

176 2074 373 2159 diebantur,
402 2074 499 2163 quia,
529 2095 608 2140 cum
634 2077 685 2139 tot
708 2079 820 2140 essent
837 2095 1000 2155 numero,
1023 2095 1135 2162 neque
1157 2074 1239 2141 satis
1264 2074 1365 2164 spatii
1389 2097 1501 2163 neque

176 2182 256 2249 satis
268 2179 424 2248 alimenti
440 2179 504 2246 sub
520 2178 600 2245 divo
615 2178 846 2270 reperiebant.

219 2310 252 2353 v.
272 2294 291 2354 5
308 2315 324 2349 u
343 2285 507 2376 Dixitque
520 2284 689 2352 Dominus
705 2283 753 2351 ael
770 2289 914 2374 Moysen
929 2306 942 2350 .·
959 2286 1021 2351 Die
1036 2283 1083 2353 ad
1094 2288 1213 2353 Aaron
1229 2309 1242 2354 :
1259 2286 1415 2353 listerule
1432 2312 1505 2355 rtru-

176 2416 260 2461 aum
275 2405 370 2459 tricia
386 2422 402 2453 »
417 2430 463 2442 -
475 2391 602 2481 reliqui
617 2413 693 2457 cunr
705 2391 806 2479 sirpo
818 2404 878 2457 tuo
896 2430 940 2441 -
954 2420 969 2451 u
987 2414 1090 2481 supa
1104 2392 1231 2481 ficarios
1248 2416 1288 2460 oc
1302 2416 1402 2484 seqrer
1418 2396 1506 2461 rie-or

177 2512 211 2567 et
220 2498 386 2591 petrides,
412 2510 445 2565 et
465 2496 550 2565 educ
571 2521 676 2564 ranas
694 2519 796 2589 super
816 2510 942 2571 terram
964 2499 1116 2589 Aeqypu'
1137 2526 1168 2568 a,
1189 2500 1291 2567 Addit
1310 2502 1406 2569 Sara.
1431 2505 1506 2569 :Et

177 2604 269 2675 dixit
285 2608 419 2695 Moyses
436 2604 484 2672 ad
497 2607 615 2671 Aaron
630 2627 643 2671 .·
657 2602 814 2671 Extende
834 2628 975 2671 inanum
992 2618 1086 2672 tuam
1102 2628 1178 2673 curn
1196 2606 1294 2697 virqa
1310 2620 1388 2691 tua,
1405 2620 1437 2674 et
1451 2632 1507 2675 as-

179 2712 328 2781 ceruloat
340 2734 448 2780 ranae
458 2734 560 2801 super
577 2722 701 2778 terram
716 2710 880 2801 Aepypti.
896 2734 929 2777 v.
943 2718 962 2778 6
981 2739 996 2772 u
1013 2714 1058 2779 Et
1067 2712 1221 2779 extendit
1235 2716 1352 2781 Aaron
1366 2736 1506 2783 mantua

177 2844 279 2911 super
293 2842 401 2909 aqueas
415 2818 582 2907 Aeqppti,
604 2829 637 2883 et
651 2816 877 2884 asceaaderunt
891 2838 997 2884 ranae
1012 2830 1285 2911 operueruntque
1300 2834 1425 2887 terram
1444 2824 1507 2887 Ae-

177 2927 278 3017 qypti
292 2953 322 2994 ».
343 2948 376 2993 v.
402 2932 422 2991 't
441 2952 458 2987 u
474 2928 641 2991 Fecerunt
656 2935 771 2991 autem
785 2936 818 2990 et
840 2924 993 3013 recalefici
1003 2948 1068 3015 prr
1094 2925 1344 2993 incantationes
1362 2949 1440 2993 suas
1458 2929 1507 2994 si-

179 3033 320 3116 militer,
337 3031 594 3120 eduxeruntque
608 3052 711 3098 ranas
726 3052 828 3119 szqrer
843 3041 969 3097 terrum
983 3031 1135 3123 Aepypti
1153 3060 1182 3099 ».

225 3163 256 3209 v.
279 3146 331 3207 8«
356 3133 494 3207 Vocoeit
508 3148 624 3205 autern
638 3135 774 3203 Pharao
794 3138 938 3227 Moysen
953 3149 987 3203 et
999 3139 1134 3218 Aaron,
1151 3150 1183 3205 et
1202 3137 1292 3206 aiau
1306 3140 1354 3206 eis
1375 3163 1387 3205 .·
1406 3143 1506 3209 Orate

179 3246 366 3314 Dominum
371 3297 383 3328 ,
399 3244 587 3332 utauferat
599 3266 703 3310 ranas
716 3266 738 3311 a
751 3266 805 3309 rue
820 3254 853 3309 et
866 3267 888 3309 a
904 3244 1034 3333 populo
1050 3264 1144 3329 rneo;
1159 3258 1191 3312 et
1208 3244 1383 3313 dirizittarn
1396 3270 1507 3339 popu·

181 3353 273 3436 lum,
296 3367 336 3419 ut
355 3350 528 3440 sacrificet
545 3349 691 3416 Domino
721 3378 750 3417 a.
774 3353 871 3416 Forte
900 3350 1073 3417 maleficos
1094 3358 1293 3438 rogaverat,
1320 3354 1413 3443 iique
1438 3377 1506 3422 non

179 3462 364 3551 potuerant
384 3478 485 3525 ranas
506 3457 653 3524 auferre.
671 3457 733 3535 Qui
757 3461 815 3542 5,·2
835 3457 998 3543 ignorare
1020 3478 1055 3525 se
1079 3460 1262 3526 Dominum
1286 3466 1359 3527 erat
1379 3462 1507 3551 profes·

179 3588 251 3648 sus,
273 3566 342 3632 iam
369 3564 465 3631 novit
496 3562 678 3630 Dominum
703 3584 722 3630 e
743 3562 909 3652 portentis
940 3563 995 3653 (cf.
1020 3564 1092 3647 7,5)
1114 3564 1158 3630 ab
1184 3586 1294 3654 eoque
1321 3566 1392 3633 solo
1411 3566 1507 3657 {salu-

180 3679 250 3739 tem
278 3670 429 3739 obtineri
456 3692 553 3760 posse
581 3668 751 3756 agnoscit.
773 3674 801 3735 Α
824 3668 928 3759 plaga
955 3670 1134 3756 sanguinis
1160 3670 1303 3738 liberari
1328 3694 1398 3742 non
1424 3677 1508 3764 peti-

180 3784 291 3860 verat,
312 3799 418 3866 quam
431 3799 491 3843 rex
508 3781 543 3842 et
557 3774 661 3842 aulici
685 3775 798 3842 minus
812 3782 1005 3858 senserant,
1024 3776 1103 3843 vino
1125 3776 1177 3845 usi
1191 3799 1255 3866 pro
1275 3783 1359 3868 potu
1377 3802 1385 3848 :
1405 3803 1508 3849 ranae

180 3907 261 3952 vero
279 3890 351 3951 tana
370 3882 493 3949 divites
519 3904 624 3971 quam
654 3903 824 3972 pauperes
853 3882 1071 3971 torquebant.
1099 3884 1147 3949 Cf.
1173 3886 1279 3971 Tost.‚
1307 3884 1403 3973 Splr.
1426 3910 1458 3953 v.
1487 3894 1506 3953 a

182 4020 197 4052 «
216 3990 382 4081 Dicitque
404 3992 538 4079 Moyses
558 3987 607 4054 ad
628 3986 846 4055 Plrcraoaern
870 4010 882 4055 :
908 3989 1081 4056 Constitue
1103 3988 1206 4073 aridi,
1229 3990 1367 4081 quando
1393 3990 1509 4082 depre-

180 4121 235 4165 eer
251 4121 318 4189 pro
344 4110 376 4163 te
399 4108 433 4162 et
445 4118 513 4187 pro
537 4095 639 4161 seruis
664 4094 730 4160 tuis
754 4107 787 4161 et
807 4114 871 4183 pro
889 4093 1022 4185 populo
1045 4108 1122 4177 tero,
1140 4108 1179 4161 ut
1193 4096 1378 4188 stipantur
1396 4128 1430 4183 n,
1451 4122 1509 4167 seu

182 4204 294 4272 verius
309 4203 539 4287 destruantur,
558 4229 574 4264 u
597 4224 704 4268 ranae
720 4225 742 4268 a
765 4213 797 4265 te
823 4212 855 4266 et
874 4224 896 4267 a
918 4200 1017 4267 donec
1047 4214 1107 4267 tuo
1129 4216 1161 4269 et
1183 4226 1204 4269 a
1224 4204 1330 4271 servis
1350 4205 1417 4273 tuis
1437 4219 1469 4273 et
1487 4232 1509 4275 a

178 4310 309 4401 popello
325 4323 400 4393 tuo,
416 4322 450 4376 et
468 4321 602 4377 tantuna
627 4307 666 4375 in
685 4306 834 4397 strenuae
855 4321 1055 4375 remaneant
1078 4336 1108 4376 a.
1130 4313 1205 4376 «Ut
1227 4315 1426 4401 potestatem
1451 4314 1509 4382 [tei

181 4416 412 4485 exterminatis
434 4439 500 4507 pro
533 4413 676 4482 arbitrio
705 4413 798 4481 ranis
825 4413 1076 4482 demonstraret
1098 4420 1238 4504 Moyses,
1261 4417 1429 4487 Pharaoni
1455 4421 1508 4487 in-

180 4524 283 4607 dixit,
299 4530 338 4590 ut
359 4531 487 4592 certam
509 4521 600 4589 diem
624 4520 668 4589 ad
688 4542 745 4588 eas
763 4520 1013 4589 interimendas
1037 4522 1240 4603 destinaret;
1266 4526 1360 4613 qnod
1381 4526 1425 4593 ab
1449 4528 1509 4596 illo

179 4631 308 4699 iactum
332 4636 382 4697 est
403 4629 544 4720 pariter,
563 4649 605 4694 ne
629 4628 724 4715 magi
744 4626 811 4695 sibi
833 4626 981 4714 gloriam
1003 4634 1223 4719 usurparent,
1243 4630 1369 4698 virtute
1391 4654 1450 4699 sua
1474 4656 1507 4700 se

181 4737 307 4804 bestias
326 4737 403 4803 illas
425 4734 639 4817 subduxisse,
665 4733 717 4801 vel
737 4738 941 4825 spargerent
958 4735 996 4801 in
1019 4735 1144 4821 vulgus
1163 4741 1284 4825 sponte
1303 4737 1468 4806 interiisse
1490 4767 1505 4801 a

183 4843 337 4933 (Calan).
