<?xml version="1.0" encoding="UTF-8"?>
<!DOCTYPE html PUBLIC "-//W3C//DTD XHTML 1.0 Transitional//EN"
    "http://www.w3.org/TR/xhtml1/DTD/xhtml1-transitional.dtd">
<html xmlns="http://www.w3.org/1999/xhtml" xml:lang="en" lang="en">
 <head>
  <title>
</title>
<meta http-equiv="Content-Type" content="text/html;charset=utf-8" />
  <meta name='ocr-system' content='tesseract 3.04.00' />
  <meta name='ocr-capabilities' content='ocr_page ocr_carea ocr_par ocr_line ocrx_word'/>
</head>
<body>
  <div class='ocr_page' id='page_1' title='image "./commentariusine00hummgoog/commentariusine00hummgoog_0017.png"; bbox 0 0 3534 5384; ppageno 0'>
   <div class='ocr_carea' id='block_1_1' title="bbox 260 421 1030 493">
    <p class='ocr_par' dir='ltr' id='par_1_1' title="bbox 260 421 1030 493">
     <span class='ocr_line' id='line_1_1' title="bbox 260 421 1030 493; baseline -0.006 0"><span class='ocrx_word' id='word_1_1' title='bbox 260 435 279 493; x_wconf 84' lang='lat'>6</span> <span class='ocrx_word' id='word_1_2' title='bbox 518 421 520 424; x_wconf 67' lang='grc'><strong>’</strong></span> <span class='ocrx_word' id='word_1_3' title='bbox 816 445 1030 490; x_wconf 77' lang='lat' dir='ltr'><strong>turnonocrro.</strong></span> 
     </span>
    </p>
   </div>
   <div class='ocr_carea' id='block_1_2' title="bbox 256 555 1594 1620">
    <p class='ocr_par' dir='ltr' id='par_1_2' title="bbox 256 555 1594 1620">
     <span class='ocr_line' id='line_1_2' title="bbox 260 555 1590 669; baseline -0.002 -20"><span class='ocrx_word' id='word_1_4' title='bbox 260 604 317 649; x_wconf 89' lang='lat' dir='ltr'><strong>eos</strong></span> <span class='ocrx_word' id='word_1_5' title='bbox 329 555 553 664; x_wconf 82' lang='lat' dir='ltr'><strong>confecerint,</strong></span> <span class='ocrx_word' id='word_1_6' title='bbox 571 579 631 669; x_wconf 92' lang='lat' dir='ltr'><strong>qui</strong></span> <span class='ocrx_word' id='word_1_7' title='bbox 652 578 797 647; x_wconf 84' lang='lat' dir='ltr'><strong>maxime</strong></span> <span class='ocrx_word' id='word_1_8' title='bbox 816 584 929 646; x_wconf 90' lang='lat' dir='ltr'><strong>sontes</strong></span> <span class='ocrx_word' id='word_1_9' title='bbox 947 579 1098 646; x_wconf 88' lang='lat' dir='ltr'><strong>fuissent.</strong></span> <span class='ocrx_word' id='word_1_10' title='bbox 1123 582 1191 644; x_wconf 82' lang='lat' dir='ltr'><strong>hux</strong></span> <span class='ocrx_word' id='word_1_11' title='bbox 1208 577 1398 645; x_wconf 89' lang='lat' dir='ltr'><strong>affunditur</strong></span> <span class='ocrx_word' id='word_1_12' title='bbox 1412 577 1517 669; x_wconf 91' lang='lat' dir='ltr'><strong>capiti</strong></span> <span class='ocrx_word' id='word_1_13' title='bbox 1537 586 1590 659; x_wconf 83' lang='lat'><strong>18,</strong></span> 
     </span>
     <span class='ocr_line' id='line_1_3' title="bbox 260 684 1592 780; baseline -0.003 -24"><span class='ocrx_word' id='word_1_14' title='bbox 260 688 352 780; x_wconf 90' lang='lat' dir='ltr'><strong>quod</strong></span> <span class='ocrx_word' id='word_1_15' title='bbox 372 687 513 779; x_wconf 91' lang='lat' dir='ltr'><strong>quidam</strong></span> <span class='ocrx_word' id='word_1_16' title='bbox 533 707 694 754; x_wconf 82' lang='lat' dir='ltr'><strong>censuere</strong></span> <span class='ocrx_word' id='word_1_17' title='bbox 713 686 782 772; x_wconf 80' lang='lat' dir='ltr'><strong>legi</strong></span> <span class='ocrx_word' id='word_1_18' title='bbox 808 684 882 752; x_wconf 92' lang='lat' dir='ltr'><strong>loco</strong></span> <span class='ocrx_word' id='word_1_19' title='bbox 901 707 970 751; x_wconf 93' lang='lat' dir='ltr'><strong>non</strong></span> <span class='ocrx_word' id='word_1_20' title='bbox 990 707 1062 752; x_wconf 87' lang='lat' dir='ltr'><strong>suo.</strong></span> <span class='ocrx_word' id='word_1_21' title='bbox 1080 686 1303 752; x_wconf 87' lang='lat' dir='ltr'><strong>Elucidautur</strong></span> <span class='ocrx_word' id='word_1_22' title='bbox 1325 685 1462 752; x_wconf 89' lang='lat' dir='ltr'><strong>minora</strong></span> <span class='ocrx_word' id='word_1_23' title='bbox 1484 684 1592 752; x_wconf 91' lang='lat' dir='ltr'><strong>dubia</strong></span> 
     </span>
     <span class='ocr_line' id='line_1_4' title="bbox 259 790 1590 886; baseline -0.003 -25"><span class='ocrx_word' id='word_1_24' title='bbox 259 795 371 886; x_wconf 91' lang='lat' dir='ltr'><strong>plura.</strong></span> <span class='ocrx_word' id='word_1_25' title='bbox 387 797 454 860; x_wconf 88' lang='lat' dir='ltr'><strong>Cur</strong></span> <span class='ocrx_word' id='word_1_26' title='bbox 467 794 560 880; x_wconf 79' lang='lat' dir='ltr'><strong>leges</strong></span> <span class='ocrx_word' id='word_1_27' title='bbox 575 792 712 882; x_wconf 79' lang='lat' dir='ltr'><strong>aliquae</strong></span> <span class='ocrx_word' id='word_1_28' title='bbox 728 790 772 881; x_wconf 88' lang='lat' dir='ltr'><strong>(v.</strong></span> <span class='ocrx_word' id='word_1_29' title='bbox 785 813 820 877; x_wconf 84' lang='lat' dir='ltr'><strong>g.</strong></span> <span class='ocrx_word' id='word_1_30' title='bbox 835 795 891 857; x_wconf 85' lang='lat' dir='ltr'><strong>Ex.</strong></span> <span class='ocrx_word' id='word_1_31' title='bbox 908 790 1147 879; x_wconf 57' lang='lat' dir='ltr'><strong>auat-2333)</strong></span> <span class='ocrx_word' id='word_1_32' title='bbox 1159 790 1222 858; x_wconf 83' lang='lat' dir='ltr'><strong>tali</strong></span> <span class='ocrx_word' id='word_1_33' title='bbox 1233 798 1401 880; x_wconf 90' lang='lat' dir='ltr'><strong>tempore,</strong></span> <span class='ocrx_word' id='word_1_34' title='bbox 1418 791 1505 858; x_wconf 90' lang='lat' dir='ltr'><strong>aliae</strong></span> <span class='ocrx_word' id='word_1_35' title='bbox 1521 791 1590 858; x_wconf 91' lang='lat' dir='ltr'><strong>alio</strong></span> 
     </span>
     <span class='ocr_line' id='line_1_5' title="bbox 258 897 1592 990; baseline -0.003 -22"><span class='ocrx_word' id='word_1_36' title='bbox 258 907 411 990; x_wconf 91' lang='lat' dir='ltr'><strong>tempore</strong></span> <span class='ocrx_word' id='word_1_37' title='bbox 430 899 499 966; x_wconf 88' lang='lat' dir='ltr'><strong>sint</strong></span> <span class='ocrx_word' id='word_1_38' title='bbox 516 898 773 989; x_wconf 79' lang='lat' dir='ltr'><strong>promulgatae,</strong></span> <span class='ocrx_word' id='word_1_39' title='bbox 788 897 1010 984; x_wconf 73' lang='lat' dir='ltr'><strong>intelligitur.</strong></span> <span class='ocrx_word' id='word_1_40' title='bbox 1030 897 1193 965; x_wconf 83' lang='lat' dir='ltr'><strong>Universa</strong></span> <span class='ocrx_word' id='word_1_41' title='bbox 1215 898 1319 964; x_wconf 91' lang='lat' dir='ltr'><strong>totius</strong></span> <span class='ocrx_word' id='word_1_42' title='bbox 1338 898 1421 964; x_wconf 92' lang='lat' dir='ltr'><strong>libri</strong></span> <span class='ocrx_word' id='word_1_43' title='bbox 1440 899 1592 965; x_wconf 91' lang='lat' dir='ltr'><strong>narratio</strong></span> 
     </span>
     <span class='ocr_line' id='line_1_6' title="bbox 258 1003 1593 1096; baseline -0.004 -21"><span class='ocrx_word' id='word_1_44' title='bbox 258 1009 414 1095; x_wconf 84' lang='lat' dir='ltr'><strong>vigorem</strong></span> <span class='ocrx_word' id='word_1_45' title='bbox 430 1005 553 1096; x_wconf 90' lang='lat' dir='ltr'><strong>accipit</strong></span> <span class='ocrx_word' id='word_1_46' title='bbox 565 1010 600 1073; x_wconf 90' lang='lat' dir='ltr'><strong>et</strong></span> <span class='ocrx_word' id='word_1_47' title='bbox 611 1005 757 1072; x_wconf 90' lang='lat' dir='ltr'><strong>colorem</strong></span> <span class='ocrx_word' id='word_1_48' title='bbox 768 1057 776 1088; x_wconf 96' lang='lat'><strong>,</strong></span> <span class='ocrx_word' id='word_1_49' title='bbox 788 1003 871 1071; x_wconf 89' lang='lat' dir='ltr'><strong>libri</strong></span> <span class='ocrx_word' id='word_1_50' title='bbox 886 1005 974 1071; x_wconf 90' lang='lat' dir='ltr'><strong>ratio</strong></span> <span class='ocrx_word' id='word_1_51' title='bbox 984 1004 1139 1071; x_wconf 88' lang='lat' dir='ltr'><strong>intimius</strong></span> <span class='ocrx_word' id='word_1_52' title='bbox 1150 1004 1366 1095; x_wconf 81' lang='lat' dir='ltr'><strong>perspicitur.</strong></span> <span class='ocrx_word' id='word_1_53' title='bbox 1382 1005 1472 1071; x_wconf 88' lang='lat' dir='ltr'><strong>Licet</strong></span> <span class='ocrx_word' id='word_1_54' title='bbox 1485 1005 1593 1090; x_wconf 80' lang='lat' dir='ltr'><strong>igitur</strong></span> 
     </span>
     <span class='ocr_line' id='line_1_7' title="bbox 259 1109 1593 1200; baseline -0.004 -19"><span class='ocrx_word' id='word_1_55' title='bbox 259 1121 373 1181; x_wconf 89' lang='lat' dir='ltr'><strong>nostra</strong></span> <span class='ocrx_word' id='word_1_56' title='bbox 391 1112 433 1178; x_wconf 91' lang='lat' dir='ltr'><strong>de</strong></span> <span class='ocrx_word' id='word_1_57' title='bbox 455 1110 668 1179; x_wconf 83' lang='lat' dir='ltr'><strong>sacerdotum</strong></span> <span class='ocrx_word' id='word_1_58' title='bbox 685 1112 999 1200; x_wconf 90' lang='lat' dir='ltr'><strong>praemosaicorum</strong></span> <span class='ocrx_word' id='word_1_59' title='bbox 1019 1111 1239 1178; x_wconf 81' lang='lat' dir='ltr'><strong>exstinctione</strong></span> <span class='ocrx_word' id='word_1_60' title='bbox 1256 1110 1458 1200; x_wconf 75' lang='lat' dir='ltr'><strong>hypothesis</strong></span> <span class='ocrx_word' id='word_1_61' title='bbox 1475 1109 1593 1196; x_wconf 79' lang='lat' dir='ltr'><strong>gravi-</strong></span> 
     </span>
     <span class='ocr_line' id='line_1_8' title="bbox 258 1217 1594 1308; baseline -0.003 -22"><span class='ocrx_word' id='word_1_62' title='bbox 258 1220 321 1287; x_wconf 90' lang='lat' dir='ltr'><strong>bus</strong></span> <span class='ocrx_word' id='word_1_63' title='bbox 336 1221 372 1286; x_wconf 95' lang='lat' dir='ltr'><strong>in</strong></span> <span class='ocrx_word' id='word_1_64' title='bbox 392 1218 467 1308; x_wconf 92' lang='lat' dir='ltr'><strong>ipso</strong></span> <span class='ocrx_word' id='word_1_65' title='bbox 481 1223 539 1285; x_wconf 85' lang='lat' dir='ltr'><strong>Ex.</strong></span> <span class='ocrx_word' id='word_1_66' title='bbox 561 1224 601 1284; x_wconf 86' lang='grc'><strong>19</strong></span> <span class='ocrx_word' id='word_1_67' title='bbox 627 1222 661 1284; x_wconf 88' lang='lat' dir='ltr'><strong>et</strong></span> <span class='ocrx_word' id='word_1_68' title='bbox 689 1223 732 1284; x_wconf 78' lang='lat'><strong>32</strong></span> <span class='ocrx_word' id='word_1_69' title='bbox 750 1221 843 1284; x_wconf 86' lang='lat' dir='ltr'><strong>textu</strong></span> <span class='ocrx_word' id='word_1_70' title='bbox 860 1217 1041 1286; x_wconf 89' lang='lat' dir='ltr'><strong>momentis</strong></span> <span class='ocrx_word' id='word_1_71' title='bbox 1057 1217 1236 1308; x_wconf 81' lang='lat' dir='ltr'><strong>fulciatur,</strong></span> <span class='ocrx_word' id='word_1_72' title='bbox 1259 1239 1329 1282; x_wconf 92' lang='lat' dir='ltr'><strong>non</strong></span> <span class='ocrx_word' id='word_1_73' title='bbox 1345 1217 1390 1283; x_wconf 93' lang='lat' dir='ltr'><strong>ob</strong></span> <span class='ocrx_word' id='word_1_74' title='bbox 1412 1217 1499 1284; x_wconf 88' lang='lat' dir='ltr'><strong>haec</strong></span> <span class='ocrx_word' id='word_1_75' title='bbox 1520 1217 1594 1284; x_wconf 92' lang='lat' dir='ltr'><strong>sola</strong></span> 
     </span>
     <span class='ocr_line' id='line_1_9' title="bbox 259 1322 1590 1417; baseline -0.002 -25"><span class='ocrx_word' id='word_1_76' title='bbox 259 1325 352 1392; x_wconf 92' lang='lat' dir='ltr'><strong>illam</strong></span> <span class='ocrx_word' id='word_1_77' title='bbox 373 1345 648 1417; x_wconf 77' lang='lat' dir='ltr'><strong>propugnamus,</strong></span> <span class='ocrx_word' id='word_1_78' title='bbox 675 1345 795 1391; x_wconf 89' lang='lat' dir='ltr'><strong>verum</strong></span> <span class='ocrx_word' id='word_1_79' title='bbox 819 1322 865 1390; x_wconf 94' lang='lat' dir='ltr'><strong>ob</strong></span> <span class='ocrx_word' id='word_1_80' title='bbox 889 1324 1078 1414; x_wconf 88' lang='lat' dir='ltr'><strong>plurimam</strong></span> <span class='ocrx_word' id='word_1_81' title='bbox 1107 1329 1141 1389; x_wconf 90' lang='lat' dir='ltr'><strong>et</strong></span> <span class='ocrx_word' id='word_1_82' title='bbox 1165 1325 1433 1414; x_wconf 85' lang='lat' dir='ltr'><strong>inexspectatam</strong></span> <span class='ocrx_word' id='word_1_83' title='bbox 1461 1323 1590 1405; x_wconf 92' lang='lat' dir='ltr'><strong>lucem,</strong></span> 
     </span>
     <span class='ocr_line' id='line_1_10' title="bbox 259 1428 1594 1523; baseline -0.004 -23"><span class='ocrx_word' id='word_1_84' title='bbox 259 1453 364 1523; x_wconf 89' lang='lat' dir='ltr'><strong>quem</strong></span> <span class='ocrx_word' id='word_1_85' title='bbox 382 1430 487 1498; x_wconf 91' lang='lat' dir='ltr'><strong>variis</strong></span> <span class='ocrx_word' id='word_1_86' title='bbox 506 1429 654 1498; x_wconf 86' lang='lat' dir='ltr'><strong>textibus</strong></span> <span class='ocrx_word' id='word_1_87' title='bbox 669 1436 702 1497; x_wconf 92' lang='lat' dir='ltr'><strong>et</strong></span> <span class='ocrx_word' id='word_1_88' title='bbox 717 1429 896 1498; x_wconf 90' lang='lat' dir='ltr'><strong>eventibus</strong></span> <span class='ocrx_word' id='word_1_89' title='bbox 911 1431 1159 1519; x_wconf 83' lang='lat' dir='ltr'><strong>universaeque</strong></span> <span class='ocrx_word' id='word_1_90' title='bbox 1180 1428 1389 1497; x_wconf 85' lang='lat' dir='ltr'><strong>narrationis</strong></span> <span class='ocrx_word' id='word_1_91' title='bbox 1403 1431 1530 1497; x_wconf 85' lang='lat' dir='ltr'><strong>rationi</strong></span> <span class='ocrx_word' id='word_1_92' title='bbox 1544 1430 1594 1496; x_wconf 87' lang='lat' dir='ltr'><strong>ai·</strong></span> 
     </span>
     <span class='ocr_line' id='line_1_11' title="bbox 256 1534 1352 1620; baseline -0.002 -16"><span class='ocrx_word' id='word_1_93' title='bbox 256 1536 382 1606; x_wconf 90' lang='lat' dir='ltr'><strong>fundit.</strong></span> <span class='ocrx_word' id='word_1_94' title='bbox 398 1541 484 1605; x_wconf 85' lang='lat' dir='ltr'><strong>Rem</strong></span> <span class='ocrx_word' id='word_1_95' title='bbox 498 1539 547 1605; x_wconf 90' lang='lat' dir='ltr'><strong>ita</strong></span> <span class='ocrx_word' id='word_1_96' title='bbox 560 1536 703 1620; x_wconf 89' lang='lat' dir='ltr'><strong>habere,</strong></span> <span class='ocrx_word' id='word_1_97' title='bbox 726 1536 780 1602; x_wconf 87' lang='lat' dir='ltr'><strong>vel</strong></span> <span class='ocrx_word' id='word_1_98' title='bbox 794 1535 1054 1603; x_wconf 88' lang='lat' dir='ltr'><strong>introductione</strong></span> <span class='ocrx_word' id='word_1_99' title='bbox 1068 1537 1134 1603; x_wconf 90' lang='lat' dir='ltr'><strong>hac</strong></span> <span class='ocrx_word' id='word_1_100' title='bbox 1151 1534 1352 1604; x_wconf 90' lang='lat' dir='ltr'><strong>edocebere.</strong></span> 
     </span>
    </p>
   </div>
   <div class='ocr_carea' id='block_1_3' title="bbox 258 1752 1597 3060">
    <p class='ocr_par' dir='ltr' id='par_1_3' title="bbox 258 1752 1597 3060">
     <span class='ocr_line' id='line_1_12' title="bbox 294 1752 1594 1818; baseline -0.001 -14"><span class='ocrx_word' id='word_1_101' title='bbox 294 1755 416 1815; x_wconf 84' lang='lat' dir='ltr'><strong>Quinam</strong></span> <span class='ocrx_word' id='word_1_102' title='bbox 430 1758 510 1806; x_wconf 88' lang='lat' dir='ltr'><strong>erant</strong></span> <span class='ocrx_word' id='word_1_103' title='bbox 523 1752 683 1804; x_wconf 89' lang='lat' dir='ltr'><strong>sacerdotes</strong></span> <span class='ocrx_word' id='word_1_104' title='bbox 695 1753 737 1803; x_wconf 91' lang='lat' dir='ltr'><strong>iili</strong></span> <span class='ocrx_word' id='word_1_105' title='bbox 751 1753 954 1818; x_wconf 83' lang='lat' dir='ltr'><strong>praemosaiei?</strong></span> <span class='ocrx_word' id='word_1_106' title='bbox 965 1752 1161 1804; x_wconf 82' lang='lat' dir='ltr'><strong>Sacerdotium</strong></span> <span class='ocrx_word' id='word_1_107' title='bbox 1170 1752 1253 1812; x_wconf 90' lang='lat' dir='ltr'><strong>iliud,</strong></span> <span class='ocrx_word' id='word_1_108' title='bbox 1265 1753 1310 1802; x_wconf 92' lang='lat' dir='ltr'><strong>uti</strong></span> <span class='ocrx_word' id='word_1_109' title='bbox 1327 1752 1414 1802; x_wconf 89' lang='lat' dir='ltr'><strong>etiam</strong></span> <span class='ocrx_word' id='word_1_110' title='bbox 1425 1753 1505 1815; x_wconf 80' lang='lat' dir='ltr'><strong>leges</strong></span> <span class='ocrx_word' id='word_1_111' title='bbox 1515 1764 1594 1816; x_wconf 79' lang='lat' dir='ltr'><strong>prae</strong></span> 
     </span>
     <span class='ocr_line' id='line_1_13' title="bbox 258 1840 1594 1904; baseline -0.003 -8"><span class='ocrx_word' id='word_1_112' title='bbox 258 1844 413 1904; x_wconf 84' lang='lat' dir='ltr'><strong>mosaicae,</strong></span> <span class='ocrx_word' id='word_1_113' title='bbox 434 1847 496 1894; x_wconf 88' lang='lat' dir='ltr'><strong>erat</strong></span> <span class='ocrx_word' id='word_1_114' title='bbox 519 1841 702 1893; x_wconf 87' lang='lat' dir='ltr'><strong>institutionis</strong></span> <span class='ocrx_word' id='word_1_115' title='bbox 725 1843 857 1892; x_wconf 79' lang='lat' dir='ltr'><strong>humanae</strong></span> <span class='ocrx_word' id='word_1_116' title='bbox 883 1854 969 1892; x_wconf 86' lang='lat' dir='ltr'><strong>:non</strong></span> <span class='ocrx_word' id='word_1_117' title='bbox 989 1842 1065 1892; x_wconf 88' lang='lat' dir='ltr'><strong>enim</strong></span> <span class='ocrx_word' id='word_1_118' title='bbox 1086 1841 1206 1892; x_wconf 87' lang='lat' dir='ltr'><strong>dabatur</strong></span> <span class='ocrx_word' id='word_1_119' title='bbox 1230 1842 1277 1892; x_wconf 82' lang='lat' dir='ltr'><strong>lex</strong></span> <span class='ocrx_word' id='word_1_120' title='bbox 1301 1840 1397 1892; x_wconf 74' lang='lat' dir='ltr'><strong>divim</strong></span> <span class='ocrx_word' id='word_1_121' title='bbox 1417 1842 1539 1904; x_wconf 82' lang='lat' dir='ltr'><strong>positiva</strong></span> <span class='ocrx_word' id='word_1_122' title='bbox 1558 1841 1594 1892; x_wconf 91' lang='lat' dir='ltr'><strong>ab</strong></span> 
     </span>
     <span class='ocr_line' id='line_1_14' title="bbox 260 1928 1594 1997; baseline -0.003 -13"><span class='ocrx_word' id='word_1_123' title='bbox 260 1931 348 1984; x_wconf 84' lang='lat' dir='ltr'><strong>Adam</strong></span> <span class='ocrx_word' id='word_1_124' title='bbox 371 1945 461 1996; x_wconf 86' lang='lat' dir='ltr'><strong>usque</strong></span> <span class='ocrx_word' id='word_1_125' title='bbox 483 1931 519 1982; x_wconf 91' lang='lat' dir='ltr'><strong>ad</strong></span> <span class='ocrx_word' id='word_1_126' title='bbox 539 1929 655 1994; x_wconf 79' lang='lat' dir='ltr'><strong>Moysen</strong></span> <span class='ocrx_word' id='word_1_127' title='bbox 679 1928 769 1993; x_wconf 72' lang='lat' dir='ltr'><strong>(Rom.</strong></span> <span class='ocrx_word' id='word_1_128' title='bbox 786 1929 871 1997; x_wconf 82' lang='grc'>5,13).</span> <span class='ocrx_word' id='word_1_129' title='bbox 889 1931 995 1994; x_wconf 77' lang='lat' dir='ltr'><strong>Legem</strong></span> <span class='ocrx_word' id='word_1_130' title='bbox 1018 1929 1148 1994; x_wconf 83' lang='lat' dir='ltr'><strong>intelligo</strong></span> <span class='ocrx_word' id='word_1_131' title='bbox 1176 1929 1272 1993; x_wconf 77' lang='lat' dir='ltr'><strong>legum</strong></span> <span class='ocrx_word' id='word_1_132' title='bbox 1295 1935 1434 1992; x_wconf 81' lang='lat' dir='ltr'><strong>systema,</strong></span> <span class='ocrx_word' id='word_1_133' title='bbox 1449 1941 1507 1980; x_wconf 94' lang='lat' dir='ltr'><strong>non</strong></span> <span class='ocrx_word' id='word_1_134' title='bbox 1527 1943 1594 1980; x_wconf 87' lang='lat' dir='ltr'><strong>vero</strong></span> 
     </span>
     <span class='ocr_line' id='line_1_15' title="bbox 258 2018 1595 2084; baseline -0.004 -13"><span class='ocrx_word' id='word_1_135' title='bbox 258 2033 343 2071; x_wconf 88' lang='lat' dir='ltr'><strong>unam</strong></span> <span class='ocrx_word' id='word_1_136' title='bbox 356 2019 478 2084; x_wconf 82' lang='lat' dir='ltr'><strong>aliquam</strong></span> <span class='ocrx_word' id='word_1_137' title='bbox 492 2020 599 2083; x_wconf 84' lang='lat' dir='ltr'><strong>legem,</strong></span> <span class='ocrx_word' id='word_1_138' title='bbox 614 2021 657 2070; x_wconf 93' lang='lat' dir='ltr'><strong>uti</strong></span> <span class='ocrx_word' id='word_1_139' title='bbox 672 2019 742 2070; x_wconf 84' lang='lat' dir='ltr'><strong>Gen.</strong></span> <span class='ocrx_word' id='word_1_140' title='bbox 757 2019 818 2080; x_wconf 83' lang='lat' dir='ltr'><strong>a‚i;</strong></span> <span class='ocrx_word' id='word_1_141' title='bbox 838 2018 927 2082; x_wconf 63' lang='lat' dir='ltr'><strong>inte.</strong></span> <span class='ocrx_word' id='word_1_142' title='bbox 945 2018 1141 2069; x_wconf 77' lang='lat' dir='ltr'><strong>Sacerdotium</strong></span> <span class='ocrx_word' id='word_1_143' title='bbox 1154 2019 1235 2080; x_wconf 91' lang='lat' dir='ltr'><strong>iilud,</strong></span> <span class='ocrx_word' id='word_1_144' title='bbox 1251 2019 1380 2082; x_wconf 92' lang='lat' dir='ltr'><strong>quoiam</strong></span> <span class='ocrx_word' id='word_1_145' title='bbox 1395 2019 1467 2069; x_wconf 85' lang='lat' dir='ltr'><strong>Abel</strong></span> <span class='ocrx_word' id='word_1_146' title='bbox 1481 2023 1510 2069; x_wconf 89' lang='lat' dir='ltr'><strong>et</strong></span> <span class='ocrx_word' id='word_1_147' title='bbox 1524 2018 1595 2070; x_wconf 85' lang='lat' dir='ltr'><strong>Cain</strong></span> 
     </span>
     <span class='ocr_line' id='line_1_16' title="bbox 259 2106 1594 2172; baseline 0 -14"><span class='ocrx_word' id='word_1_148' title='bbox 259 2109 456 2172; x_wconf 85' lang='lat' dir='ltr'><strong>iungebantur,</strong></span> <span class='ocrx_word' id='word_1_149' title='bbox 471 2107 636 2158; x_wconf 79' lang='lat' dir='ltr'><strong>haereditate</strong></span> <span class='ocrx_word' id='word_1_150' title='bbox 650 2107 761 2159; x_wconf 88' lang='lat' dir='ltr'><strong>videtur</strong></span> <span class='ocrx_word' id='word_1_151' title='bbox 775 2121 837 2158; x_wconf 89' lang='lat' dir='ltr'><strong>esse</strong></span> <span class='ocrx_word' id='word_1_152' title='bbox 852 2109 1057 2159; x_wconf 85' lang='lat' dir='ltr'><strong>transmissum.</strong></span> <span class='ocrx_word' id='word_1_153' title='bbox 1073 2106 1279 2157; x_wconf 81' lang='lat' dir='ltr'><strong>Sacrificabant</strong></span> <span class='ocrx_word' id='word_1_154' title='bbox 1297 2109 1428 2171; x_wconf 87' lang='lat' dir='ltr'><strong>primitus</strong></span> <span class='ocrx_word' id='word_1_155' title='bbox 1442 2109 1538 2170; x_wconf 89' lang='lat' dir='ltr'><strong>capita</strong></span> <span class='ocrx_word' id='word_1_156' title='bbox 1551 2107 1594 2158; x_wconf 85' lang='lat' dir='ltr'><strong>ia·</strong></span> 
     </span>
     <span class='ocr_line' id='line_1_17' title="bbox 261 2195 1592 2263; baseline -0.002 -15"><span class='ocrx_word' id='word_1_157' title='bbox 261 2197 402 2250; x_wconf 90' lang='lat' dir='ltr'><strong>miliarum</strong></span> <span class='ocrx_word' id='word_1_158' title='bbox 423 2211 428 2246; x_wconf 96' lang='lat'><strong>:</strong></span> <span class='ocrx_word' id='word_1_159' title='bbox 449 2197 524 2247; x_wconf 82' lang='lat' dir='ltr'><strong>silius</strong></span> <span class='ocrx_word' id='word_1_160' title='bbox 546 2209 603 2247; x_wconf 93' lang='lat' dir='ltr'><strong>non</strong></span> <span class='ocrx_word' id='word_1_161' title='bbox 626 2195 818 2258; x_wconf 76' lang='lat' dir='ltr'><strong>sacrificabat,</strong></span> <span class='ocrx_word' id='word_1_162' title='bbox 837 2198 893 2248; x_wconf 90' lang='lat' dir='ltr'><strong>nisi</strong></span> <span class='ocrx_word' id='word_1_163' title='bbox 912 2200 1062 2261; x_wconf 87' lang='lat' dir='ltr'><strong>postquam</strong></span> <span class='ocrx_word' id='word_1_164' title='bbox 1082 2195 1217 2246; x_wconf 76' lang='lat' dir='ltr'><strong>familiam</strong></span> <span class='ocrx_word' id='word_1_165' title='bbox 1236 2198 1379 2263; x_wconf 86' lang='lat' dir='ltr'><strong>propriam</strong></span> <span class='ocrx_word' id='word_1_166' title='bbox 1399 2198 1498 2245; x_wconf 89' lang='lat' dir='ltr'><strong>nactus</strong></span> <span class='ocrx_word' id='word_1_167' title='bbox 1523 2198 1592 2246; x_wconf 89' lang='lat' dir='ltr'><strong>erat.</strong></span> 
     </span>
     <span class='ocr_line' id='line_1_18' title="bbox 262 2282 1595 2349; baseline -0.003 -10"><span class='ocrx_word' id='word_1_168' title='bbox 262 2285 309 2339; x_wconf 85' lang='lat' dir='ltr'><strong>Sic</strong></span> <span class='ocrx_word' id='word_1_169' title='bbox 323 2286 406 2337; x_wconf 86' lang='lat' dir='ltr'><strong>iacob</strong></span> <span class='ocrx_word' id='word_1_170' title='bbox 420 2298 478 2336; x_wconf 92' lang='lat' dir='ltr'><strong>non</strong></span> <span class='ocrx_word' id='word_1_171' title='bbox 492 2285 591 2335; x_wconf 88' lang='lat' dir='ltr'><strong>obtulit</strong></span> <span class='ocrx_word' id='word_1_172' title='bbox 604 2282 772 2336; x_wconf 85' lang='lat' dir='ltr'><strong>sacrificium</strong></span> <span class='ocrx_word' id='word_1_173' title='bbox 783 2285 852 2336; x_wconf 84' lang='lat' dir='ltr'><strong>Gen.</strong></span> <span class='ocrx_word' id='word_1_174' title='bbox 871 2285 964 2348; x_wconf 67' lang='lat' dir='ltr'><strong>iaia,</strong></span> <span class='ocrx_word' id='word_1_175' title='bbox 979 2284 1093 2349; x_wconf 91' lang='lat' dir='ltr'><strong>quando</strong></span> <span class='ocrx_word' id='word_1_176' title='bbox 1107 2285 1220 2336; x_wconf 88' lang='lat' dir='ltr'><strong>caelebs</strong></span> <span class='ocrx_word' id='word_1_177' title='bbox 1239 2286 1268 2334; x_wconf 94' lang='lat' dir='ltr'><strong>in</strong></span> <span class='ocrx_word' id='word_1_178' title='bbox 1283 2283 1515 2348; x_wconf 82' lang='lat' dir='ltr'><strong>Mesopotamiam</strong></span> <span class='ocrx_word' id='word_1_179' title='bbox 1528 2297 1595 2348; x_wconf 92' lang='lat' dir='ltr'><strong>pro-</strong></span> 
     </span>
     <span class='ocr_line' id='line_1_19' title="bbox 260 2371 1595 2438; baseline -0.003 -12"><span class='ocrx_word' id='word_1_180' title='bbox 260 2374 448 2435; x_wconf 83' lang='lat' dir='ltr'><strong>ficiscebatur;</strong></span> <span class='ocrx_word' id='word_1_181' title='bbox 463 2373 563 2424; x_wconf 87' lang='lat' dir='ltr'><strong>obtulit</strong></span> <span class='ocrx_word' id='word_1_182' title='bbox 582 2385 666 2438; x_wconf 89' lang='lat' dir='ltr'><strong>vero,</strong></span> <span class='ocrx_word' id='word_1_183' title='bbox 683 2371 797 2438; x_wconf 88' lang='lat' dir='ltr'><strong>quando</strong></span> <span class='ocrx_word' id='word_1_184' title='bbox 815 2373 942 2425; x_wconf 89' lang='lat' dir='ltr'><strong>indidem</strong></span> <span class='ocrx_word' id='word_1_185' title='bbox 961 2386 1024 2424; x_wconf 86' lang='lat' dir='ltr'><strong>oum</strong></span> <span class='ocrx_word' id='word_1_186' title='bbox 1042 2373 1150 2423; x_wconf 78' lang='lat' dir='ltr'><strong>familia</strong></span> <span class='ocrx_word' id='word_1_187' title='bbox 1172 2373 1298 2433; x_wconf 86' lang='lat' dir='ltr'><strong>redibat,</strong></span> <span class='ocrx_word' id='word_1_188' title='bbox 1315 2375 1400 2424; x_wconf 90' lang='lat' dir='ltr'><strong>etiam</strong></span> <span class='ocrx_word' id='word_1_189' title='bbox 1424 2381 1489 2424; x_wconf 91' lang='lat' dir='ltr'><strong>ante</strong></span> <span class='ocrx_word' id='word_1_190' title='bbox 1506 2374 1595 2437; x_wconf 89' lang='lat' dir='ltr'><strong>patris</strong></span> 
     </span>
     <span class='ocr_line' id='line_1_20' title="bbox 259 2459 1595 2530; baseline -0.001 -16"><span class='ocrx_word' id='word_1_191' title='bbox 259 2469 379 2514; x_wconf 90' lang='lat' dir='ltr'><strong>mortem</strong></span> <span class='ocrx_word' id='word_1_192' title='bbox 395 2461 474 2529; x_wconf 80' lang='lat' dir='ltr'><strong>(Gen.</strong></span> <span class='ocrx_word' id='word_1_193' title='bbox 491 2461 587 2524; x_wconf 76' lang='lat' dir='ltr'><strong>31,si;</strong></span> <span class='ocrx_word' id='word_1_194' title='bbox 605 2461 701 2523; x_wconf 78' lang='lat'>33‚‘20;</span> <span class='ocrx_word' id='word_1_195' title='bbox 718 2459 804 2530; x_wconf 86' lang='grc'>35,7).</span> <span class='ocrx_word' id='word_1_196' title='bbox 820 2461 893 2512; x_wconf 86' lang='lat' dir='ltr'><strong>Hinc</strong></span> <span class='ocrx_word' id='word_1_197' title='bbox 906 2465 1000 2527; x_wconf 88' lang='lat' dir='ltr'><strong>patet,</strong></span> <span class='ocrx_word' id='word_1_198' title='bbox 1017 2463 1066 2512; x_wconf 89' lang='lat' dir='ltr'><strong>ubi</strong></span> <span class='ocrx_word' id='word_1_199' title='bbox 1081 2462 1171 2511; x_wconf 90' lang='lat' dir='ltr'><strong>tribus</strong></span> <span class='ocrx_word' id='word_1_200' title='bbox 1186 2463 1215 2511; x_wconf 89' lang='lat' dir='ltr'><strong>ln</strong></span> <span class='ocrx_word' id='word_1_201' title='bbox 1231 2472 1321 2524; x_wconf 87' lang='lat' dir='ltr'><strong>regna</strong></span> <span class='ocrx_word' id='word_1_202' title='bbox 1332 2474 1491 2522; x_wconf 83' lang='lat' dir='ltr'><strong>excrevere,</strong></span> <span class='ocrx_word' id='word_1_203' title='bbox 1508 2475 1595 2525; x_wconf 91' lang='lat' dir='ltr'><strong>penes</strong></span> 
     </span>
     <span class='ocr_line' id='line_1_21' title="bbox 260 2549 1595 2616; baseline -0.001 -14"><span class='ocrx_word' id='word_1_204' title='bbox 260 2563 341 2616; x_wconf 81' lang='lat' dir='ltr'><strong>reges</strong></span> <span class='ocrx_word' id='word_1_205' title='bbox 353 2551 489 2616; x_wconf 89' lang='lat' dir='ltr'><strong>imprimis</strong></span> <span class='ocrx_word' id='word_1_206' title='bbox 502 2550 689 2602; x_wconf 86' lang='lat' dir='ltr'><strong>sacerdotium</strong></span> <span class='ocrx_word' id='word_1_207' title='bbox 706 2549 803 2601; x_wconf 86' lang='lat' dir='ltr'><strong>fuisse.</strong></span> <span class='ocrx_word' id='word_1_208' title='bbox 821 2549 888 2602; x_wconf 88' lang='lat' dir='ltr'><strong>Erat</strong></span> <span class='ocrx_word' id='word_1_209' title='bbox 908 2564 958 2602; x_wconf 81' lang='lat' dir='ltr'><strong>rex</strong></span> <span class='ocrx_word' id='word_1_210' title='bbox 971 2550 1106 2601; x_wconf 88' lang='lat' dir='ltr'><strong>sacerdos</strong></span> <span class='ocrx_word' id='word_1_211' title='bbox 1121 2549 1342 2610; x_wconf 86' lang='lat' dir='ltr'><strong>Melchisedecb;</strong></span> <span class='ocrx_word' id='word_1_212' title='bbox 1358 2552 1438 2600; x_wconf 86' lang='lat' dir='ltr'><strong>erant</strong></span> <span class='ocrx_word' id='word_1_213' title='bbox 1452 2563 1534 2613; x_wconf 82' lang='lat' dir='ltr'><strong>reges</strong></span> <span class='ocrx_word' id='word_1_214' title='bbox 1548 2563 1595 2600; x_wconf 92' lang='lat' dir='ltr'><strong>sa·</strong></span> 
     </span>
     <span class='ocr_line' id='line_1_22' title="bbox 260 2637 1596 2704; baseline -0.002 -12"><span class='ocrx_word' id='word_1_215' title='bbox 260 2639 389 2692; x_wconf 89' lang='lat' dir='ltr'><strong>oerdotes</strong></span> <span class='ocrx_word' id='word_1_216' title='bbox 408 2639 596 2704; x_wconf 84' lang='lat' dir='ltr'><strong>antiquissimi</strong></span> <span class='ocrx_word' id='word_1_217' title='bbox 618 2638 659 2689; x_wconf 90' lang='lat' dir='ltr'><strong>iili</strong></span> <span class='ocrx_word' id='word_1_218' title='bbox 680 2640 859 2702; x_wconf 81' lang='lat' dir='ltr'><strong>Assyriorum</strong></span> <span class='ocrx_word' id='word_1_219' title='bbox 880 2640 989 2702; x_wconf 86' lang='lat' dir='ltr'><strong>reguli,</strong></span> <span class='ocrx_word' id='word_1_220' title='bbox 1005 2640 1053 2704; x_wconf 89' lang='lat' dir='ltr'><strong>qui</strong></span> <span class='ocrx_word' id='word_1_221' title='bbox 1070 2640 1160 2704; x_wconf 79' lang='lat' dir='ltr'><strong>pateat</strong></span> <span class='ocrx_word' id='word_1_222' title='bbox 1174 2638 1343 2690; x_wconf 88' lang='lat' dir='ltr'><strong>scribuntur.</strong></span> <span class='ocrx_word' id='word_1_223' title='bbox 1360 2639 1498 2690; x_wconf 76' lang='lat' dir='ltr'><strong>Defuncto</strong></span> <span class='ocrx_word' id='word_1_224' title='bbox 1513 2637 1596 2690; x_wconf 88' lang='lat' dir='ltr'><strong>iacob</strong></span> 
     </span>
     <span class='ocr_line' id='line_1_23' title="bbox 261 2726 1596 2792; baseline -0.002 -12"><span class='ocrx_word' id='word_1_225' title='bbox 261 2741 334 2780; x_wconf 90' lang='lat' dir='ltr'><strong>unus</strong></span> <span class='ocrx_word' id='word_1_226' title='bbox 353 2730 426 2788; x_wconf 89' lang='lat' dir='ltr'><strong>erat,</strong></span> <span class='ocrx_word' id='word_1_227' title='bbox 441 2729 486 2778; x_wconf 90' lang='lat' dir='ltr'><strong>cul</strong></span> <span class='ocrx_word' id='word_1_228' title='bbox 504 2726 692 2778; x_wconf 88' lang='lat' dir='ltr'><strong>sacerdotium</strong></span> <span class='ocrx_word' id='word_1_229' title='bbox 711 2730 772 2780; x_wconf 89' lang='lat' dir='ltr'><strong>iure</strong></span> <span class='ocrx_word' id='word_1_230' title='bbox 788 2741 856 2792; x_wconf 88' lang='lat' dir='ltr'><strong>prae</strong></span> <span class='ocrx_word' id='word_1_231' title='bbox 871 2726 1003 2779; x_wconf 87' lang='lat' dir='ltr'><strong>iratribus</strong></span> <span class='ocrx_word' id='word_1_232' title='bbox 1023 2727 1186 2790; x_wconf 79' lang='lat' dir='ltr'><strong>obveniret,</strong></span> <span class='ocrx_word' id='word_1_233' title='bbox 1200 2728 1295 2792; x_wconf 80' lang='lat' dir='ltr'><strong>loseph</strong></span> <span class='ocrx_word' id='word_1_234' title='bbox 1311 2741 1320 2777; x_wconf 93' lang='lat'><strong>.·</strong></span> <span class='ocrx_word' id='word_1_235' title='bbox 1335 2740 1418 2791; x_wconf 89' lang='lat' dir='ltr'><strong>quem</strong></span> <span class='ocrx_word' id='word_1_236' title='bbox 1436 2729 1517 2791; x_wconf 89' lang='lat' dir='ltr'><strong>pater</strong></span> <span class='ocrx_word' id='word_1_237' title='bbox 1533 2740 1596 2777; x_wconf 90' lang='lat' dir='ltr'><strong>mo·</strong></span> 
     </span>
     <span class='ocr_line' id='line_1_24' title="bbox 261 2813 1597 2883; baseline -0.003 -14"><span class='ocrx_word' id='word_1_238' title='bbox 261 2818 338 2869; x_wconf 81' lang='lat' dir='ltr'><strong>tiens</strong></span> <span class='ocrx_word' id='word_1_239' title='bbox 359 2817 440 2868; x_wconf 91' lang='lat' dir='ltr'><strong>titulo</strong></span> <span class='ocrx_word' id='word_1_240' title='bbox 455 2831 467 2864; x_wconf 77' lang='lat' dir='ltr'><strong>r</strong></span> <span class='ocrx_word' id='word_1_241' title='bbox 483 2817 618 2880; x_wconf 87' lang='lat' dir='ltr'><strong>principis</strong></span> <span class='ocrx_word' id='word_1_242' title='bbox 637 2818 710 2868; x_wconf 91' lang='lat' dir='ltr'><strong>inter</strong></span> <span class='ocrx_word' id='word_1_243' title='bbox 733 2816 835 2868; x_wconf 83' lang='lat' dir='ltr'><strong>iratres</strong></span> <span class='ocrx_word' id='word_1_244' title='bbox 851 2833 863 2865; x_wconf 74' lang='lat' dir='ltr'><strong>a</strong></span> <span class='ocrx_word' id='word_1_245' title='bbox 881 2813 950 2883; x_wconf 63' lang='lat' dir='ltr'><strong>(itti</strong></span> <span class='ocrx_word' id='word_1_246' title='bbox 973 2816 1044 2867; x_wconf 87' lang='lat' dir='ltr'><strong>Gen.</strong></span> <span class='ocrx_word' id='word_1_247' title='bbox 1065 2815 1159 2883; x_wconf 67' lang='lat' dir='ltr'><strong>isat)</strong></span> <span class='ocrx_word' id='word_1_248' title='bbox 1181 2817 1371 2877; x_wconf 70' lang='lat' dir='ltr'><strong>amitteteret,</strong></span> <span class='ocrx_word' id='word_1_249' title='bbox 1388 2829 1472 2880; x_wconf 91' lang='lat' dir='ltr'><strong>quem</strong></span> <span class='ocrx_word' id='word_1_250' title='bbox 1496 2815 1597 2866; x_wconf 86' lang='lat' dir='ltr'><strong>iratres</strong></span> 
     </span>
     <span class='ocr_line' id='line_1_25' title="bbox 262 2903 1593 2973; baseline -0.003 -15"><span class='ocrx_word' id='word_1_251' title='bbox 262 2905 417 2972; x_wconf 90' lang='lat' dir='ltr'><strong>principem</strong></span> <span class='ocrx_word' id='word_1_252' title='bbox 439 2906 494 2970; x_wconf 90' lang='lat' dir='ltr'><strong>ipsi</strong></span> <span class='ocrx_word' id='word_1_253' title='bbox 515 2911 691 2969; x_wconf 83' lang='lat' dir='ltr'><strong>agnoverunt</strong></span> <span class='ocrx_word' id='word_1_254' title='bbox 706 2903 787 2973; x_wconf 81' lang='lat' dir='ltr'><strong>(Gen.</strong></span> <span class='ocrx_word' id='word_1_255' title='bbox 803 2905 887 2967; x_wconf 73' lang='lat' dir='ltr'><strong>tait</strong></span> <span class='ocrx_word' id='word_1_256' title='bbox 907 2904 992 2972; x_wconf 80' lang='lat' dir='ltr'><strong>sqq).</strong></span> <span class='ocrx_word' id='word_1_257' title='bbox 1010 2906 1219 2969; x_wconf 84' lang='lat' dir='ltr'><strong>Primogenitus</strong></span> <span class='ocrx_word' id='word_1_258' title='bbox 1239 2905 1343 2970; x_wconf 90' lang='lat' dir='ltr'><strong>loseph</strong></span> <span class='ocrx_word' id='word_1_259' title='bbox 1364 2908 1427 2955; x_wconf 92' lang='lat' dir='ltr'><strong>erat</strong></span> <span class='ocrx_word' id='word_1_260' title='bbox 1449 2903 1593 2963; x_wconf 73' lang='lat' dir='ltr'><strong>Monaeses,</strong></span> 
     </span>
     <span class='ocr_line' id='line_1_26' title="bbox 262 2992 1597 3060; baseline -0.003 -13"><span class='ocrx_word' id='word_1_261' title='bbox 262 2996 391 3060; x_wconf 87' lang='lat' dir='ltr'><strong>patrique</strong></span> <span class='ocrx_word' id='word_1_262' title='bbox 404 3007 471 3059; x_wconf 89' lang='lat' dir='ltr'><strong>praa</strong></span> <span class='ocrx_word' id='word_1_263' title='bbox 491 2993 577 3046; x_wconf 84' lang='lat' dir='ltr'><strong>tratre</strong></span> <span class='ocrx_word' id='word_1_264' title='bbox 598 2993 731 3060; x_wconf 87' lang='lat' dir='ltr'><strong>Ephraim</strong></span> <span class='ocrx_word' id='word_1_265' title='bbox 745 3007 828 3046; x_wconf 87' lang='lat' dir='ltr'><strong>carus</strong></span> <span class='ocrx_word' id='word_1_266' title='bbox 843 2993 928 3059; x_wconf 86' lang='lat' dir='ltr'><strong>(Gen.</strong></span> <span class='ocrx_word' id='word_1_267' title='bbox 945 2995 1047 3060; x_wconf 70' lang='lat' dir='ltr'><strong>4⁸2¹7b</strong></span> <span class='ocrx_word' id='word_1_268' title='bbox 1063 3007 1156 3058; x_wconf 90' lang='lat' dir='ltr'><strong>neque</strong></span> <span class='ocrx_word' id='word_1_269' title='bbox 1170 2994 1235 3045; x_wconf 90' lang='lat' dir='ltr'><strong>ideo</strong></span> <span class='ocrx_word' id='word_1_270' title='bbox 1249 2996 1344 3044; x_wconf 88' lang='lat' dir='ltr'><strong>minus</strong></span> <span class='ocrx_word' id='word_1_271' title='bbox 1356 3006 1454 3053; x_wconf 89' lang='lat' dir='ltr'><strong>carus,</strong></span> <span class='ocrx_word' id='word_1_272' title='bbox 1469 2993 1546 3056; x_wconf 92' lang='lat' dir='ltr'><strong>quod</strong></span> <span class='ocrx_word' id='word_1_273' title='bbox 1560 2992 1597 3043; x_wconf 88' lang='lat' dir='ltr'><strong>ab</strong></span> 
     </span>
    </p>
   </div>
   <div class='ocr_carea' id='block_1_4' title="bbox 263 3082 1707 3150">
    <p class='ocr_par' dir='ltr' id='par_1_4' title="bbox 263 3082 1707 3150">
     <span class='ocr_line' id='line_1_27' title="bbox 263 3082 1707 3150; baseline -0.002 -15"><span class='ocrx_word' id='word_1_274' title='bbox 263 3096 316 3135; x_wconf 87' lang='lat' dir='ltr'><strong>avo</strong></span> <span class='ocrx_word' id='word_1_275' title='bbox 332 3083 416 3133; x_wconf 91' lang='lat' dir='ltr'><strong>Iacob</strong></span> <span class='ocrx_word' id='word_1_276' title='bbox 430 3085 567 3134; x_wconf 88' lang='lat' dir='ltr'><strong>minorem</strong></span> <span class='ocrx_word' id='word_1_277' title='bbox 581 3082 805 3135; x_wconf 88' lang='lat' dir='ltr'><strong>benedictionem</strong></span> <span class='ocrx_word' id='word_1_278' title='bbox 824 3085 990 3147; x_wconf 87' lang='lat' dir='ltr'><strong>accepisset.</strong></span> <span class='ocrx_word' id='word_1_279' title='bbox 1004 3082 1177 3135; x_wconf 81' lang='lat' dir='ltr'><strong>Crediderim</strong></span> <span class='ocrx_word' id='word_1_280' title='bbox 1195 3084 1283 3146; x_wconf 83' lang='lat' dir='ltr'><strong>igitur</strong></span> <span class='ocrx_word' id='word_1_281' title='bbox 1302 3083 1385 3133; x_wconf 88' lang='lat' dir='ltr'><strong>exodi</strong></span> <span class='ocrx_word' id='word_1_282' title='bbox 1404 3084 1531 3144; x_wconf 90' lang='lat' dir='ltr'><strong>tempore</strong></span> <span class='ocrx_word' id='word_1_283' title='bbox 1548 3094 1597 3150; x_wconf 75' lang='lat' dir='ltr'><strong>sa·</strong></span> <span class='ocrx_word' id='word_1_284' title='bbox 1700 3089 1707 3102; x_wconf 89' lang='lat'><em>·</em></span> 
     </span>
    </p>
   </div>
   <div class='ocr_carea' id='block_1_5' title="bbox 264 3171 1601 4922">
    <p class='ocr_par' dir='ltr' id='par_1_5' title="bbox 264 3171 1598 3414">
     <span class='ocr_line' id='line_1_28' title="bbox 264 3171 1597 3236; baseline -0.002 -14"><span class='ocrx_word' id='word_1_285' title='bbox 264 3171 416 3223; x_wconf 88' lang='lat' dir='ltr'><strong>cerdotium</strong></span> <span class='ocrx_word' id='word_1_286' title='bbox 436 3184 523 3236; x_wconf 88' lang='lat' dir='ltr'><strong>penes</strong></span> <span class='ocrx_word' id='word_1_287' title='bbox 543 3173 712 3222; x_wconf 69' lang='lat' dir='ltr'><strong>haeresaeos</strong></span> <span class='ocrx_word' id='word_1_288' title='bbox 730 3171 832 3233; x_wconf 84' lang='lat' dir='ltr'><strong>tuisse;</strong></span> <span class='ocrx_word' id='word_1_289' title='bbox 854 3185 912 3223; x_wconf 90' lang='lat' dir='ltr'><strong>non</strong></span> <span class='ocrx_word' id='word_1_290' title='bbox 930 3177 961 3222; x_wconf 91' lang='lat' dir='ltr'><strong>ut</strong></span> <span class='ocrx_word' id='word_1_291' title='bbox 980 3185 1079 3223; x_wconf 90' lang='lat' dir='ltr'><strong>omnes</strong></span> <span class='ocrx_word' id='word_1_292' title='bbox 1104 3176 1199 3223; x_wconf 90' lang='lat' dir='ltr'><strong>essent</strong></span> <span class='ocrx_word' id='word_1_293' title='bbox 1221 3171 1397 3231; x_wconf 87' lang='lat' dir='ltr'><strong>sacerdotes,</strong></span> <span class='ocrx_word' id='word_1_294' title='bbox 1414 3171 1487 3221; x_wconf 88' lang='lat' dir='ltr'><strong>sicut</strong></span> <span class='ocrx_word' id='word_1_295' title='bbox 1506 3182 1597 3233; x_wconf 91' lang='lat' dir='ltr'><strong>neque</strong></span> 
     </span>
     <span class='ocr_line' id='line_1_29' title="bbox 265 3259 1598 3324; baseline -0.003 -12"><span class='ocrx_word' id='word_1_296' title='bbox 265 3273 362 3312; x_wconf 88' lang='lat' dir='ltr'><strong>omnes</strong></span> <span class='ocrx_word' id='word_1_297' title='bbox 379 3261 478 3324; x_wconf 89' lang='lat' dir='ltr'><strong>postea</strong></span> <span class='ocrx_word' id='word_1_298' title='bbox 494 3261 597 3312; x_wconf 86' lang='lat' dir='ltr'><strong>levitae</strong></span> <span class='ocrx_word' id='word_1_299' title='bbox 619 3260 780 3312; x_wconf 88' lang='lat' dir='ltr'><strong>sacerdotes</strong></span> <span class='ocrx_word' id='word_1_300' title='bbox 801 3262 947 3320; x_wconf 85' lang='lat' dir='ltr'><strong>exstitere;</strong></span> <span class='ocrx_word' id='word_1_301' title='bbox 965 3264 992 3313; x_wconf 91' lang='lat' dir='ltr'><strong>et</strong></span> <span class='ocrx_word' id='word_1_302' title='bbox 1015 3261 1164 3312; x_wconf 87' lang='lat' dir='ltr'><strong>trucidatis</strong></span> <span class='ocrx_word' id='word_1_303' title='bbox 1182 3261 1234 3311; x_wconf 84' lang='lat' dir='ltr'><strong>Ex.</strong></span> <span class='ocrx_word' id='word_1_304' title='bbox 1251 3260 1285 3311; x_wconf 84' lang='grc'><strong>33</strong></span> <span class='ocrx_word' id='word_1_305' title='bbox 1308 3259 1487 3311; x_wconf 89' lang='lat' dir='ltr'><strong>sacerdotum</strong></span> <span class='ocrx_word' id='word_1_306' title='bbox 1509 3259 1598 3310; x_wconf 88' lang='lat' dir='ltr'><strong>tribus</strong></span> 
     </span>
     <span class='ocr_line' id='line_1_30' title="bbox 265 3346 1407 3414; baseline -0.002 -14"><span class='ocrx_word' id='word_1_307' title='bbox 265 3349 402 3410; x_wconf 87' lang='lat' dir='ltr'><strong>millibus,</strong></span> <span class='ocrx_word' id='word_1_308' title='bbox 418 3349 580 3413; x_wconf 79' lang='lat' dir='ltr'><strong>superfuere</strong></span> <span class='ocrx_word' id='word_1_309' title='bbox 593 3351 682 3400; x_wconf 85' lang='lat' dir='ltr'><strong>tribus</strong></span> <span class='ocrx_word' id='word_1_310' title='bbox 693 3349 823 3400; x_wconf 81' lang='lat' dir='ltr'><strong>Marassa</strong></span> <span class='ocrx_word' id='word_1_311' title='bbox 836 3351 891 3400; x_wconf 87' lang='lat' dir='ltr'><strong>viri</strong></span> <span class='ocrx_word' id='word_1_312' title='bbox 905 3354 1078 3414; x_wconf 82' lang='lat' dir='ltr'><strong>pugnatores</strong></span> <span class='ocrx_word' id='word_1_313' title='bbox 1092 3349 1192 3411; x_wconf 60' lang='grc'><strong>32300</strong></span> <span class='ocrx_word' id='word_1_314' title='bbox 1208 3348 1307 3413; x_wconf 85' lang='lat' dir='ltr'><strong>(Num.</strong></span> <span class='ocrx_word' id='word_1_315' title='bbox 1323 3346 1407 3414; x_wconf 56' lang='lat' dir='ltr'><strong>Mil·</strong></span> 
     </span>
    </p>

    <p class='ocr_par' dir='ltr' id='par_1_6' title="bbox 266 3436 1601 4832">
     <span class='ocr_line' id='line_1_31' title="bbox 301 3436 1598 3490; baseline -0.002 -2"><span class='ocrx_word' id='word_1_316' title='bbox 301 3437 431 3490; x_wconf 86' lang='lat' dir='ltr'><strong>Nostram</strong></span> <span class='ocrx_word' id='word_1_317' title='bbox 446 3437 480 3489; x_wconf 87' lang='lat' dir='ltr'><strong>de</strong></span> <span class='ocrx_word' id='word_1_318' title='bbox 495 3437 668 3489; x_wconf 85' lang='lat' dir='ltr'><strong>Manassaeis</strong></span> <span class='ocrx_word' id='word_1_319' title='bbox 679 3437 870 3490; x_wconf 88' lang='lat' dir='ltr'><strong>sacerdotibus</strong></span> <span class='ocrx_word' id='word_1_320' title='bbox 886 3438 1076 3489; x_wconf 86' lang='lat' dir='ltr'><strong>coniecturam</strong></span> <span class='ocrx_word' id='word_1_321' title='bbox 1090 3437 1238 3488; x_wconf 84' lang='lat' dir='ltr'><strong>confirmat</strong></span> <span class='ocrx_word' id='word_1_322' title='bbox 1251 3439 1370 3489; x_wconf 90' lang='lat' dir='ltr'><strong>eventus</strong></span> <span class='ocrx_word' id='word_1_323' title='bbox 1385 3437 1470 3487; x_wconf 90' lang='lat' dir='ltr'><strong>Num.</strong></span> <span class='ocrx_word' id='word_1_324' title='bbox 1483 3436 1527 3486; x_wconf 74' lang='lat'><strong>32.</strong></span> <span class='ocrx_word' id='word_1_325' title='bbox 1542 3436 1598 3487; x_wconf 87' lang='lat' dir='ltr'><strong>Ro·</strong></span> 
     </span>
     <span class='ocr_line' id='line_1_32' title="bbox 266 3525 1599 3592; baseline -0.002 -14"><span class='ocrx_word' id='word_1_326' title='bbox 266 3527 398 3592; x_wconf 84' lang='lat' dir='ltr'><strong>gentibus</strong></span> <span class='ocrx_word' id='word_1_327' title='bbox 416 3525 515 3578; x_wconf 88' lang='lat' dir='ltr'><strong>Ruben</strong></span> <span class='ocrx_word' id='word_1_328' title='bbox 534 3534 562 3578; x_wconf 91' lang='lat' dir='ltr'><strong>et</strong></span> <span class='ocrx_word' id='word_1_329' title='bbox 581 3527 655 3588; x_wconf 89' lang='lat' dir='ltr'><strong>Gad,</strong></span> <span class='ocrx_word' id='word_1_330' title='bbox 677 3531 707 3578; x_wconf 89' lang='lat' dir='ltr'><strong>ut</strong></span> <span class='ocrx_word' id='word_1_331' title='bbox 726 3527 779 3578; x_wconf 88' lang='lat' dir='ltr'><strong>sibi</strong></span> <span class='ocrx_word' id='word_1_332' title='bbox 793 3525 874 3578; x_wconf 90' lang='lat' dir='ltr'><strong>sedes</strong></span> <span class='ocrx_word' id='word_1_333' title='bbox 888 3527 923 3577; x_wconf 90' lang='lat' dir='ltr'><strong>ad</strong></span> <span class='ocrx_word' id='word_1_334' title='bbox 943 3528 1082 3579; x_wconf 90' lang='lat' dir='ltr'><strong>orientem</strong></span> <span class='ocrx_word' id='word_1_335' title='bbox 1101 3526 1230 3577; x_wconf 89' lang='lat' dir='ltr'><strong>iordanis</strong></span> <span class='ocrx_word' id='word_1_336' title='bbox 1249 3526 1483 3586; x_wconf 87' lang='lat' dir='ltr'><strong>concederentur,</strong></span> <span class='ocrx_word' id='word_1_337' title='bbox 1499 3525 1599 3576; x_wconf 89' lang='lat' dir='ltr'><strong>annuit</strong></span> 
     </span>
     <span class='ocr_line' id='line_1_33' title="bbox 267 3613 1599 3680; baseline -0.003 -14"><span class='ocrx_word' id='word_1_338' title='bbox 267 3616 376 3680; x_wconf 81' lang='lat' dir='ltr'><strong>Moyses</strong></span> <span class='ocrx_word' id='word_1_339' title='bbox 395 3617 491 3680; x_wconf 91' lang='lat' dir='ltr'><strong>eisque</strong></span> <span class='ocrx_word' id='word_1_340' title='bbox 511 3616 601 3680; x_wconf 81' lang='lat' dir='ltr'><strong>iungit</strong></span> <span class='ocrx_word' id='word_1_341' title='bbox 620 3627 796 3680; x_wconf 87' lang='lat' dir='ltr'><strong>nequaquam</strong></span> <span class='ocrx_word' id='word_1_342' title='bbox 816 3617 963 3679; x_wconf 79' lang='lat' dir='ltr'><strong>rogantem</strong></span> <span class='ocrx_word' id='word_1_343' title='bbox 982 3617 1126 3666; x_wconf 83' lang='lat' dir='ltr'><strong>dimidiam</strong></span> <span class='ocrx_word' id='word_1_344' title='bbox 1140 3616 1243 3665; x_wconf 85' lang='lat' dir='ltr'><strong>tribum</strong></span> <span class='ocrx_word' id='word_1_345' title='bbox 1262 3615 1393 3664; x_wconf 74' lang='lat' dir='ltr'><strong>Marassa.</strong></span> <span class='ocrx_word' id='word_1_346' title='bbox 1412 3613 1474 3673; x_wconf 85' lang='lat' dir='ltr'><strong>Quo</strong></span> <span class='ocrx_word' id='word_1_347' title='bbox 1493 3613 1599 3664; x_wconf 91' lang='lat' dir='ltr'><strong>iactum</strong></span> 
     </span>
     <span class='ocr_line' id='line_1_34' title="bbox 267 3699 1599 3769; baseline -0.003 -13"><span class='ocrx_word' id='word_1_348' title='bbox 267 3709 324 3766; x_wconf 80' lang='lat' dir='ltr'><strong>eit,</strong></span> <span class='ocrx_word' id='word_1_349' title='bbox 338 3705 369 3754; x_wconf 90' lang='lat' dir='ltr'><strong>ut</strong></span> <span class='ocrx_word' id='word_1_350' title='bbox 383 3717 417 3756; x_wconf 90' lang='lat' dir='ltr'><strong>ea</strong></span> <span class='ocrx_word' id='word_1_351' title='bbox 429 3699 517 3754; x_wconf 90' lang='lat' dir='ltr'><strong>tribus</strong></span> <span class='ocrx_word' id='word_1_352' title='bbox 530 3705 560 3754; x_wconf 92' lang='lat' dir='ltr'><strong>ln</strong></span> <span class='ocrx_word' id='word_1_353' title='bbox 573 3704 644 3754; x_wconf 87' lang='lat' dir='ltr'><strong>duas</strong></span> <span class='ocrx_word' id='word_1_354' title='bbox 655 3705 750 3768; x_wconf 90' lang='lat' dir='ltr'><strong>partes</strong></span> <span class='ocrx_word' id='word_1_355' title='bbox 765 3702 871 3755; x_wconf 78' lang='lat' dir='ltr'><strong>diffissa</strong></span> <span class='ocrx_word' id='word_1_356' title='bbox 884 3705 976 3769; x_wconf 90' lang='lat' dir='ltr'><strong>impar</strong></span> <span class='ocrx_word' id='word_1_357' title='bbox 993 3705 1115 3756; x_wconf 84' lang='lat' dir='ltr'><strong>evaserit</strong></span> <span class='ocrx_word' id='word_1_358' title='bbox 1130 3704 1214 3754; x_wconf 88' lang='lat' dir='ltr'><strong>rebus</strong></span> <span class='ocrx_word' id='word_1_359' title='bbox 1229 3704 1341 3766; x_wconf 86' lang='lat' dir='ltr'><strong>magnis</strong></span> <span class='ocrx_word' id='word_1_360' title='bbox 1355 3702 1543 3761; x_wconf 88' lang='lat' dir='ltr'><strong>attentandis,</strong></span> <span class='ocrx_word' id='word_1_361' title='bbox 1558 3706 1599 3752; x_wconf 89' lang='lat' dir='ltr'><strong>at-</strong></span> 
     </span>
     <span class='ocr_line' id='line_1_35' title="bbox 267 3789 1599 3858; baseline -0.003 -14"><span class='ocrx_word' id='word_1_362' title='bbox 267 3805 321 3858; x_wconf 88' lang='lat' dir='ltr'><strong>que</strong></span> <span class='ocrx_word' id='word_1_363' title='bbox 340 3793 525 3856; x_wconf 85' lang='lat' dir='ltr'><strong>principatum</strong></span> <span class='ocrx_word' id='word_1_364' title='bbox 544 3805 561 3843; x_wconf 89' lang='lat' dir='ltr'><strong>a</strong></span> <span class='ocrx_word' id='word_1_365' title='bbox 581 3793 683 3857; x_wconf 88' lang='lat' dir='ltr'><strong>loseph</strong></span> <span class='ocrx_word' id='word_1_366' title='bbox 702 3793 756 3842; x_wconf 91' lang='lat' dir='ltr'><strong>sibi</strong></span> <span class='ocrx_word' id='word_1_367' title='bbox 776 3795 940 3844; x_wconf 90' lang='lat' dir='ltr'><strong>attributum</strong></span> <span class='ocrx_word' id='word_1_368' title='bbox 959 3793 1142 3857; x_wconf 83' lang='lat' dir='ltr'><strong>Ephraimitis</strong></span> <span class='ocrx_word' id='word_1_369' title='bbox 1165 3789 1345 3858; x_wconf 80' lang='lat' dir='ltr'><strong>(Gen.i8,19</strong></span> <span class='ocrx_word' id='word_1_370' title='bbox 1364 3789 1421 3855; x_wconf 89' lang='lat' dir='ltr'><strong>sq.)</strong></span> <span class='ocrx_word' id='word_1_371' title='bbox 1437 3792 1527 3840; x_wconf 90' lang='lat' dir='ltr'><strong>invita</strong></span> <span class='ocrx_word' id='word_1_372' title='bbox 1548 3791 1599 3842; x_wconf 88' lang='lat' dir='ltr'><strong>sed</strong></span> 
     </span>
     <span class='ocr_line' id='line_1_36' title="bbox 268 3879 1601 3946; baseline -0.003 -14"><span class='ocrx_word' id='word_1_373' title='bbox 268 3884 407 3946; x_wconf 88' lang='lat' dir='ltr'><strong>impotens</strong></span> <span class='ocrx_word' id='word_1_374' title='bbox 427 3882 605 3932; x_wconf 88' lang='lat' dir='ltr'><strong>concesserit.</strong></span> <span class='ocrx_word' id='word_1_375' title='bbox 629 3880 708 3945; x_wconf 82' lang='lat' dir='ltr'><strong>Sapit</strong></span> <span class='ocrx_word' id='word_1_376' title='bbox 728 3883 904 3945; x_wconf 79' lang='lat' dir='ltr'><strong>punitionem</strong></span> <span class='ocrx_word' id='word_1_377' title='bbox 924 3882 989 3933; x_wconf 90' lang='lat' dir='ltr'><strong>talis</strong></span> <span class='ocrx_word' id='word_1_378' title='bbox 1009 3883 1039 3932; x_wconf 90' lang='lat' dir='ltr'><strong>ln</strong></span> <span class='ocrx_word' id='word_1_379' title='bbox 1057 3895 1143 3932; x_wconf 89' lang='lat' dir='ltr'><strong>unam</strong></span> <span class='ocrx_word' id='word_1_380' title='bbox 1162 3880 1266 3931; x_wconf 89' lang='lat' dir='ltr'><strong>tribum</strong></span> <span class='ocrx_word' id='word_1_381' title='bbox 1288 3879 1393 3944; x_wconf 82' lang='lat' dir='ltr'><strong>agendi</strong></span> <span class='ocrx_word' id='word_1_382' title='bbox 1412 3881 1508 3931; x_wconf 70' lang='lat' dir='ltr'><strong>ratior</strong></span> <span class='ocrx_word' id='word_1_383' title='bbox 1532 3879 1601 3942; x_wconf 83' lang='lat' dir='ltr'><strong>quid</strong></span> 
     </span>
     <span class='ocr_line' id='line_1_37' title="bbox 267 3968 1600 4034; baseline -0.004 -12"><span class='ocrx_word' id='word_1_384' title='bbox 267 3983 336 4033; x_wconf 80' lang='lat' dir='ltr'><strong>ergo</strong></span> <span class='ocrx_word' id='word_1_385' title='bbox 357 3969 514 4022; x_wconf 86' lang='lat' dir='ltr'><strong>Manassaei</strong></span> <span class='ocrx_word' id='word_1_386' title='bbox 533 3969 725 4034; x_wconf 82' lang='lat' dir='ltr'><strong>deliquerant?</strong></span> <span class='ocrx_word' id='word_1_387' title='bbox 737 3969 813 4033; x_wconf 85' lang='lat' dir='ltr'><strong>Lege</strong></span> <span class='ocrx_word' id='word_1_388' title='bbox 830 3970 882 4021; x_wconf 83' lang='lat' dir='ltr'><strong>Ex.</strong></span> <span class='ocrx_word' id='word_1_389' title='bbox 903 3971 933 4020; x_wconf 81' lang='lat' dir='ltr'><strong>ie</strong></span> <span class='ocrx_word' id='word_1_390' title='bbox 956 3973 984 4023; x_wconf 89' lang='lat' dir='ltr'><strong>et</strong></span> <span class='ocrx_word' id='word_1_391' title='bbox 1005 3970 1049 4020; x_wconf 74' lang='lat'><strong>32.</strong></span> <span class='ocrx_word' id='word_1_392' title='bbox 1065 3970 1147 4021; x_wconf 87' lang='lat' dir='ltr'><strong>Haud</strong></span> <span class='ocrx_word' id='word_1_393' title='bbox 1164 3971 1279 4029; x_wconf 85' lang='lat' dir='ltr'><strong>mirum,</strong></span> <span class='ocrx_word' id='word_1_394' title='bbox 1295 3973 1361 4032; x_wconf 91' lang='lat' dir='ltr'><strong>post</strong></span> <span class='ocrx_word' id='word_1_395' title='bbox 1380 3968 1538 4019; x_wconf 87' lang='lat' dir='ltr'><strong>trucidatos</strong></span> <span class='ocrx_word' id='word_1_396' title='bbox 1556 3973 1600 4018; x_wconf 91' lang='lat' dir='ltr'><strong>ter</strong></span> 
     </span>
     <span class='ocr_line' id='line_1_38' title="bbox 268 4055 1598 4123; baseline -0.004 -13"><span class='ocrx_word' id='word_1_397' title='bbox 268 4059 345 4110; x_wconf 90' lang='lat' dir='ltr'><strong>mille</strong></span> <span class='ocrx_word' id='word_1_398' title='bbox 365 4059 426 4110; x_wconf 89' lang='lat' dir='ltr'><strong>eius</strong></span> <span class='ocrx_word' id='word_1_399' title='bbox 449 4058 537 4110; x_wconf 91' lang='lat' dir='ltr'><strong>tribus</strong></span> <span class='ocrx_word' id='word_1_400' title='bbox 555 4059 729 4120; x_wconf 88' lang='lat' dir='ltr'><strong>sacerdotes,</strong></span> <span class='ocrx_word' id='word_1_401' title='bbox 741 4059 912 4110; x_wconf 88' lang='lat' dir='ltr'><strong>contribules</strong></span> <span class='ocrx_word' id='word_1_402' title='bbox 933 4060 1097 4123; x_wconf 87' lang='lat' dir='ltr'><strong>superstites</strong></span> <span class='ocrx_word' id='word_1_403' title='bbox 1115 4058 1189 4109; x_wconf 91' lang='lat' dir='ltr'><strong>male</strong></span> <span class='ocrx_word' id='word_1_404' title='bbox 1208 4057 1324 4109; x_wconf 85' lang='lat' dir='ltr'><strong>allectos</strong></span> <span class='ocrx_word' id='word_1_405' title='bbox 1342 4056 1430 4108; x_wconf 86' lang='lat' dir='ltr'><strong>fuisse</strong></span> <span class='ocrx_word' id='word_1_406' title='bbox 1451 4061 1479 4108; x_wconf 92' lang='lat' dir='ltr'><strong>et</strong></span> <span class='ocrx_word' id='word_1_407' title='bbox 1498 4055 1534 4107; x_wconf 88' lang='lat' dir='ltr'><strong>ad</strong></span> <span class='ocrx_word' id='word_1_408' title='bbox 1553 4068 1598 4106; x_wconf 82' lang='lat' dir='ltr'><strong>ox-</strong></span> 
     </span>
     <span class='ocr_line' id='line_1_39' title="bbox 268 4145 1597 4212; baseline -0.003 -13"><span class='ocrx_word' id='word_1_409' title='bbox 268 4146 394 4199; x_wconf 84' lang='lat' dir='ltr'><strong>citandas</strong></span> <span class='ocrx_word' id='word_1_410' title='bbox 412 4147 508 4196; x_wconf 86' lang='lat' dir='ltr'><strong>turbas</strong></span> <span class='ocrx_word' id='word_1_411' title='bbox 525 4160 643 4211; x_wconf 88' lang='lat' dir='ltr'><strong>pronos,</strong></span> <span class='ocrx_word' id='word_1_412' title='bbox 658 4161 775 4212; x_wconf 88' lang='lat' dir='ltr'><strong>quorum</strong></span> <span class='ocrx_word' id='word_1_413' title='bbox 796 4147 907 4211; x_wconf 88' lang='lat' dir='ltr'><strong>Moyses</strong></span> <span class='ocrx_word' id='word_1_414' title='bbox 929 4148 1023 4198; x_wconf 87' lang='lat' dir='ltr'><strong>divisit</strong></span> <span class='ocrx_word' id='word_1_415' title='bbox 1045 4152 1129 4212; x_wconf 88' lang='lat' dir='ltr'><strong>atque</strong></span> <span class='ocrx_word' id='word_1_416' title='bbox 1152 4146 1306 4197; x_wconf 90' lang='lat' dir='ltr'><strong>dividendo</strong></span> <span class='ocrx_word' id='word_1_417' title='bbox 1324 4145 1410 4208; x_wconf 84' lang='lat' dir='ltr'><strong>tregit</strong></span> <span class='ocrx_word' id='word_1_418' title='bbox 1432 4147 1597 4210; x_wconf 89' lang='lat' dir='ltr'><strong>potentiam.</strong></span> 
     </span>
     <span class='ocr_line' id='line_1_40' title="bbox 268 4233 1600 4302; baseline -0.003 -15"><span class='ocrx_word' id='word_1_419' title='bbox 268 4235 344 4299; x_wconf 84' lang='lat' dir='ltr'><strong>Lege</strong></span> <span class='ocrx_word' id='word_1_420' title='bbox 364 4237 430 4286; x_wconf 93' lang='lat' dir='ltr'><strong>item</strong></span> <span class='ocrx_word' id='word_1_421' title='bbox 450 4233 509 4285; x_wconf 91' lang='lat' dir='ltr'><strong>Iud.</strong></span> <span class='ocrx_word' id='word_1_422' title='bbox 528 4235 553 4297; x_wconf 92' lang='lat'><strong>8,</strong></span> <span class='ocrx_word' id='word_1_423' title='bbox 571 4235 605 4286; x_wconf 76' lang='lat' dir='ltr'><strong>‘ti</strong></span> <span class='ocrx_word' id='word_1_424' title='bbox 623 4250 684 4302; x_wconf 86' lang='lat' dir='ltr'><strong>sqq.</strong></span> <span class='ocrx_word' id='word_1_425' title='bbox 701 4235 829 4301; x_wconf 76' lang='lat' dir='ltr'><strong>Rogatus</strong></span> <span class='ocrx_word' id='word_1_426' title='bbox 852 4238 955 4287; x_wconf 75' lang='lat' dir='ltr'><strong>Gedros</strong></span> <span class='ocrx_word' id='word_1_427' title='bbox 974 4237 1157 4293; x_wconf 69' lang='lat' dir='ltr'><strong>Maeandrus,</strong></span> <span class='ocrx_word' id='word_1_428' title='bbox 1173 4239 1204 4285; x_wconf 91' lang='lat' dir='ltr'><strong>ut</strong></span> <span class='ocrx_word' id='word_1_429' title='bbox 1224 4248 1342 4299; x_wconf 80' lang='lat' dir='ltr'><strong>regnum</strong></span> <span class='ocrx_word' id='word_1_430' title='bbox 1362 4237 1436 4285; x_wconf 86' lang='lat' dir='ltr'><strong>inter</strong></span> <span class='ocrx_word' id='word_1_431' title='bbox 1457 4234 1600 4284; x_wconf 88' lang='lat' dir='ltr'><strong>Hebraeos</strong></span> 
     </span>
     <span class='ocr_line' id='line_1_41' title="bbox 268 4323 1599 4392; baseline -0.002 -16"><span class='ocrx_word' id='word_1_432' title='bbox 268 4325 395 4388; x_wconf 89' lang='lat' dir='ltr'><strong>arripiat.</strong></span> <span class='ocrx_word' id='word_1_433' title='bbox 408 4325 478 4374; x_wconf 86' lang='lat' dir='ltr'><strong>Rem</strong></span> <span class='ocrx_word' id='word_1_434' title='bbox 491 4324 527 4374; x_wconf 90' lang='lat' dir='ltr'><strong>ab</strong></span> <span class='ocrx_word' id='word_1_435' title='bbox 541 4325 722 4388; x_wconf 88' lang='lat' dir='ltr'><strong>Ephraimitis</strong></span> <span class='ocrx_word' id='word_1_436' title='bbox 735 4325 879 4392; x_wconf 59' lang='lat' dir='ltr'><strong>(ati-aa)</strong></span> <span class='ocrx_word' id='word_1_437' title='bbox 896 4339 1040 4389; x_wconf 87' lang='lat' dir='ltr'><strong>nunquam</strong></span> <span class='ocrx_word' id='word_1_438' title='bbox 1059 4324 1204 4376; x_wconf 85' lang='lat' dir='ltr'><strong>terendam</strong></span> <span class='ocrx_word' id='word_1_439' title='bbox 1218 4323 1372 4387; x_wconf 88' lang='lat' dir='ltr'><strong>prudentor</strong></span> <span class='ocrx_word' id='word_1_440' title='bbox 1385 4324 1526 4375; x_wconf 87' lang='lat' dir='ltr'><strong>recusavit</strong></span> <span class='ocrx_word' id='word_1_441' title='bbox 1541 4323 1599 4374; x_wconf 86' lang='lat' dir='ltr'><strong>Ge·</strong></span> 
     </span>
     <span class='ocr_line' id='line_1_42' title="bbox 268 4412 1600 4476; baseline -0.002 -12"><span class='ocrx_word' id='word_1_442' title='bbox 268 4413 351 4466; x_wconf 87' lang='lat' dir='ltr'><strong>deon.</strong></span> <span class='ocrx_word' id='word_1_443' title='bbox 370 4412 526 4465; x_wconf 88' lang='lat' dir='ltr'><strong>Postulavit</strong></span> <span class='ocrx_word' id='word_1_444' title='bbox 546 4416 652 4474; x_wconf 89' lang='lat' dir='ltr'><strong>autem,</strong></span> <span class='ocrx_word' id='word_1_445' title='bbox 673 4419 704 4464; x_wconf 89' lang='lat' dir='ltr'><strong>ut</strong></span> <span class='ocrx_word' id='word_1_446' title='bbox 722 4415 775 4464; x_wconf 88' lang='lat' dir='ltr'><strong>sibi</strong></span> <span class='ocrx_word' id='word_1_447' title='bbox 794 4415 1015 4466; x_wconf 89' lang='lat' dir='ltr'><strong>concederentur</strong></span> <span class='ocrx_word' id='word_1_448' title='bbox 1034 4415 1158 4464; x_wconf 88' lang='lat' dir='ltr'><strong>bostium</strong></span> <span class='ocrx_word' id='word_1_449' title='bbox 1182 4413 1393 4464; x_wconf 79' lang='lat' dir='ltr'><strong>interfectorum</strong></span> <span class='ocrx_word' id='word_1_450' title='bbox 1413 4415 1544 4476; x_wconf 88' lang='lat' dir='ltr'><strong>inaures,</strong></span> <span class='ocrx_word' id='word_1_451' title='bbox 1565 4421 1600 4462; x_wconf 82' lang='lat' dir='ltr'><strong>ex</strong></span> 
     </span>
     <span class='ocr_line' id='line_1_43' title="bbox 268 4500 1601 4567; baseline -0.001 -16"><span class='ocrx_word' id='word_1_452' title='bbox 268 4503 412 4552; x_wconf 88' lang='lat' dir='ltr'><strong>inauribus</strong></span> <span class='ocrx_word' id='word_1_453' title='bbox 429 4500 549 4554; x_wconf 88' lang='lat' dir='ltr'><strong>coniecit</strong></span> <span class='ocrx_word' id='word_1_454' title='bbox 565 4501 656 4566; x_wconf 91' lang='lat' dir='ltr'><strong>ephod</strong></span> <span class='ocrx_word' id='word_1_455' title='bbox 675 4505 842 4566; x_wconf 89' lang='lat' dir='ltr'><strong>pretiosum,</strong></span> <span class='ocrx_word' id='word_1_456' title='bbox 858 4504 951 4567; x_wconf 88' lang='lat' dir='ltr'><strong>ephod</strong></span> <span class='ocrx_word' id='word_1_457' title='bbox 970 4506 1084 4567; x_wconf 90' lang='lat' dir='ltr'><strong>inquam</strong></span> <span class='ocrx_word' id='word_1_458' title='bbox 1103 4502 1212 4553; x_wconf 89' lang='lat' dir='ltr'><strong>habens</strong></span> <span class='ocrx_word' id='word_1_459' title='bbox 1230 4503 1384 4561; x_wconf 88' lang='lat' dir='ltr'><strong>rationale,</strong></span> <span class='ocrx_word' id='word_1_460' title='bbox 1402 4507 1430 4553; x_wconf 90' lang='lat' dir='ltr'><strong>et</strong></span> <span class='ocrx_word' id='word_1_461' title='bbox 1446 4503 1477 4551; x_wconf 89' lang='lat' dir='ltr'><strong>in</strong></span> <span class='ocrx_word' id='word_1_462' title='bbox 1491 4502 1543 4551; x_wconf 91' lang='lat' dir='ltr'><strong>ilio</strong></span> <span class='ocrx_word' id='word_1_463' title='bbox 1556 4513 1601 4550; x_wconf 88' lang='lat' dir='ltr'><strong>ra-</strong></span> 
     </span>
     <span class='ocr_line' id='line_1_44' title="bbox 268 4589 1600 4654; baseline -0.001 -14"><span class='ocrx_word' id='word_1_464' title='bbox 268 4591 367 4642; x_wconf 89' lang='lat' dir='ltr'><strong>tionali</strong></span> <span class='ocrx_word' id='word_1_465' title='bbox 385 4603 444 4642; x_wconf 87' lang='lat' dir='ltr'><strong>rem</strong></span> <span class='ocrx_word' id='word_1_466' title='bbox 463 4591 612 4654; x_wconf 56' lang='lat' dir='ltr'><strong>menidam</strong></span> <span class='ocrx_word' id='word_1_467' title='bbox 630 4605 738 4644; x_wconf 87' lang='lat' dir='ltr'><strong>sacram</strong></span> <span class='ocrx_word' id='word_1_468' title='bbox 755 4594 877 4644; x_wconf 89' lang='lat' dir='ltr'><strong>similem</strong></span> <span class='ocrx_word' id='word_1_469' title='bbox 892 4593 971 4643; x_wconf 89' lang='lat' dir='ltr'><strong>Urim</strong></span> <span class='ocrx_word' id='word_1_470' title='bbox 986 4595 1014 4643; x_wconf 93' lang='lat' dir='ltr'><strong>et</strong></span> <span class='ocrx_word' id='word_1_471' title='bbox 1030 4592 1199 4642; x_wconf 83' lang='lat' dir='ltr'><strong>Thummim.</strong></span> <span class='ocrx_word' id='word_1_472' title='bbox 1216 4591 1332 4653; x_wconf 85' lang='lat' dir='ltr'><strong>Regno,</strong></span> <span class='ocrx_word' id='word_1_473' title='bbox 1349 4590 1423 4654; x_wconf 89' lang='lat' dir='ltr'><strong>quod</strong></span> <span class='ocrx_word' id='word_1_474' title='bbox 1443 4590 1523 4641; x_wconf 88' lang='lat' dir='ltr'><strong>nullo</strong></span> <span class='ocrx_word' id='word_1_475' title='bbox 1540 4589 1600 4639; x_wconf 86' lang='lat' dir='ltr'><strong>Ma-</strong></span> 
     </span>
     <span class='ocr_line' id='line_1_45' title="bbox 269 4679 1600 4744; baseline -0.001 -15"><span class='ocrx_word' id='word_1_476' title='bbox 269 4681 394 4731; x_wconf 89' lang='lat' dir='ltr'><strong>nassaeis</strong></span> <span class='ocrx_word' id='word_1_477' title='bbox 408 4681 521 4729; x_wconf 89' lang='lat' dir='ltr'><strong>nomine</strong></span> <span class='ocrx_word' id='word_1_478' title='bbox 534 4679 698 4744; x_wconf 81' lang='lat' dir='ltr'><strong>obtingeret,</strong></span> <span class='ocrx_word' id='word_1_479' title='bbox 715 4695 746 4734; x_wconf 89' lang='lat' dir='ltr'><strong>se</strong></span> <span class='ocrx_word' id='word_1_480' title='bbox 760 4683 906 4733; x_wconf 83' lang='lat' dir='ltr'><strong>excusarit</strong></span> <span class='ocrx_word' id='word_1_481' title='bbox 921 4680 1046 4740; x_wconf 87' lang='lat' dir='ltr'><strong>Gedeon,</strong></span> <span class='ocrx_word' id='word_1_482' title='bbox 1063 4686 1182 4730; x_wconf 88' lang='lat' dir='ltr'><strong>conatus</strong></span> <span class='ocrx_word' id='word_1_483' title='bbox 1196 4685 1349 4730; x_wconf 85' lang='lat' dir='ltr'><strong>astantem</strong></span> <span class='ocrx_word' id='word_1_484' title='bbox 1362 4680 1510 4744; x_wconf 88' lang='lat' dir='ltr'><strong>antiquum</strong></span> <span class='ocrx_word' id='word_1_485' title='bbox 1530 4691 1600 4729; x_wconf 90' lang='lat' dir='ltr'><strong>suae</strong></span> 
     </span>
     <span class='ocr_line' id='line_1_46' title="bbox 269 4768 718 4832; baseline 0.004 -14"><span class='ocrx_word' id='word_1_486' title='bbox 269 4769 357 4820; x_wconf 90' lang='lat' dir='ltr'><strong>tribus</strong></span> <span class='ocrx_word' id='word_1_487' title='bbox 366 4781 502 4819; x_wconf 89' lang='lat' dir='ltr'><strong>renovare</strong></span> <span class='ocrx_word' id='word_1_488' title='bbox 516 4768 718 4832; x_wconf 85' lang='lat' dir='ltr'><strong>pontificatum.</strong></span> 
     </span>
    </p>

    <p class='ocr_par' dir='ltr' id='par_1_7' title="bbox 304 4857 1601 4922">
     <span class='ocr_line' id='line_1_47' title="bbox 304 4857 1601 4922; baseline -0.001 -14"><span class='ocrx_word' id='word_1_489' title='bbox 304 4857 402 4922; x_wconf 90' lang='lat' dir='ltr'><strong>Neque</strong></span> <span class='ocrx_word' id='word_1_490' title='bbox 423 4857 512 4918; x_wconf 88' lang='lat' dir='ltr'><strong>dicas,</strong></span> <span class='ocrx_word' id='word_1_491' title='bbox 529 4857 607 4908; x_wconf 91' lang='lat' dir='ltr'><strong>nulla</strong></span> <span class='ocrx_word' id='word_1_492' title='bbox 625 4857 711 4909; x_wconf 85' lang='lat' dir='ltr'><strong>tuisse</strong></span> <span class='ocrx_word' id='word_1_493' title='bbox 726 4858 876 4918; x_wconf 81' lang='lat' dir='ltr'><strong>sacrificia,</strong></span> <span class='ocrx_word' id='word_1_494' title='bbox 892 4869 965 4921; x_wconf 91' lang='lat' dir='ltr'><strong>quae</strong></span> <span class='ocrx_word' id='word_1_495' title='bbox 983 4858 1023 4906; x_wconf 92' lang='lat' dir='ltr'><strong>ilii</strong></span> <span class='ocrx_word' id='word_1_496' title='bbox 1043 4858 1204 4910; x_wconf 86' lang='lat' dir='ltr'><strong>sacerdotes</strong></span> <span class='ocrx_word' id='word_1_497' title='bbox 1220 4859 1248 4907; x_wconf 94' lang='lat' dir='ltr'><strong>in</strong></span> <span class='ocrx_word' id='word_1_498' title='bbox 1263 4859 1391 4922; x_wconf 74' lang='lat' dir='ltr'><strong>Aegypto</strong></span> <span class='ocrx_word' id='word_1_499' title='bbox 1408 4857 1512 4909; x_wconf 87' lang='lat' dir='ltr'><strong>oiierre</strong></span> <span class='ocrx_word' id='word_1_500' title='bbox 1531 4871 1601 4922; x_wconf 90' lang='lat' dir='ltr'><strong>pos·</strong></span> 
     </span>
    </p>
   </div>
   <div class='ocr_carea' id='block_1_6' title="bbox 0 0 1782 5384">
    <p class='ocr_par' dir='ltr' id='par_1_8' title="bbox 0 0 1782 5384">
     <span class='ocr_line' id='line_1_48' title="bbox 0 0 1782 5384; baseline 0 0"><span class='ocrx_word' id='word_1_501' title='bbox 0 0 1782 5384; x_wconf 95' lang='lat' dir='ltr'><strong> </strong></span> 
     </span>
    </p>
   </div>
  </div>
 </body>
</html>
