3534 5384
715 409 763 454 ex.
787 393 880 461 stas
902 411 966 462 sao.
1449 403 1506 461 ‘2⁶25

176 545 273 612 Haud
286 543 449 620 dubium,
469 543 607 633 quando
626 542 767 628 ungulis
784 547 844 610 aut
859 564 976 610 morsu
992 543 1136 612 alicuius
1152 545 1309 615 animalis
1330 548 1508 618 domestici

174 651 279 718 homo
296 649 497 729 interiisset,
511 647 640 716 iudices
658 649 861 716 sententiam
877 651 997 717 tulisse
1013 673 1052 717 ex
1072 652 1237 740 analogia
1251 656 1336 743 legis
1350 657 1385 723 h.
1409 659 1433 724 l.
1450 657 1507 724 de-

174 757 332 847 scriptae.
350 780 382 824 v.
405 763 448 824 29
465 785 480 817 a
499 754 629 837 Quodsi
639 757 696 821 las
711 769 897 846 cornupeta
905 755 1017 843 suerit
1029 759 1071 824 ab
1082 759 1157 824 lteri
1166 773 1198 824 et
1211 761 1457 830 nudiustertius
1471 789 1504 845 »3

175 864 198 929 i.
226 886 255 931 e.
279 891 295 925 a
312 887 332 929 a
351 863 460 929 multa
475 870 628 952 tempore
650 891 684 938 u,
706 863 761 928 vel
780 870 872 929 certe
893 891 909 922 u
929 869 1030 930 antea
1052 892 1066 922 υ
1092 865 1216 954 (Vol),
1238 893 1254 926 u
1278 880 1311 934 et
1327 871 1508 937 contestati

174 981 254 1035 suru
276 969 455 1036 domiuum
474 968 547 1035 eius
565 996 595 1050 »,
614 990 789 1035 -eoram
813 969 954 1036 testibus
971 978 1196 1054 monuerunt,
1224 995 1292 1062 quo
1311 997 1365 1042 res
1382 976 1508 1043 iudicio

172 1076 316 1165 probari
334 1082 459 1165 posset3
488 1082 521 1142 et
544 1078 600 1142 Ps.
625 1077 699 1142 lon.
725 1074 842 1163 prodit
865 1082 1020 1144 exactam
1043 1079 1261 1166 postmodum
1286 1103 1358 1148 esse
1380 1083 1508 1150 trinam

173 1183 399 1249 monitionem
426 1221 470 1232 -
491 1209 508 1242 a
532 1203 595 1248 uec
613 1180 788 1248 recluserit
811 1203 901 1264 erem,
922 1182 1152 1273 occideritque
1171 1186 1284 1252 virum
1305 1201 1366 1254 aut
1385 1189 1508 1255 midic-

174 1310 247 1355 rcm
259 1311 273 1354 .·
286 1301 320 1354 et
333 1292 390 1355 dos
406 1287 579 1378 lapidibus
594 1289 766 1370 obruetur,
784 1300 816 1353 et
832 1286 1012 1355 (laurinum
1025 1291 1094 1357 eius
1107 1291 1262 1358 occident
1278 1322 1306 1360 u.
1323 1295 1359 1360 Si
1372 1294 1449 1384 quis
1464 1296 1507 1361 ad

173 1393 296 1462 bovem
326 1395 496 1462 reclusum
529 1395 704 1481 ingressus
734 1392 1019 1477 interficiebatur,
1051 1395 1212 1464 dominus
1240 1399 1405 1468 innocens
1436 1409 1508 1468 eret

176 1500 315 1592 (Sata).
333 1523 366 1568 v.
388 1507 430 1568 30
456 1528 472 1561 «
496 1499 624 1583 Quodsi
635 1499 787 1588 pretium
798 1499 911 1588 fuerit
925 1501 958 1566 ei
971 1501 1184 1592 impositum,
1204 1502 1375 1596 daditpro
1389 1509 1508 1575 anima

174 1630 257 1689 sua,
283 1606 458 1698 quidquid
472 1607 579 1694 suerit
587 1606 785 1697 postulatus
800 1634 830 1690 u,
851 1635 866 1668 ι(
890 1607 1076 1674 seeundum
1090 1607 1334 1678 discretionem
1347 1613 1473 1680 iudicis
1490 1644 1505 1675 u

176 1712 313 1804 (Sale).
331 1718 414 1781 Cum
429 1713 485 1780 vix
505 1735 576 1780 non
595 1734 730 1802 semper
750 1713 911 1780 dominus
925 1715 1118 1802 peccaverit
1133 1738 1200 1782 non
1221 1739 1261 1783 ex
1284 1719 1430 1802 malitia,
1449 1723 1506 1787 sed

173 1821 435 1907 enegligentia,
453 1841 565 1909 poena
583 1819 703 1908 capitis
719 1821 756 1886 in
778 1819 1038 1886 desuetudinem
1060 1820 1159 1905 abiit,
1178 1827 1211 1888 et
1225 1826 1283 1891 Ps.
1301 1825 1374 1890 lou.
1397 1827 1506 1893 sotum

172 1925 380 2016 loquitucde
392 1932 513 2009 morte,
530 1954 546 1988 «
559 1948 648 2016 quae
658 1925 865 1992 immittatur
874 1927 907 1992 ei
921 1925 962 1992 de
978 1926 1083 1994 coetis
1095 1955 1125 1996 ».
1139 1927 1220 1994 Aliis
1232 1929 1357 2013 verbis
1372 1931 1408 1998 ni
1422 1938 1507 1999 [teus

173 2032 326 2100 evidenti
354 2031 521 2099 miraculo
553 2032 702 2098 hominis
721 2030 890 2098 malitiam
919 2033 1144 2122 patefaceret,
1166 2036 1319 2102 maluere
1344 2037 1507 2105 haeredes

172 2139 337 2206 mulctam
361 2139 533 2228 accipere,
555 2160 660 2229 quam
680 2137 856 2204 hominem
876 2137 1043 2206 occidere.
1066 2162 1098 2207 v.
1122 2147 1162 2208 31
1185 2169 1200 2201 c
1222 2142 1355 2210 Filium
1373 2167 1507 2234 atroque

173 2244 333 2335 etlilium
356 2274 372 2305 »
401 2242 555 2312 nondum
576 2243 711 2311 adultas
734 2272 750 2306 a
770 2244 802 2310 si
821 2244 928 2311 corrue
941 2246 1167 2335 percusserit,
1188 2247 1298 2314 simili
1318 2253 1506 2318 sententiae

173 2351 371 2418 subiacebit.
396 2379 411 2410 »
431 2373 463 2417 v.
481 2357 525 2417 32
547 2378 564 2411 (ι
584 2351 625 2418 Si
637 2373 769 2416 servum
785 2349 1019 2440 ancillamque
1037 2351 1219 2436 invaserit,
1239 2355 1384 2445 triqiuta
1406 2359 1506 2425 siclos

173 2457 311 2548 arpenti
325 2455 464 2523 dauriae
486 2455 598 2543 dabit,
617 2459 674 2523 bos
691 2480 770 2524 vero
786 2455 958 2546 lapidibus
971 2458 1182 2548 opprimetur
1199 2488 1228 2528 u.
1248 2464 1394 2530 Domino
1406 2467 1506 2532 sedvi-

171 2573 229 2632 tuc
242 2563 394 2654 pretium
409 2564 496 2629 servi
513 2585 521 2632 ε
541 2561 631 2629 unde
646 2563 716 2629 iam
731 2570 835 2653 patet,
856 2584 925 2630 non
938 2565 1050 2630 locum
1066 2586 1136 2632 esse
1151 2565 1208 2632 hie
1223 2567 1266 2649 ei,
1284 2591 1390 2658 quam
1406 2573 1503 2659 Suis.

172 2670 324 2751 volebat,
340 2669 551 2737 distinctioni
565 2671 655 2736 inter
667 2691 802 2736 servum
818 2691 890 2737 non
903 2671 1091 2738 hebraeum
1107 2676 1140 2738 et
1152 2693 1288 2740 servum
1299 2676 1501 2744 hebraeum.

170 2780 277 2854 Quam
301 2777 443 2843 minime
467 2775 647 2842 confirmat
670 2774 788 2842 Dillm.
812 2798 976 2860 asserens
995 2799 1034 2844 ex
1055 2780 1131 2844 Lar.
1153 2783 1232 2861 ete
1257 2782 1344 2847 servi
1363 2782 1504 2850 hebraei

171 2884 321 2974 pretium
336 2882 439 2949 faisse
450 2904 521 2949 non
533 2881 690 2968 triginta,
706 2882 765 2948 sed
780 2882 1034 2972 quinquaginta
1045 2882 1208 2950 siclorum
1226 2886 1376 2976 :inspice
1389 2889 1503 2956 locum

171 2996 206 3057 et
214 2989 362 3068 videbis
374 3010 592 3079 nequaquam
604 2987 654 3054 ibi
665 2987 725 3074 agi
734 2977 900 3070 deservis,
916 2988 1011 3056 aliud
1023 3011 1086 3078 pro
1096 2991 1178 3058 viris
1188 2991 1323 3059 ataliud
1335 2996 1503 3083 prosemi-

170 3095 224 3162 nis
242 3094 345 3162 scribi
364 3094 528 3184 pretium,
551 3115 624 3161 rem
643 3094 784 3161 tractari
804 3100 876 3160 toto
896 3095 989 3161 coelo
1010 3094 1191 3162 diversam.

499 3319 528 3367 2.
548 3309 586 3354 De
604 3308 704 3354 termento
725 3307 792 3368 lapsa
809 3308 835 3354 iu
849 3309 983 3356 cisternam.
999 3309 1133 3396 Baetes
1153 3324 1189 3370 sq.

215 3483 347 3565 tgmen
364 3475 528 3544 claudunt
549 3475 670 3542 caedes
690 3475 729 3543 in
746 3475 913 3543 animalia
932 3480 1098 3565 patratae.
1115 3501 1147 3547 v.
1173 3485 1214 3546 33
1233 3480 1308 3548 «Si
1325 3485 1403 3572 quis
1418 3510 1499 3576 apr-

170 3584 280 3652 ruerit
295 3582 479 3650 cisternam
497 3610 513 3644 u
531 3581 601 3649 iam
616 3590 696 3650 ante
714 3583 880 3662 effossam,
900 3613 915 3643 α
933 3595 965 3648 et
983 3611 1000 3644 »
1017 3605 1138 3652 —seu
1158 3585 1272 3654 verius
1286 3603 1348 3656 aut
1364 3592 1494 3682 (Heli.)

169 3691 270 3757 —da
282 3713 371 3757 novo
388 3717 404 3751 a
419 3689 563 3779 sederit,
578 3702 610 3754 et
624 3711 693 3756 riou
705 3689 876 3778 operuerit
891 3711 983 3774 eam,
998 3689 1222 3780 cecideritque
1238 3695 1294 3759 bas
1309 3709 1367 3762 aut
1381 3701 1496 3765 esitius¹

169 3799 206 3864 iu
231 3819 311 3864 eam
335 3825 369 3880 »‚
390 3819 423 3862 v.
446 3801 488 3862 st
516 3823 533 3858 a
555 3795 672 3863 reddet
689 3794 850 3862 domiuus
866 3794 1033 3862 cisternae
1047 3797 1201 3886 pretium
1218 3797 1459 3884 [iumentorum
1463 3815 1491 3895 μ

169 3902 264 3992 quad
276 3916 391 3970 autem
409 3913 583 3969 ruartuum
598 3913 660 3985 est,
679 3901 785 3991 ipsius
799 3914 847 3968 est
864 3930 896 3969 u.
917 3902 1021 3968 Plena
1034 3901 1073 3968 fit
1094 3904 1273 3972 restitutio.
1297 3912 1496 3999 impeditior

168 4011 335 4076 sententia
354 4009 446 4100 apud
466 4010 568 4076 Hebr.
587 4011 681 4076 Sam.
699 4009 790 4074 LXX
809 4006 931 4076 utatd.
954 4028 967 4072 .·
981 4007 1136 4075 restituet
1147 4013 1354 4100 pecuniam,
1377 4017 1493 4083 reddet

169 4115 308 4182 domino
325 4117 405 4182 eius.
422 4119 558 4182 Poterat
571 4103 674 4183 rimi
690 4128 765 4178 :mr
781 4136 853 4182 esse
868 4113 1064 4203 explanatio
1081 4119 1315 4205 praecedentis
1331 4125 1490 4205 membri,

167 4243 189 4288 a
201 4223 357 4308 margine
366 4220 404 4288 in
412 4227 539 4288 textum
549 4223 692 4288 invecta.
705 4222 800 4289 Sam.
816 4243 953 4287 ramum
963 4219 1101 4289 additet
1111 4244 1209 4290 omne
1212 4246 1319 4314 pecus
1324 4247 1340 4314 ,·
1349 4231 1405 4298 Ps.
1420 4235 1493 4302 Ion.

169 4350 243 4396 rem
268 4327 393 4395 limitat
418 4328 462 4395 ad
487 4327 647 4396 cisternas
678 4357 693 4388 «
720 4327 757 4393 in
786 4326 901 4418 platea
931 4355 946 4389 u
978 4327 1062 4395 :lex
1088 4332 1235 4416 attoyse
1254 4331 1324 4400 lata
1351 4336 1494 4406 decursu

168 4441 365 4525 temporum
385 4433 496 4522 magis
514 4440 564 4501 est
581 4433 753 4523 explicata
770 4442 803 4500 et
822 4433 982 4501 limitata.

463 4650 488 4699 ἦ,
509 4638 546 4686 De
561 4639 647 4686 mutuis
667 4639 821 4687 irruenter-uus
839 4639 978 4688 laesionibus
1000 4639 1047 4690 Ea.
1063 4639 1132 4700 itit
1148 4653 1184 4700 tq.

214 4829 247 4873 v.
265 4814 308 4876 35
324 4809 396 4875 «Si
415 4811 471 4875 bos
489 4807 625 4876 alienus
647 4811 762 4875 bouem
782 4808 925 4875 alterius
950 4809 1191 4894 uulnerauerit,
1214 4823 1246 4877 et
1266 4813 1324 4884 ille
1345 4832 1499 4890 utortuus

569 4936 746 4974 acnrcmucs.
762 4949 794 4960 -
811 4937 835 4974 m
851 4937 894 4974 nx.
912 4937 944 4972 cr
961 4936 1016 4974 tet.
1033 4947 1066 4964 -
1083 4927 1111 4973 15
