3534 5384
690 344 871 432 nsv.18,2l
897 359 960 413 sao.
1435 345 1494 404 485

164 496 256 557 batur,
272 508 336 546 cum
350 495 385 546 ob
400 507 497 546 aarum
510 496 658 547 mulierum
672 497 898 558 inconstantiam,
913 501 972 548 tum
987 497 1107 547 maxime
1121 497 1157 548 oh
1172 499 1303 548 constans
1318 509 1381 548 cum
1394 509 1491 550 earum

164 586 295 648 cognatis
312 583 468 635 idololatris
488 587 693 636 commercium.
707 586 770 637 Non
790 587 898 645 tamen,
911 586 936 636 si
956 585 1021 636 illae
1039 584 1075 634 ad
1095 583 1286 636 Hebraeorum
1301 598 1380 637 sacra
1394 599 1490 638 acces-

164 674 284 735 sissent,
299 674 464 739 lapidationi
478 673 557 724 locus
571 678 641 724 erat.
658 675 783 725 Aliarum
798 675 1019 738 alienigenarum
1033 675 1166 738 coniugia
1179 675 1293 725 minime
1307 676 1492 739 prohibeban-

164 767 218 825 tur,
235 762 387 814 dummodo
405 761 597 814 Hebraeorum
619 764 707 814 sacris
725 765 910 827 iungerentur
933 759 1017 831 (Ruth
1035 759 1098 830 1,l).
1116 763 1148 813 ld
1162 765 1277 814 omnino
1291 767 1383 827 egisse
1401 764 1492 816 credi·

166 850 254 902 derim
269 850 355 902 tiliam
370 851 527 902 Pharaonis
541 848 568 917 (3
584 851 654 915 Reg.
667 851 727 914 t,t;
742 851 758 902 i
773 851 837 903 Par.
855 849 943 918 8,li);
957 863 1048 916 neque
1062 853 1201 903 rationem
1220 851 1303 902 video
1323 851 1496 914 affirmandi,

163 940 192 990 id
206 939 330 1004 reliquas
347 939 506 991 mamonis
519 953 622 992 uxores
635 940 811 1006 alienigenas
824 953 882 991 non
896 941 997 1004 egisse,
1011 940 1075 992 licet
1089 943 1188 1005 postea
1201 942 1230 990 in
1245 940 1431 992 idololatriam
1446 955 1493 993 re·

161 1029 260 1093 lapsae
276 1030 342 1080 sint.
359 1029 396 1080 iit
409 1028 477 1080 Lev.
497 1027 591 1090 18,tl;
608 1029 670 1096 203
689 1042 752 1094 sqq.
768 1029 820 1080 suh
833 1042 927 1093 poena
940 1029 1119 1092 lapidationis
1131 1030 1297 1092 prohibetur
1311 1031 1412 1094 copula
1429 1043 1492 1081 cum

167 1117 285 1168 muliere
299 1118 459 1180 alienigena
478 1119 508 1166 in
521 1131 573 1168 sua
592 1119 791 1181 superstitione
804 1119 1011 1182 perseverante.
1028 1117 1109 1178 Quod
1123 1117 1239 1169 sceleris
1256 1130 1346 1181 genus
1365 1131 1423 1169 non
1441 1132 1494 1186 po-

166 1209 241 1256 terat
255 1205 342 1256 lahve
353 1205 410 1256 alic
424 1208 477 1256 nisi
493 1208 618 1258 extremo
631 1208 768 1272 supplicio
782 1208 913 1270 plectere.

422 1433 446 1477 γ.
463 1419 636 1479 appendicula
652 1419 682 1466 de
698 1417 793 1478 copulis
810 1423 896 1465 contra
912 1421 1025 1465 naturam
1041 1416 1099 1466 Lev.
1118 1418 1186 1477 uati
1203 1433 1240 1478 sq.

211 1610 244 1654 v.
261 1593 306 1654 22
328 1617 343 1649 «
369 1589 453 1654 Cum
470 1585 622 1654 mascula
641 1609 711 1652 nan
732 1584 983 1653 commiscearis
999 1587 1087 1652 coitu
1104 1585 1257 1672 fenzirtco
1280 1613 1314 1670 n,
1329 1609 1399 1652 non
1414 1608 1492 1652 can-

170 1697 306 1761 cumbas
325 1692 506 1761 concubitu
515 1692 681 1783 feminco,
699 1692 897 1782 qualiscum
911 1693 1041 1759 femina
1054 1691 1214 1776 hebetur,
1236 1719 1252 1753 u
1264 1691 1349 1782 qiiia
1368 1691 1495 1759 abomi-

170 1801 266 1867 natio
284 1812 333 1866 est
349 1829 379 1866 n.
401 1806 444 1868 23
467 1830 482 1862 κ
511 1803 598 1868 Cum
621 1798 716 1866 amni
731 1821 853 1888 pecore
870 1820 940 1866 non
957 1798 1077 1882 cciiii,
1094 1821 1155 1866 nec
1177 1797 1402 1866 maculaberis
1418 1820 1496 1865 cum

170 1927 229 1992 eo;
247 1906 372 1973 mulier
394 1928 465 1972 nan
487 1904 683 1973 succutiebet
702 1907 872 1979 iumento,
902 1927 962 1971 nec
988 1905 1183 1972 miscebitur
1206 1905 1257 1986 ei,
1281 1904 1366 1993 quia
1386 1905 1493 1972 scelus

171 2023 265 2081 est».
286 2013 334 2082 Cf.
357 2018 471 2095 huid.
494 2016 577 2080 Cum
597 2034 694 2080 secus
710 2013 777 2078 hae
793 2012 887 2100 leges
899 2010 1027 2079 directe
1047 2012 1172 2079 dentur
1186 2011 1282 2096 virzi,
1300 2017 1417 2078 temen
1429 2010 1495 2075 hoc

164 2143 197 2187 v.
214 2125 257 2188 23
270 2117 427 2187 mulieris
438 2124 618 2209 peccatum
632 2118 782 2199 effertur,
800 2117 894 2208 quod
912 2119 949 2184 in
962 2122 1116 2209 Aegypta
1134 2123 1168 2184 et
1183 2117 1268 2185 alibi
1285 2121 1318 2185 et
1331 2118 1493 2206 frequens

167 2233 254 2293 esset
268 2231 303 2292 ei
320 2247 455 2293 sacrum
467 2225 665 2292 haberetur.

200 2388 339 2452 Quaeres,
355 2403 405 2440 cur
417 2389 538 2442 iornmla
553 2389 609 2452 290
622 2389 704 2439 laice
719 2400 776 2438 non
790 2391 917 2440 extremo
934 2401 962 2439 v.
976 2388 1009 2438 2³
1030 2392 1059 2440 et
1073 2387 1203 2440 absoluta
1216 2390 1349 2439 universa
1363 2389 1427 2451 lege
1441 2388 1492 2438 ad·

164 2478 300 2530 scribatur
314 2479 416 2543 potius,
432 2491 516 2543 quam
530 2485 656 2529 exuemo
669 2491 696 2527 v.
713 2476 758 2528 it.
775 2477 905 2528 Fortasse
921 2478 967 2528 lex
980 2477 1108 2542 primitus
1120 2477 1183 2528 sola
1196 2479 1312 2541 peccata
1323 2475 1492 2540 attingebat,

165 2580 238 2632 quae
252 2571 350 2620 contra
362 2572 492 2619 naturam
506 2580 562 2618 non
578 2568 672 2628 erant,
688 2579 723 2618 ea
735 2579 803 2617 vero
816 2566 901 2617 alicui
916 2565 1093 2631 postmodum
1106 2568 1168 2617 visa
1183 2569 1248 2618 sunt
1261 2565 1455 2617 adscribenda.

613 2794 638 2830 c.
660 2779 795 2844 Epilogus
814 2779 881 2831 Lev.
906 2778 1047 2840 18,tt·30.

205 2959 287 3045 Arp.
307 2994 351 3006 -
363 2960 394 3021 ls
406 2955 559 3042 primum
571 2953 712 3021 resumit
721 2957 965 3039 argumentum
980 2975 1012 3019 v.
1027 2958 1058 3034 3,
1075 2951 1147 3036 sed,
1160 2950 1292 3018 omissis
1303 2951 1490 3042 Aegyptiis

167 3060 314 3129 ostendit
331 3061 613 3127 chananaeorum
629 3059 886 3148 impendentem
900 3057 1037 3126 ruinam
1056 3057 1101 3126 ob
1113 3057 1269 3126 luxuriae
1281 3058 1412 3126 scelera
1425 3057 1492 3125 im-

166 3168 288 3259 primis
300 3165 537 3254 infligendam.
555 3165 689 3256 Repetit
701 3187 734 3232 v.
749 3171 793 3232 26
808 3164 1077 3233 exhortationem
1094 3188 1127 3233 v.
1145 3171 1165 3233 5
1184 3193 1199 3226 u
1215 3163 1386 3232 Custodite
1398 3163 1492 3254 leges

165 3295 259 3342 mess
276 3277 340 3341 etc.
371 3299 388 3334 n
413 3277 466 3356 et,
489 3278 566 3363 post
591 3293 725 3339 rursum
747 3272 982 3339 demonstrata
1008 3272 1289 3340 chananaeorum
1308 3271 1438 3339 scelera
1458 3277 1493 3339 et

162 3381 316 3462 ruinam,
332 3379 477 3448 eandem
495 3402 528 3446 v.
551 3386 593 3447 30
612 3379 819 3466 ingeminat,
842 3378 1086 3470 concluditque
1099 3376 1241 3446 vocibus
1259 3405 1275 3440 u
1297 3381 1368 3465 ligo
1388 3379 1491 3446 lahve

163 3494 249 3555 Deus
260 3492 372 3555 vester
385 3515 416 3556 ».

205 3617 238 3662 v.
254 3601 296 3662 it
315 3622 331 3654 u
347 3595 416 3660 Nec
428 3592 639 3683 polluamini
658 3592 696 3659 in
717 3591 872 3658 omuibus
887 3591 941 3658 liic
957 3616 992 3675 »,
1014 3596 1049 3658 et
1062 3590 1200 3658 additur
1219 3591 1306 3658 ratio
1323 3611 1330 3658 :
1355 3591 1436 3680 quia
1452 3591 1489 3656 in

165 3699 234 3782 liis,
251 3722 311 3769 seu
328 3727 344 3760 ι(
360 3699 483 3788 quibus
497 3700 750 3768 contaminatae
769 3711 849 3765 sunt
866 3697 1073 3788 [uniuersae]
1093 3709 1225 3786 pentes,
1240 3719 1325 3786 qum
1343 3719 1406 3786 eqo
1425 3695 1489 3763 eii-

163 3805 253 3874 ciam
266 3818 346 3872 ante
362 3818 579 3896 conspectum
590 3818 738 3873 uestmm
755 3833 785 3871 ».
798 3804 925 3883 Quibus
944 3825 1026 3871 sane
1041 3825 1101 3870 vos
1115 3803 1212 3871 decet·
1227 3824 1297 3870 esse
1317 3803 1485 3870 meliores.

162 3912 316 3979 Omitte«
333 3913 501 4002 atquibus
520 3941 535 3972 »
553 3911 651 3980 initio
665 3936 698 3979 v.
716 3918 758 3979 25
777 3932 785 3977 :
803 3940 818 3972 α
835 3909 974 3978 Polluta
990 3922 1155 3995 cetiaria,
1176 3909 1346 3998 caimeqo
1361 3906 1487 3974 scelera

164 4017 317 4103 visitabo,
337 4031 374 4084 ut
387 4031 521 4087 evomat
534 4017 742 4086 habitatores
755 4040 831 4084 sues
848 4044 879 4082 n.
897 4021 945 4083 En
960 4017 1068 4084 altera
1082 4015 1169 4083 ratio
1186 4038 1305 4082 corum
1320 4015 1487 4083 scelerum

162 4125 396 4209 vitandorum,
414 4148 459 4193 ne
477 4125 624 4192 eandem
635 4126 813 4193 incurrant
826 4145 986 4214 poenam.
1003 4127 1103 4191 Notat
1115 4124 1248 4212 Bonsr„
1266 4143 1336 4187 non
1349 4120 1393 4188 ob
1412 4142 1485 4188 om·

163 4253 223 4299 nas
234 4254 308 4322 cap.
328 4239 370 4299 18
383 4232 479 4320 leges
491 4232 667 4319 neglectas
678 4229 887 4322 reprehendi
902 4229 937 4296 h.
960 4228 984 4296 l.
1005 4229 1239 4310 chananaeos,
1255 4249 1334 4295 cum
1349 4226 1486 4318 aliquae

54 4363 59 4371 ·
162 4337 237 4404 iure
257 4342 400 4405 naturae
418 4359 488 4406 non
508 4337 720 4426 obligarent,
743 4338 801 4404 sed
815 4335 1030 4427 potissimum
1047 4336 1092 4402 ob
1108 4335 1298 4402 sodomiem
1313 4340 1347 4402 et
1361 4334 1487 4402 bestia-

164 4443 311 4527 litatem,
334 4449 366 4510 et
387 4445 528 4512 fumasse
551 4446 654 4512 eiiam
679 4444 724 4511 ob
745 4466 787 4511 ea
808 4441 1044 4525 matrimonia,
1067 4464 1155 4532 quae
1174 4441 1229 4508 vel
1250 4441 1324 4510 iure
1344 4446 1488 4508 naturae

161 4549 283 4617 illicita
303 4556 412 4618 erant.
442 4556 599 4619 Ceterum
626 4551 711 4638 fingi
733 4555 862 4640 potest,
879 4549 934 4616 vix
951 4571 1023 4616 non
1044 4570 1162 4616 omnes
1187 4549 1249 4615 has
1268 4547 1363 4634 leges
1386 4546 1487 4613 fuisse

161 4661 271 4746 lloyse
299 4657 509 4747 antiquiores
533 4664 568 4724 et
587 4663 741 4725 veterum
771 4657 1047 4745 patriarcharum
1078 4655 1280 4722 auctoritate
1308 4652 1485 4721 sancitas:

164 4763 332 4832 eiusmodi
355 4765 484 4855 quippe
503 4762 545 4829 de
563 4763 839 4852 propinquorum
858 4761 1024 4846 coniugiis
1038 4761 1132 4845 leges
1146 4762 1199 4826 vel
1223 4763 1303 4826 ante
1318 4757 1487 4824 diluvium
