3534 5384
722 341 770 384 ax.
794 325 888 393 ΜΞ
910 341 972 393 soo.
1458 331 1520 388 223¹

183 479 267 553 erat,
282 475 392 563 qualis
408 495 438 538 v.
454 478 495 538 21
507 472 665 540 babetur.
680 471 715 539 Si
730 472 906 562 percussio
925 474 1038 541 locum
1057 475 1225 542 habuerat
1244 499 1313 544 non
1336 477 1379 544 de
1398 477 1516 544 indus-

181 582 265 662 tria,
283 579 447 670 patebant
463 581 536 646 loca
551 579 688 664 refugii.
705 568 795 666 Ergo
810 602 881 646 non
897 587 971 646 erat
990 581 1116 648 iniusta
1130 590 1190 648 aut
1207 583 1327 649 durior
1341 585 1406 652 lex.
1424 607 1456 650 v.
1473 592 1514 650 23

184 715 200 750 «
218 686 281 753 Sin
295 698 410 753 autem
425 708 516 752 mors
532 687 627 773 [eius]
638 687 752 775 feceri!
768 689 944 754 ucbseeute
968 717 998 771 n,
1022 687 1126 756 Hebr.
1142 688 1172 755 si
1186 689 1351 756 acciderit
1367 692 1515 780 infortu-

182 794 295 873 nium,
316 821 331 854 «
353 792 471 860 reddet
488 793 640 859 oninium
657 814 721 883 pro
741 794 859 860 animo
881 822 913 875 »‚
936 795 1041 861 vitam
1061 817 1124 886 pro
1143 795 1224 864 vita.

582 1056 611 1102 2,
632 1041 683 1090 Lex
698 1043 726 1091 de
742 1042 889 1091 mmilatione
906 1045 954 1092 Ea.
969 1045 1087 1104 unul-ar.

198 1228 201 1232 ¹
224 1252 306 1339 Arp.
333 1248 480 1335 -Legi
504 1249 545 1316 de
567 1249 785 1338 percussione
804 1249 928 1316 lethali
952 1271 988 1316 r.
1011 1256 1113 1317 iaus
1129 1250 1277 1318 accrevit
1298 1250 1351 1316 lex
1374 1250 1512 1316 talionis

180 1380 213 1422 v.
240 1361 281 1421 274
300 1378 350 1446 sq.
367 1379 446 1422 cum
465 1379 526 1422 suo
542 1355 777 1456 additamento
796 1379 830 1423 v.
849 1362 891 1422 26
913 1379 965 1446 sq.
983 1356 1031 1423 of.
1047 1363 1124 1424 Lar.
1141 1362 1261 1440 2t‚20;
1279 1361 1375 1438 Deut,
1399 1363 1518 1438 isui.

180 1465 244 1529 Pro
258 1462 454 1529 bominibus
467 1485 514 1529 se.
531 1462 648 1529 liberis
663 1463 716 1528 lex
730 1462 871 1530 talionis
890 1462 982 1529 valet
996 1463 1166 1544 absolute3
1185 1485 1360 1530 servorum
1376 1463 1513 1553 aliquae

182 1569 411 1637 mutilationes
428 1568 587 1636 libertate
607 1570 696 1635 servi
716 1573 993 1658 compensantur.

669 1803 703 1851 (ι)
718 1804 760 1841 m
774 1803 857 1842 ursona
871 1803 911 1842 rs.
925 1803 1026 1850 aaran

224 1993 255 2036 r.
278 1977 319 2038 2¹4
342 2001 356 2031 a
383 1970 527 2038 Oculum
540 1992 606 2060 pro
626 1969 723 2036 oculo
743 1998 772 2050 »‚
790 1967 973 2057 —supple
996 1989 1003 2036 :
1025 1967 1133 2035 dabis,
1149 1968 1245 2034 Falso
1264 1969 1391 2058 quippe
1411 1991 1510 2037 accu-

178 2079 302 2145 sativos
328 2077 445 2145 Dillm.
469 2077 518 2143 ita
541 2076 679 2164 accipit,
700 2075 798 2164 quasi
826 2075 928 2164 Vulq.
949 2075 1041 2139 LXX
1055 2095 1087 2140 v.
1108 2080 1149 2140 it
1165 2096 1216 2162 sq.
1241 2081 1436 2142 construant
1452 2077 1510 2143 de-

177 2185 369 2274 pendenter
387 2207 408 2251 a
425 2211 441 2246 o
463 2182 585 2250 reddet
606 2211 621 2242 »
648 2206 680 2249 v.
701 2189 760 2261 23,
782 2186 816 2248 et
838 2184 905 2246 Ku.
932 2181 1023 2247 diota
1040 2179 1193 2270 applicat
1221 2179 1300 2247 solis
1322 2182 1512 2249 rixantibus

181 2293 225 2380 (v.
248 2291 318 2380 Ἡ),
341 2313 419 2358 cum
439 2313 548 2381 acque
569 2289 777 2379 applicanda
801 2289 870 2355 sint
891 2287 1132 2353 insidiantibus
1154 2291 1196 2376 (v.
1224 2286 1292 2374 13),
1317 2294 1351 2354 et
1368 2289 1509 2356 sortasse

178 2398 429 2488 quadamtenus
442 2397 696 2463 inadvertcnter
708 2395 902 2484 proximum
915 2394 1176 2462 vulnerantibus
1189 2393 1245 2482 (of.
1262 2393 1326 2481 ib.)
1341 2432 1385 2444 -
1396 2423 1413 2456 «
1429 2394 1511 2463 deo-

179 2519 244 2572 tem
256 2527 320 2595 pro
338 2505 454 2585 devite,
472 2525 613 2569 manum
622 2525 688 2592 pro
703 2523 822 2582 manu,
837 2500 959 2590 pedem
969 2523 1035 2590 pro
1043 2499 1134 2590 pede
1151 2528 1182 2581 a,
1202 2523 1234 2566 v.
1254 2506 1296 2566 25
1316 2529 1331 2562 α
1355 2502 1510 2569 adustio-

178 2635 255 2679 nem
269 2634 334 2701 pro
359 2610 554 2693 adustione,
578 2609 700 2675 uulnus
716 2630 782 2697 pro
804 2607 959 2694 occinere,
977 2606 1116 2673 livmem
1129 2629 1191 2694 pro
1208 2607 1314 2673 livore
1338 2635 1366 2674 u.
1385 2608 1509 2676 Ultima

178 2719 246 2786 duo
265 2725 441 2806 tamquam
462 2717 572 2783 maius
588 2719 622 2782 et
640 2715 754 2781 minus
771 2714 838 2781 sibi
857 2721 1078 2804 opponuntur
1098 2714 1201 2779 etiam
1221 2718 1302 2780 Gen.
1326 2721 1417 2795 t,23.
1439 2718 1509 2783 Iam

179 2829 236 2893 Ps.
248 2829 322 2891 lou.
340 2825 464 2913 cuique
476 2822 607 2889 nomini
623 2820 784 2910 praefigit
798 2841 918 2886 vocem
935 2847 950 2880 «
965 2819 1115 2910 pretium
1130 2842 1166 2902 »ς
1186 2824 1219 2884 et
1233 2821 1299 2886 los.
1319 2821 1383 2907 (lv,
1401 2826 1433 2886 8.
1452 2823 1508 2910 35)

177 2934 228 2999 ita
239 2930 400 2999 describit
417 2928 605 3008 mitiorem,
619 2949 708 3016 quae
722 2928 794 2994 eius
808 2949 893 2993 aevo
910 2926 1123 3007 servabatur,
1139 2927 1282 3014 praxin:
1299 2953 1314 2986 o
1328 2927 1390 3004 Qui
1403 2925 1508 2993 alium

179 3038 398 3119 mutilaverit,
409 3036 535 3103 similia
545 3034 707 3124 patiatur,
719 3033 877 3122 privatus
892 3055 961 3123 quo
970 3031 1116 3122 privavit
1126 3031 1245 3113 alium,
1259 3032 1323 3098 nisi
1332 3032 1510 3100 mutilatus

177 3145 361 3236 pecuniam
386 3143 483 3210 malit
499 3143 655 3231 accipere
680 3166 710 3205 a.
732 3139 941 3228 Nullumque
969 3144 1018 3204 est
1038 3138 1197 3220 dubium,
1220 3137 1391 3206 mitiorem
1421 3140 1510 3208 hano

176 3254 299 3344 praxin
320 3251 473 3338 legitime
494 3256 528 3317 et
550 3247 766 3339 probabilius
782 3245 828 3312 ab
845 3247 918 3334 ipso
938 3245 1057 3332 Moysis
1074 3267 1157 3311 aevo
1179 3266 1248 3312 esse
1269 3245 1450 3314 invectam.
1469 3253 1509 3314 Et

177 3360 306 3427 occisor
331 3357 472 3447 quidem
492 3377 561 3422 non
574 3359 711 3444 poterat
729 3375 765 3420 se
785 3376 806 3419 a
822 3351 992 3441 supplicio
1012 3349 1196 3433 redimere,
1216 3351 1296 3442 quia
1318 3351 1428 3420 occiso
1447 3377 1508 3441 pe-

176 3467 279 3535 cunia
293 3466 389 3532 nullo
403 3464 482 3531 usui
497 3484 568 3530 esse
584 3465 720 3551 poterat
737 3481 744 3527 :
763 3467 797 3525 at
815 3458 974 3525 mutilato
987 3458 1194 3546 plerumque
1209 3457 1414 3526 mutilatoris
1434 3483 1509 3526 mu-

176 3574 284 3643 tilatio
300 3573 461 3659 exiguum
476 3569 641 3637 afferebat
655 3565 891 3646 commodum,
905 3564 1054 3654 pecunia
1064 3564 1155 3631 utilis
1166 3571 1250 3630 erat.
1268 3568 1382 3654 Neque
1397 3566 1505 3647 obest,

175 3679 267 3771 quod
281 3683 376 3746 Deut.
396 3683 495 3761 19‚18
511 3698 586 3766 sqq.
607 3697 627 3741 a
643 3673 728 3739 falso
744 3672 783 3739 in
804 3670 934 3738 iudicio
949 3677 1032 3737 teste
1052 3669 1243 3759 redemptio
1259 3671 1371 3761 accipi
1385 3673 1508 3762 prohi-

174 3787 296 3855 beatur
317 3811 324 3855 :
347 3792 396 3854 est
412 3786 505 3851 enim
524 3783 581 3848 hic
600 3780 756 3870 specialis
776 3800 891 3861 casus,
909 3777 1039 3866 talique
1059 3776 1145 3843 falso
1165 3777 1360 3844 testimonio
1380 3779 1508 3845 iniuria

174 3894 390 3962 afficiebatur
409 3913 478 3958 non
499 3888 624 3969 solum,
648 3886 707 3977 qui
726 3884 963 3965 accusabatur,
986 3883 1044 3950 sed
1065 3882 1171 3972 ipsius
1192 3883 1372 3950 tribunalis
1390 3891 1506 3951 aucto-

176 4003 270 4070 ritas.
292 3999 444 4067 Admissa
462 4017 566 4086 porro
585 3993 621 4060 in
641 3993 717 4079 lege
738 3990 876 4058 talionis
900 3988 1136 4077 redemptione
1156 3994 1265 4078 patet,
1288 3990 1436 4076 gratuito
1456 4013 1507 4057 as-

175 4105 407 4194 serereSylo.‚
426 4126 502 4170 eam
514 4103 627 4188 legem
644 4096 823 4186 viguisse«
839 4098 931 4164 inter
945 4097 1095 4186 privatos
1112 4095 1221 4162 solum
1238 4095 1390 4162 ciusdem
1408 4098 1507 4164 sortis

176 4223 210 4283 et
228 4211 434 4282 conditionis
454 4237 484 4291 a,
507 4230 618 4296 neque
638 4227 752 4292 regem
778 4204 878 4271 oculo
899 4201 1135 4270 mulctandum
1159 4202 1277 4284 luisse,
1301 4203 1361 4291 qui
1379 4202 1508 4271 subditi

173 4323 315 4391 'oculum
334 4317 529 4387 excussisset
551 4337 558 4383 :
582 4337 638 4380 rex
655 4310 790 4380 facilius
809 4308 931 4377 ceteris
950 4308 1096 4376 subditis
1116 4331 1150 4374 sc
1170 4311 1318 4399 pecunia
1337 4309 1506 4379 redimere

174 4433 320 4522 poterat.
338 4431 527 4504 Praeterea,
541 4443 618 4488 oum
628 4420 682 4486 lex
691 4418 830 4486 talionis
842 4438 912 4484 non
923 4417 1057 4506 privata
1066 4415 1126 4482 sed
1139 4415 1293 4482 iudicum
1307 4417 1507 4485 auctoritate

175 4540 261 4606 esset
281 4529 504 4625 applicanda,
521 4533 615 4618 patet
637 4549 713 4593 eam
733 4524 877 4591 minime
900 4524 1000 4589 luisse
1020 4521 1181 4589 iniustam
1204 4544 1315 4611 neque
1335 4523 1507 4590 vindictae

174 4643 399 4734 cupiditatem
423 4638 458 4704 in
478 4635 684 4702 immensum
700 4632 806 4698 veluti
826 4631 956 4697 auxisse
976 4653 982 4697 :
1008 4658 1022 4690 a
1040 4650 1111 4695 non
1130 4629 1251 4712 tornea,
1269 4629 1329 4694 sed
1344 4631 1440 4696 limes
1454 4631 1507 4696 lu-

175 4750 261 4818 roris
279 4754 328 4814 est
343 4773 359 4807 a
378 4750 478 4834 (itaq.
495 4765 525 4810 c.
544 4745 654 4809 Faust.
672 4743 753 4806 xlx.
771 4744 831 4820 253
850 4740 898 4803 M.
916 4741 948 4802 8.
965 4743 1046 4814 36a3
1065 4736 1108 4800 cf.
1125 4758 1154 4801 c.
1169 4734 1339 4801 Adimant.
1358 4742 1394 4815 8;
1411 4739 1457 4804 ll.
1472 4744 1503 4804 8.
