3534 5384
743 413 810 458 sav.
835 396 904 467 l3,l
928 411 994 462 seo.
1481 394 1539 452 139

202 565 227 626 1.
246 554 340 631 1,38;
356 553 492 628 Avesta,
511 547 618 613 lescht
631 546 719 613 Sada
734 547 808 634 ts),
826 544 1043 633 occurritque
1065 543 1255 609 etiamnum
1277 543 1315 610 in
1334 542 1534 630 regionibus

202 655 355 723 orientis.
380 658 515 721 Constat
536 653 680 720 maculis
698 651 787 719 albis
811 651 1016 732 nitentibuS,
1040 671 1128 740 quae
1151 671 1398 740 usquequaque
1420 654 1539 716 exten-

201 763 341 830 duntur.
359 766 446 828 llaec
464 760 562 849 lepra
580 760 722 850 proprie
739 758 861 826 eadem
880 763 945 843 est,
968 757 1038 824 sive
1061 763 1267 845 prorumpat
1283 756 1321 822 in
1336 761 1431 846 parte
1450 756 1538 823 cutis

201 868 360 959 capillata
374 867 444 934 sive
458 866 494 932 in
510 889 581 934 non
595 867 765 956 capillata.
784 870 912 932 Tamen
927 869 1045 932 auctor
1054 862 1249 950 distinguit,
1267 866 1301 928 et
1314 886 1346 927 v.
1364 868 1444 930 2-28
1458 863 1531 950 agit

201 975 243 1042 de
266 997 306 1042 ea
328 975 426 1063 lepra
451 973 486 1039 in
512 979 592 1040 cute
622 994 693 1038 non
719 971 880 1062 capillata
906 974 1170 1061 prorumpente,
1193 969 1337 1058 eiusque
1363 969 1400 1034 in
1426 971 1533 1035 variis

201 1081 371 1149 adiunctis
388 1086 618 1169 symptomata
636 1079 815 1160 describit3
836 1077 917 1145 dein
937 1100 969 1143 v.
990 1083 1093 1144 ee-sr
1113 1077 1155 1143 de
1177 1075 1298 1143 eadem
1322 1076 1359 1141 in
1378 1083 1456 1142 oute
1475 1098 1535 1142 ea-

200 1188 320 1278 pillata
339 1187 584 1268 efflorescente3
603 1185 768 1275 additque
787 1209 818 1251 v.
837 1191 879 1252 38
894 1207 945 1276 sq.
963 1191 998 1251 et
1017 1189 1121 1249 10-13
1145 1182 1215 1250 alia
1230 1182 1299 1248 duo
1314 1181 1534 1271 eruptionum

200 1316 330 1381 genera
343 1294 548 1385 plerumque
563 1294 725 1360 innocua.

406 1515 432 1552 a.
453 1503 495 1552 De
514 1503 592 1565 lepra
609 1501 702 1552 carnis
721 1514 778 1550 non
797 1500 960 1563 capillatae,
983 1504 1077 1559 ribbi,
1100 1498 1166 1548 ch.
1193 1497 1319 1558 tal-ea.

541 1658 564 1688 α.
578 1641 615 1686 De
628 1655 657 1687 ea
672 1641 742 1700 lepra
755 1639 888 1686 universim
901 1642 1015 1696 spectata
1031 1637 1091 1685 Lar.
1105 1639 1192 1696 liti-8.

242 1831 324 1917 Arq.
352 1865 396 1876 -
418 1825 497 1893 Eius
519 1828 587 1892 tria
608 1825 792 1892 traduntur
821 1822 967 1890 indubia
993 1825 1255 1911 symptomata:
1280 1825 1318 1888 ut
1344 1822 1532 1888 efflorescat

199 1933 350 2017 scabies,
368 1938 407 1999 ut
420 1933 529 2001 teneri
550 1931 613 2022 pili
632 1930 822 2012 albescant,
840 1937 878 1997 ut
894 1929 1023 1997 scabies
1037 1950 1106 1996 non
1124 1951 1228 2018 supra
1242 1932 1358 1994 cutem
1374 1928 1529 1994 elevetur

197 2039 256 2106 sed
270 2040 361 2106 infra
380 2039 476 2105 illam
495 2038 705 2105 demittatur.
727 2037 761 2103 si
783 2037 934 2126 primum
956 2035 1196 2102 tantummodo
1215 2040 1409 2123 symptoma
1423 2056 1529 2124 appa-

198 2150 287 2230 reat,
305 2145 501 2212 observetur
516 2168 561 2211 an
575 2144 706 2211 scabies
725 2142 938 2210 extendatur.
1078 2155 1081 2160 ’

245 2255 329 2341 Cap.
346 2254 431 2318 XIII
440 2274 473 2318 v.
498 2258 514 2317 1
540 2278 556 2312 u
577 2254 791 2341 Luctatusque
811 2261 860 2316 est
880 2248 1046 2316 Dominus
1062 2248 1111 2315 ad
1120 2250 1262 2335 Moysen
1286 2258 1318 2312 et
1337 2247 1454 2313 Aaron
1471 2247 1528 2313 az·-

198 2380 274 2426 ceus
294 2386 310 2418 »
331 2379 338 2425 :
356 2380 388 2425 v.
407 2364 428 2423 2
458 2384 473 2417 «
503 2359 631 2438 Homo,
653 2355 690 2422 iu
716 2356 815 2423 cuiue
840 2368 916 2422 cute
938 2355 994 2445 [et]
1017 2377 1119 2422 carue
1140 2367 1234 2421 ortus
1251 2353 1358 2443 suerit
1373 2351 1526 2420 diuersus

198 2466 299 2552 colar,
319 2464 389 2531 siue
403 2463 566 2555 pustula,
581 2475 643 2530 aut
657 2463 758 2554 quasi
771 2461 886 2529 lucc-us
902 2461 1100 2554 quippiam,
1120 2461 1143 2530 i.
1158 2485 1187 2528 e.
1198 2459 1309 2551 plaqc
1322 2459 1455 2550 leprae,
1467 2459 1531 2526 ad-

197 2571 338 2638 ducetur
351 2570 400 2638 ad
413 2572 529 2638 Aaron
542 2569 752 2638 sacerdotem
766 2569 821 2635 oel
830 2569 878 2636 ad
895 2591 1004 2635 riuum
1022 2569 1229 2659 [quemlibet]
1240 2567 1394 2659 filiomrm
1406 2567 1479 2633 ea'us
1496 2594 1526 2635 a.

199 2678 292 2745 Cattis
314 2678 427 2745 carnis
450 2677 507 2767 (cf.
531 2683 589 2746 Ex.
611 2683 713 2760 aaut
731 2676 810 2766 [26])
830 2675 1016 2766 opponitur
1033 2675 1102 2742 cuti
1119 2674 1299 2763 capillatae
1317 2697 1350 2738 v.
1373 2679 1415 2739 29
1433 2696 1527 2764 sqq.,

195 2807 283 2873 quae
302 2807 435 2852 comam
459 2792 491 2850 et
515 2784 661 2850 barbam
684 2782 859 2873 producit;
882 2781 987 2848 habet
1008 2787 1125 2846 tamen
1142 2781 1265 2870 etipsa
1283 2785 1403 2846 tenues
1422 2801 1528 2868 quos-

195 2890 275 2956 dam
289 2914 320 2958 v.
339 2899 357 2956 3
373 2891 495 2958 crines.
513 2914 545 2956 r.
568 2897 587 2956 3
606 2919 622 2951 u
641 2890 708 2970 Qui
729 2911 805 2955 carm
821 2887 945 2954 uiderit
958 2887 1089 2977 lepram
1108 2913 1123 2945 a
1146 2925 1187 2936 -
1208 2888 1311 2952 Hebr.
1327 2885 1468 2975 plaqam
1485 2924 1529 2933 -

197 3022 213 3057 u
231 2995 269 3060 r'u
288 3009 364 3063 cute
384 3025 400 3058 a
419 2996 549 3081 caruis,
570 3023 586 3057 «
604 3007 637 3060 et
643 2995 737 3085 pilos
763 2995 799 3061 m
823 2993 939 3070 album
962 3005 1112 3060 mutatos
1129 2993 1275 3059 colorem
1297 3019 1331 3076 a,
1350 2993 1410 3080 qui
1424 2993 1517 3082 apud

195 3103 377 3170 orientales
402 3102 457 3169 vix
475 3125 542 3168 non
566 3123 702 3191 semper
724 3107 802 3169 sunt
825 3103 919 3187 nigri
942 3099 1058 3189 (Ka),
1079 3127 1095 3161 u
1116 3099 1292 3190 aprumque
1311 3097 1458 3188 speciem
1473 3097 1526 3162 le-

190 3229 276 3298 prae
291 3235 325 3290 a,
354 3209 377 3276 i.
404 3231 434 3276 e.
457 3209 605 3298 piaque,
632 3235 648 3269 u
675 3207 893 3275 hirmiliorem
913 3220 989 3274 cute
1014 3209 1070 3294 [et]
1095 3229 1195 3273 carue
1211 3204 1371 3295 [reliqua]
1390 3227 1397 3272 ε
1413 3203 1520 3292 plaqa

194 3313 306 3406 leprae
324 3328 387 3396 est,
413 3329 447 3382 et
463 3315 512 3382 ad
537 3315 718 3381 arbitrium
740 3314 812 3381 eiras
832 3312 1048 3401 separabitur
1065 3339 1095 3380 a,
1117 3316 1219 3380 Hebr.
1236 3333 1249 3377 .·
1269 3311 1396 3378 uidebit
1411 3333 1527 3378 sacer-

193 3420 268 3509 dos,
289 3436 320 3488 et
346 3422 562 3489 immundum
584 3420 771 3488 declarabit
785 3422 910 3512 ipsum.
929 3421 1006 3487 Tria
1026 3421 1134 3508 igitur
1150 3425 1346 3488 statuuntur
1360 3417 1491 3486 indicia
1514 3439 1523 3483 τ

193 3529 297 3617 plaga
313 3551 371 3596 seu
386 3530 516 3596 scabies
532 3529 658 3596 incute
673 3550 861 3618 apparens,
883 3527 948 3617 pili
963 3549 1003 3600 ea
1023 3527 1061 3594 in
1079 3529 1165 3593 cutis
1185 3531 1281 3615 parte
1298 3525 1522 3605 albescentes,

192 3635 321 3701 scabies
336 3658 402 3702 non
417 3635 453 3702 in
467 3639 542 3702 cute
553 3635 800 3716 intumescens,
817 3633 876 3700 sed
890 3635 927 3700 in
942 3633 1041 3699 illam
1056 3633 1214 3700 demissa.

226 3848 299 3899 nram
316 3843 391 3906 Vutq.
407 3843 491 3894 modo
505 3844 588 3893 vertit
599 3842 671 3893 color
687 3839 721 3906 (v.
739 3843 764 3891 i.
785 3840 836 3906 10),
852 3841 937 3892 modo
949 3841 1034 3906 ploqu
1051 3839 1086 3908 lv.
1103 3840 1159 3905 28),
1176 3839 1260 3890 modo
1274 3841 1316 3890 uti
1330 3839 1395 3888 LIX
1409 3837 1521 3888 cicatrix

191 3928 227 3997 (v.
246 3927 300 3997 19);
319 3931 414 3981 cinti.
430 3937 520 4014 ripn?
538 3930 558 3980 1.
572 3943 598 3982 e.
615 3930 722 3993 aliquid
741 3931 894 3994 depressum
916 3928 961 3997 (cl.
977 3943 1004 3980 v.
1021 3927 1061 3996 3),
1078 3941 1141 3979 cum
1159 3931 1188 3978 vi
1208 3930 1293 3991 etymi
1307 3941 1363 3979 vox
1377 3931 1450 3983 1111111
1469 3939 1523 3989 po-

189 4020 244 4069 tius
265 4018 371 4082 aliquid
391 4020 510 4081 elatum,
524 4020 543 4068 1.
561 4032 585 4070 e.
602 4022 740 4070 tumorem
759 4021 896 4082 exprimat
902 4032 910 4079 ;
927 4021 989 4082 Sqr.
1011 4023 1124 4076 uniatur
1143 4019 1162 4067 i.
1180 4016 1337 4067 emacula.
1356 4015 1427 4067 (lum
1446 4022 1520 4071 nutu

188 4121 216 4157 v.
235 4106 266 4157 19
280 4109 364 4157 etiam
379 4108 509 4158 succedat
523 4110 552 4157 in
567 4107 658 4158 locum
676 4109 790 4168 ulceris,
806 4120 834 4157 v.
851 4108 884 4158 28
901 4107 1122 4158 combustionem
1139 4093 1289 4169 sequatur,
1306 4106 1411 4168 optime
1428 4106 1522 4154 verte-

188 4201 233 4246 tur
247 4195 353 4244 macula
365 4202 413 4246 aut
424 4210 546 4258 squama.
562 4222 598 4233 -
611 4203 710 4257 nuno,
727 4209 744 4246 a
757 4195 851 4246 radice
865 4197 976 4259 sociare,
992 4196 1103 4246 videtur
1117 4195 1250 4246 denotare
1265 4194 1378 4244 easdem
1394 4194 1521 4244 maculas

188 4296 240 4335 seu
253 4296 385 4348 squamas
403 4297 520 4336 numero
539 4286 648 4349 plures,
662 4297 730 4349 ergo
748 4285 863 4334 scabiem
878 4281 985 4350 (cauta.
1002 4282 1086 4352 Syr).
1104 4309 1138 4320 -
1153 4290 1235 4340 mit:
1257 4283 1339 4333 edicit
1353 4282 1461 4346 aliquid
1476 4281 1521 4330 al-

191 4373 265 4433 bum,
281 4373 381 4422 uttam.
391 4400 427 4410 -
441 4375 594 4424 Processus
607 4374 697 4424 morbi
711 4375 876 4437 exprimitur
890 4387 897 4422 :
913 4375 1034 4437 primum
1050 4387 1105 4424 una
1119 4385 1262 4436 paucaeve
1278 4372 1406 4422 maculae
1420 4371 1521 4421 distin-

190 4465 322 4526 guuntur,
337 4462 402 4512 lllae
416 4463 604 4514 extenduntur
621 4465 651 4512 in
667 4463 788 4529 plurium
807 4462 980 4513 macularum
999 4462 1137 4527 scabiem,
1153 4460 1264 4512 tandem
1278 4461 1336 4512 tota
1347 4461 1420 4510 cutls
1434 4471 1520 4510 unum

190 4549 257 4616 quid
269 4554 325 4612 est,
337 4551 441 4612 album,
453 4551 555 4612 nltens,
570 4558 594 4600 ct
607 4551 740 4601 ecoleitur
751 4551 782 4601 iu
792 4558 849 4600 cute
863 4553 955 4600 caruis
966 4552 997 4599 ia
1007 4550 1120 4614 pluqcm
1131 4549 1222 4614 leprae
1235 4546 1345 4618 (Heba).
1357 4575 1393 4586 -
1403 4547 1521 4610 Leprosi

189 4638 226 4689 ad
242 4638 415 4690 sacerdotem
430 4638 541 4689 adducti
560 4639 628 4688 lllud
643 4641 727 4690 etlam
744 4639 919 4702 significant,
939 4655 949 4686 ι
967 4639 1003 4688 ad
1018 4639 1176 4689 sacerdotes
1191 4639 1228 4688 N.
1244 4637 1275 4688 T.
1291 4639 1431 4700 portinere
1446 4635 1520 4684 iudi-

190 4729 263 4779 cium
277 4727 312 4779 de
326 4729 374 4788 iis,
389 4728 438 4791 qui
452 4728 487 4776 ob
501 4727 708 4776 immunditiam
722 4727 912 4791 spirltualcm,
928 4737 1011 4790 quam
1027 4726 1104 4789 lepra
1122 4727 1171 4776 illa
1185 4725 1376 4790 significabat,
1392 4725 1519 4788 separari

190 4815 310 4867 debeant
333 4816 368 4867 ab
391 4814 527 4866 ecclesiae
550 4820 578 4865 et
601 4819 839 4865 sacramentorum
862 4817 922 4864 eius
945 4815 1140 4864 commuuione
1162 4814 1207 4864 vel
1225 4815 1332 4874 aldem,
1347 4814 1370 4862 sl
1391 4811 1517 4862 mundati
