3534 5384
243 418 301 475 125
690 428 798 473 norsrs
819 430 897 475 scra
918 428 947 472 ru
970 427 1118 473 snarrro.

238 570 376 632 Frustra
390 586 470 630 vero
488 525 598 652 aliqui
611 563 648 631 h.
670 564 694 630 l.
713 562 931 653 disquisiere‚
950 562 1113 649 angeline
1133 560 1375 649 intelligantur
1393 562 1478 629 boni
1498 583 1573 628 ma·

240 662 319 738 lire.

282 783 353 844 lam
374 776 482 843 fusius
504 798 537 844 v.
562 780 665 843 att-27
691 775 884 843 inculcatur
904 774 1011 855 illud,
1038 772 1130 865 quod
1154 798 1185 841 v.
1215 780 1255 841 rt
1282 775 1444 842 habebat.
1475 798 1506 842 v.
1531 780 1574 842 et

123 927 126 936 ι
240 914 256 945 a
284 882 425 951 Custodi
451 912 466 943 n
483 882 669 972 -reliqui
685 881 853 949 custodite
867 921 912 932 —
933 908 949 941 «
971 884 1112 949 verbetm
1135 880 1229 947 istud
1247 880 1440 970 legitimum
1463 880 1527 947 tibi
1544 895 1576 949 et

235 990 322 1081 filiis
336 989 405 1055 tuis
428 988 593 1078 usquein
618 1000 795 1055 aeternum
812 1016 843 1055 s.
866 1011 900 1055 v.
927 994 969 1057 25
998 1018 1012 1051 α
1034 990 1187 1078 Cererique
1208 986 1411 1055 introieritis
1431 999 1573 1079 terram,

240 1118 344 1188 quam
358 1095 526 1163 Dominus
541 1094 685 1162 daturas
700 1107 748 1162 est
770 1095 880 1177 vobis,
904 1106 942 1161 ut
962 1094 1140 1185 pollicitus
1164 1106 1228 1178 est,
1247 1093 1466 1161 observabitis
1484 1118 1575 1161 cera-

231 1202 375 1291 ,paeonias
393 1204 475 1269 istas
496 1231 531 1283 »,
554 1224 613 1269 seu
635 1201 751 1268 verius
775 1201 918 1286 cultum.
948 1202 1023 1269 Sive
1045 1200 1204 1267 ultimum
1227 1200 1373 1268 incisum
1397 1213 1575 1268 construas

241 1308 408 1399 apodosin
422 1330 538 1376 versus
551 1314 607 1392 25,
624 1307 695 1375 sive
715 1330 749 1373 v.
771 1314 815 1377 25
830 1330 881 1397 sq.
901 1314 1076 1376 construas
1090 1305 1252 1397 prodosin
1272 1312 1358 1375 etv.
1380 1314 1423 1374 27
1443 1306 1574 1398 apoda-

240 1415 308 1498 sin,
326 1414 516 1483 secundum
530 1436 668 1481 sensum
683 1420 754 1481 tam
771 1436 804 1482 v.
826 1421 869 1483 25
891 1436 993 1504 quam
1011 1436 1043 1480 v.
1059 1420 1101 1481 26
1121 1413 1277 1504 prodcsis
1291 1426 1371 1481 sunt
1384 1436 1502 1481 versus
1516 1421 1572 1497 27,

217 1532 220 1537 ’
239 1524 355 1613 sicque
372 1522 571 1588 eliminatur
584 1521 730 1588 dubium
746 1522 853 1605 Tost,
870 1520 1061 1588 secundum
1079 1543 1112 1587 v.
1135 1526 1177 1587 25
1194 1520 1365 1587 Hebraeos
1380 1542 1451 1587 non
1468 1521 1572 1588 luisse

241 1629 412 1717 obligatos
425 1628 607 1695 observare
625 1627 769 1717 pascha,
784 1628 952 1718 quamdin
967 1628 1003 1695 in
1019 1627 1152 1695 deserto
1166 1626 1391 1694 versabantur
1406 1650 1413 1695 :
1432 1628 1572 1695 omnino

241 1733 487 1822 obligabantur
501 1734 554 1821 (cl.
576 1741 675 1801 Num.
693 1735 741 1823 9).
759 1756 791 1802 v.
809 1739 852 1800 26
878 1736 959 1801 «Et
982 1755 1059 1801 cum
1081 1731 1235 1799 dicerint
1249 1733 1342 1799 vobis
1359 1732 1430 1823 filii
1444 1734 1546 1801 vestri
1560 1756 1574 1799 .·

242 1844 337 1924 Qriae
351 1852 400 1909 est
415 1842 484 1909 ista
498 1839 649 1929 relipio?
666 1868 682 1901 »
697 1862 731 1907 v.
748 1846 792 1905 27
809 1867 826 1901 «
845 1838 967 1906 dicetis
984 1839 1033 1906 eis
1048 1858 1061 1903 .·
1083 1839 1229 1906 Victima
1250 1840 1417 1907 transitus
1432 1840 1574 1907 Domini

240 1962 306 2033 est,
325 1947 463 2038 quondo
479 1946 639 2014 transivit
653 1968 754 2037 super
773 1944 891 2013 domos
903 1946 1057 2036 filiorum
1072 1947 1180 2013 lsrael
1199 1946 1237 2012 in
1263 1949 1434 2037 Aepppto‚
1450 1968 1572 2037 percu-

240 2054 327 2127 tiens
343 2054 535 2144 Aeppptias
557 2066 591 2119 et
608 2052 726 2120 domos
746 2064 880 2121 nostras
900 2052 1059 2120 liberans.
1082 2056 1350 2143 incarnatusque
1366 2052 1519 2143 populus
1534 2084 1550 2116 »
1560 2106 1570 2137 ‚

240 2161 477 2228 testatores
502 2160 639 2248 (lost),
663 2190 677 2219 «
694 2157 854 2226 adorauit
876 2188 907 2225 n.
935 2157 970 2227 Si
985 2166 1100 2226 autem
1115 2160 1312 2249 praeplacet
1329 2159 1387 2249 (cl.
1407 2166 1484 2241 19‚7
1504 2160 1571 2251 sq.)

239 2267 346 2335 verba
360 2267 557 2353 intelligere
572 2266 615 2333 de
631 2286 768 2333 assensn
782 2265 827 2332 ab
842 2265 916 2356 ipso
930 2266 1058 2355 populo
1072 2265 1251 2355 praestito,
1269 2266 1407 2355 quando
1424 2266 1574 2334 seniores

241 2374 272 2441 ei
286 2374 393 2441 verba
407 2373 527 2460 Moysis
539 2372 705 2456 retulere,
720 2394 833 2461 neque
845 2370 882 2438 id
897 2394 918 2438 a
931 2378 1024 2439 textu
1041 2370 1209 2455 dissonat,
1227 2372 1288 2461 qui
1303 2394 1421 2462 reapse
1436 2373 1574 2440 concin-

239 2479 357 2546 nitatis
377 2479 491 2566 gratia
506 2476 551 2543 ab
566 2477 735 2552 eiusmodi
749 2478 942 2545 distinctius
956 2477 1177 2545 enuntiandis
1195 2477 1355 2545 abstinet.
1375 2501 1407 2544 v.
1428 2484 1470 2545 28
1494 2506 1510 2539 «
1529 2480 1575 2545 Et

240 2584 367 2675 opressi
381 2583 451 2674 filii
474 2582 585 2651 lsrael
600 2587 777 2674 fecerunt,
792 2583 882 2649 sicut
901 2596 1127 2674 praeceperat
1142 2584 1309 2652 Dominus
1324 2586 1439 2674 Mopsi
1455 2597 1488 2652 et
1503 2588 1573 2652 Aa·

239 2714 303 2759 ron
320 2720 350 2758 ».

664 2907 687 2955 a.
704 2906 784 2966 enm
798 2903 948 2953 tacebitur
964 2904 1011 2952 nx.
1028 2906 1147 2965 san-aa.

281 3120 365 3207 Arp.
387 3156 431 3167 -
446 3118 617 3186 Decimam
638 3118 778 3207 plagam
794 3116 900 3183 fuisse
914 3130 1046 3207 pestem
1062 3118 1250 3184 coniiciunt
1267 3118 1394 3207 plures.
1414 3118 1569 3185 llanetho

236 3230 481 3293 commemorat
488 3224 659 3292 exitialem
669 3224 923 3314 luemtempore
931 3225 1061 3313 primae
1071 3221 1422 3313 dynastiae(Syncell.
1435 3229 1459 3292 l.
1473 3226 1566 3314 101),

237 3331 341 3399 aliam
365 3335 550 3398 Hecataeus
579 3330 690 3420 (Diod.
718 3331 785 3397 Sic.
817 3331 874 3419 so)
906 3330 1002 3398 haud
1029 3329 1133 3417 longe
1159 3335 1250 3420 post,
1279 3329 1383 3398 aliam
1414 3330 1566 3419 Thucyd.

236 3442 328 3521 2,t8‚
351 3443 414 3504 etc.
434 3437 558 3524 Agitur
581 3435 700 3526 utiquc
722 3437 759 3505 h.
784 3436 809 3502 l.
832 3437 875 3503 de
899 3436 1070 3526 epidemia
1094 3436 1248 3504 homines
1269 3436 1434 3504 citissime
1449 3439 1568 3505 interi·

237 3551 362 3611 mente.
386 3545 595 3632 Quandoque
615 3542 790 3633 epidemia
805 3543 965 3610 homines
984 3541 1130 3609 maxime
1153 3543 1309 3611 robustos
1324 3549 1358 3610 ct
1372 3566 1469 3611 sanos
1486 3568 1570 3635 prae

236 3651 325 3734 aliis,
350 3649 558 3741 quandoque
585 3671 697 3717 mares
723 3649 971 3740 praeseminis
1003 3649 1202 3738 prosternit.
1231 3650 1351 3716 Oxonii
1381 3653 1415 3716 in
1446 3650 1573 3737 Anglia

237 3764 323 3826 1795
350 3757 454 3823 febris
482 3756 666 3824 scarlatina
688 3755 792 3822 unica
820 3760 921 3823 nocte
951 3776 1069 3822 omnes
1095 3754 1264 3846 oppressit
1285 3778 1409 3846 pucros
1432 3778 1473 3823 eo
1496 3758 1570 3847 ipso

235 3887 327 3931 anno
351 3870 468 3948 natos,
485 3862 619 3931 nullam
640 3884 722 3929 vcro
746 3862 911 3951 puellam.
937 3866 987 3928 lta
1017 3862 1167 3929 Webstcr
1182 3884 1195 3927 .·
1216 3867 1242 3927 Α
1267 3862 1358 3928 brief
1381 3863 1511 3951 history
1534 3864 1570 3930 ot

234 3970 404 4060 epidemic
416 3969 483 4037 and
499 3968 707 4059 pestilential
720 3968 892 4051 deseaseS,
908 3960 1051 4035 Lon'don
1065 3974 1163 4051 1800,
1186 3972 1224 4034 ll.
1241 3975 1321 4047 257;
1340 3970 1433 4059 apud
1452 3968 1569 4036 Fried-

234 4077 327 4144 reich
351 4084 383 4145 t.
406 4084 482 4144 113.
505 4076 632 4154 Quibus
655 4073 862 4142 verisimile
888 4073 1035 4139 efficitur
1056 4073 1244 4155 decimam,
1268 4076 1317 4141 uti
1341 4075 1473 4166 priores
1495 4077 1568 4166 pla·

234 4204 312 4269 gas,
330 4183 518 4273 prolectam
538 4202 610 4249 esse
633 4182 677 4248 ab
697 4186 820 4248 eventu
844 4179 961 4269 aliquo
976 4180 1126 4246 naturali
1147 4202 1186 4246 er
1205 4167 1264 4264 iis,
1280 4181 1392 4271 quiin
1413 4188 1570 4272 Aegypto

235 4288 442 4377 quandoque
457 4288 572 4355 locum
588 4286 776 4354 habebant.
790 4292 863 4353 Non
881 4286 985 4352 fuisse
998 4290 1159 4353 eventum
1174 4308 1267 4355 merc
1282 4288 1487 4369 naturalem,
1508 4288 1569 4355 sed

236 4396 308 4462 veri
323 4395 472 4461 nominis
490 4400 704 4485 portentum,
722 4399 860 4484 praeter
881 4392 1002 4480 Moysis
1022 4391 1291 4482 praedictionem
1315 4394 1500 4461 ostendunt
1519 4402 1569 4460 tot

236 4500 461 4590 primogeniti
478 4524 549 4568 una
570 4500 715 4567 dimidia
739 4505 840 4568 nocte
869 4520 933 4588 per
955 4503 1062 4565 totam
1081 4504 1276 4589 Aegyptum
1298 4501 1471 4583 exstincti,
1494 4523 1566 4567 ser-

237 4607 324 4673 vatis
343 4607 575 4673 Hebraeorum
594 4605 846 4697 primogenitis,

229 4748 233 4755 ·
284 4736 316 4780 v.
333 4718 376 4780 29
392 4740 408 4775 u
425 4715 570 4780 Factam
584 4726 633 4780 est
645 4726 761 4780 autem
781 4712 819 4779 in
834 4709 945 4777 noctis
959 4708 1086 4793 inedia,
1102 4712 1271 4803 percussit
1285 4713 1453 4782 Dominus
1471 4737 1570 4782 outae

234 4820 502 4910 primopenitum
518 4818 554 4885 iu
567 4832 656 4887 terra
666 4818 831 4909 Aepppti‚
848 4840 870 4884 a
879 4815 1113 4907 prirnopcnito
1130 4816 1340 4903 Pharaonis,
1356 4822 1421 4911 qui
1433 4822 1470 4889 in
1484 4820 1570 4889 solio
