3534 5384
717 466 968 536 ux.l3‚13see.
1454 462 1512 525 139
1543 418 1544 427 ἵ

178 614 262 682 utile
274 614 430 681 futurum
445 612 592 700 gratiose
607 613 789 698 concessit,
802 614 874 682 imo
894 612 1020 681 redimi
1034 610 1189 704 permisit
1208 613 1350 680 animali
1370 612 1513 681 minoris

179 721 299 811 pretii,
313 743 386 788 ove.
401 724 507 798 Quam
519 720 633 807 legem
653 719 722 787 suis
742 720 845 787 rebus
860 720 1014 811 iniquam
1038 724 1128 787 certe
1146 742 1217 787 non
1236 720 1441 788 effinxerunt
1458 740 1511 787 sa-

178 827 342 896 cerdotes.
360 834 437 895 hev.
455 834 557 911 ΜΤ
580 828 742 917 (itemque
757 832 857 895 Num.
881 828 995 917 18,15)
1015 826 1131 914 agitur
1142 825 1358 917 probabilius
1375 826 1418 893 da
1437 826 1512 893 ani-

179 933 453 1025 malibusspecie
470 933 611 1024 quidem
627 931 782 1017 mundis,
797 932 915 1001 sedob
933 933 1086 1023 aliquem
1103 934 1274 1001 deiectum
1294 932 1510 1001 immundis:
1600 1018 1602 1021 Ι
1657 926 1753 1047 ‘3

180 1062 345 1127 ergeuen
360 1040 509 1109 habetur
521 1062 542 1107 a
555 1043 675 1107 nostro
686 1045 778 1107 textu
792 1038 1033 1130 discrepantia.
1051 1066 1068 1101 n
1088 1038 1218 1121 Quodsi
1234 1062 1304 1105 non
1317 1037 1509 1125 redemerit,

181 1147 361 1237 interficies
376 1175 392 1208 n
400 1200 412 1230 ,
430 1174 447 1209 u
464 1145 546 1237 quia
557 1146 617 1214 Dei
633 1151 685 1214 est
699 1151 733 1214 et
745 1169 816 1214 non
829 1145 1029 1237 redemptus
1050 1174 1066 1209 n
1085 1146 1203 1234 (Cui).
1219 1161 1279 1238 'tlt
1298 1150 1349 1213 est
1366 1153 1514 1235 τραχηλί·

183 1264 257 1337 ζειν,
288 1252 477 1335 decollare,
509 1253 676 1321 cervicem
704 1253 878 1340 frangere.
912 1280 927 1313 u
962 1255 1069 1319 Omne
1100 1265 1216 1319 nutem
1238 1252 1525 1343 primoqenitum

181 1359 329 1427 toronicis
342 1360 478 1449 desiliit
491 1359 559 1427 tais
571 1360 704 1450 [pretio]
721 1358 866 1427 redimes
879 1386 911 1427 n.
933 1359 1084 1427 Pretium
1101 1361 1137 1426 h.
1159 1358 1183 1427 l.
1200 1358 1354 1426 nondum
1373 1380 1513 1426 accura-

181 1467 248 1534 tius
266 1466 525 1534 determinatur.
542 1469 602 1534 llic
620 1471 730 1534 textus
746 1466 915 1557 implicite
934 1464 1141 1534 condemnat
1157 1465 1326 1539 sacrificia
1346 1467 1510 1533 humana.

227 1595 259 1639 v.
287 1574 526 1663 reiectique
546 1571 792 1664 correspondet
811 1596 843 1641 v.
868 1578 889 1639 8
909 1595 959 1663 sq.
984 1575 1066 1639 Cras
1091 1571 1147 1639 hic
1171 1572 1257 1639 etin
1278 1572 1426 1639 textibus
1447 1576 1510 1639 los.

183 1679 736 1769 42⁶·2bs111i0111111108lr0t01tu
753 1681 866 1746 unum
876 1684 971 1762 sunt,
989 1677 1166 1747 evidenter
1183 1677 1277 1745 idem
1292 1683 1391 1745 sonat
1410 1684 1513 1768 atque
1604 1694 1606 1699 ·

182 1788 275 1853 LXX
297 1789 370 1870 μετὰ
393 1803 485 1855 ταῦτα
509 1806 517 1853 :
546 1817 561 1849 α
582 1788 725 1876 ponitur
741 1808 815 1852 cras
832 1808 897 1876 pro
919 1790 1075 1875 tempore
1096 1785 1211 1853 futuro
1231 1812 1247 1846 n
1269 1784 1401 1875 (ΜΛ).
1420 1808 1452 1851 v.
1473 1790 1512 1851 il

186 1922 201 1951 α
229 1894 381 1982 Cumque
398 1892 663 1981 interroqaeerit
683 1905 715 1957 te
723 1892 818 1981 filias
834 1905 913 1958 tuus
929 1914 1004 1958 crus
1019 1891 1135 1958 dicem·
1151 1914 1162 1958 .·
1179 1891 1273 1973 Quid
1284 1904 1332 1957 est
1344 1890 1430 1957 boc?
1444 1915 1523 1956 ms-¹

176 1996 346 2088 pendebit
364 1998 397 2065 ei
414 2020 427 2063 .·
442 2000 484 2065 ln
502 2022 607 2065 oraim
617 1998 709 2088 sorti
720 1998 842 2065 colunit
861 2021 923 2065 nos
935 1998 1101 2065 Doniinur
1120 1996 1163 2063 de
1180 2010 1271 2064 terra
1292 1997 1453 2088 deffiniri,
1473 1997 1514 2063 dr

184 2102 283 2171 donno
303 2103 478 2171 comitatis
495 2132 525 2171 ».
541 2128 573 2171 v.
593 2112 634 2173 15
652 2133 668 2166 u
686 2107 776 2171 Nom
793 2127 871 2171 cirin
886 2104 1069 2171 irtdmatus
1084 2117 1168 2170 osset
1184 2103 1318 2170 Phorco
1335 2104 1378 2193 [et
1393 2102 1519 2191 nollet]

184 2233 245 2277 nor
264 2210 453 2294 dimittere,
470 2210 595 2277 oceidit
608 2211 775 2277 Dotuimcs·
795 2233 893 2277 otone
903 2209 1179 2301 primopenitum
1203 2210 1240 2276 in
1260 2222 1350 2277 terra
1364 2209 1515 2299 Aepypti

185 2317 451 2407 aprimopenito
466 2316 616 2385 bominis
635 2340 742 2407 usque
762 2316 811 2384 ad
821 2316 1097 2407 primoqenitum
1119 2316 1362 2383 iumentorum.
1382 2315 1514 2383 idcirco

185 2423 324 2491 intrrrolo
340 2424 486 2490 Domino
502 2446 617 2508 critice,
632 2423 726 2515 qrrotl
734 2423 847 2515 aperit
861 2422 998 2493 urticam
1012 2422 1200 2491 masculini
1211 2446 1329 2505 senus,
1351 2436 1384 2490 et
1398 2422 1515 2489 cilinio

181 2531 416 2619 primopenite
438 2530 593 2620 filiorum
616 2554 769 2597 meorum
786 2529 919 2599 redimo
943 2559 973 2599 n.
1000 2532 1083 2599 Hinc
1103 2530 1263 2617 colligaS,
1284 2529 1516 2619 primogenita

183 2636 418 2705 iumentorum
437 2660 468 2704 v.
494 2644 549 2718 ia,
568 2644 601 2703 et
622 2659 719 2704 ovem
739 2638 794 2704 vel
814 2659 955 2728 capram
970 2660 1004 2704 v.
1028 2643 1069 2703 13
1084 2637 1180 2705 asino
1196 2618 1428 2717 substitutam,
1443 2634 1516 2702 des-

181 2743 287 2809 tinata
305 2742 407 2809 fuisse
428 2766 517 2833 quae
531 2743 819 2811 sacrificarentur.
838 2766 871 2810 v.
897 2750 938 2810 16
957 2770 973 2806 «
993 2744 1074 2810 Erit
1088 2742 1195 2833 ipitur
1210 2742 1312 2833 quoii
1326 2744 1464 2831 ciperem
1479 2742 1515 2807 in

183 2870 290 2921 mareu
311 2861 372 2915 triu
396 2862 428 2914 et
449 2849 551 2937 qrtasi
576 2872 765 2941 appensum
794 2848 882 2939 quid
904 2848 961 2937 [ob
984 2848 1264 2936 recordationem]
1287 2848 1377 2914 inter
1401 2846 1516 2914 oculos

183 2968 274 3039 tuos,
297 2978 335 3022 eo
351 2954 445 3045 quod
458 2955 495 3021 in
510 2978 616 3022 intumi
629 2956 721 3043 sorti
734 2954 855 3022 edrmit
869 2979 932 3023 nos
948 2954 1116 3023 Dentinus
1130 2956 1171 3022 de
1186 2957 1341 3045 Arpppto
1360 2982 1390 3020 a.

218 3176 327 3228 nmio
339 3172 484 3223 evidenter
497 3173 588 3225 simile
600 3173 668 3237 quid
682 3179 764 3223 sonat
779 3174 863 3237 atque
880 3188 892 3221 r
911 3174 1114 3224 monimentum
1130 3188 1142 3219 r
1159 3186 1186 3223 v.
1204 3172 1235 3233 9;
1250 3171 1325 3236 quod
1346 3171 1423 3236 Vnip.
1440 3170 1514 3220 indi-

181 3262 227 3310 cat
240 3256 352 3311 insertis
369 3262 485 3312 vocibus
502 3261 534 3310 oh
554 3262 776 3313 recordationem.
791 3260 840 3313 Uti
854 3261 1016 3313 dicebamus
1035 3262 1070 3312 ad
1085 3275 1111 3312 v.
1127 3262 1153 3320 9,
1170 3274 1205 3311 ex
1219 3261 1264 3310 his
1284 3260 1405 3311 textibus
1423 3261 1515 3310 ortum

182 3350 302 3412 sumpsit
311 3349 384 3414 apud
397 3350 516 3401 Iudaeos
525 3351 761 3414 phylacteriorum
770 3363 849 3410 usus
861 3350 937 3414 quod
948 3352 1109 3414 exprimens
1120 3346 1216 3401 citati.
1228 3350 1257 3399 h.
1270 3350 1290 3401 l.
1306 3348 1402 3399 scribit
1415 3328 1512 3432 pbpn,

183 3437 238 3487 Alii
249 3439 362 3488 vertimt
376 3437 535 3489 dubitantes
545 3441 573 3490 et
585 3439 738 3489 titubantes
751 3453 757 3488 :
770 3440 834 3489 iix
848 3434 998 3501 dedicator,
1010 3438 1167 3499 immobile;
1180 3440 1279 3501 Sumen.
1297 3438 1392 3488 Theon.
1407 3432 1515 3486 σαλευό-

183 3538 272 3591 μενον;
284 3528 333 3589 iq.
345 3521 378 3585 εἰς
386 3524 464 3577 reati
475 3525 516 3594 (t).
528 3528 600 3588 Vox,
612 3527 797 3592 undecunque
809 3528 922 3579 mudena
932 3526 1081 3587 derivetur,
1096 3526 1189 3578 radice
1207 3539 1263 3577 una
1275 3532 1318 3577 est
1334 3540 1397 3577 curn
1413 3525 1512 3577 Chald.

183 3620 291 3673 henin
310 3616 422 3666 armilla
438 3615 465 3682 (2
487 3617 558 3680 Reg.
578 3615 664 3684 ΜΟ),
681 3623 811 3675 anninus
831 3618 902 3667 vitta
920 3617 965 3667 vel
980 3616 1050 3667 tiara
1065 3615 1124 3683 (liz.
1141 3616 1232 3676 ihil.
1255 3612 1309 3683 23),
1325 3620 1422 3699 inlatis
1445 3617 1514 3665 vitta

186 3702 272 3765 (lieth.
287 3702 372 3771 8,i5).
861 3740 864 3745 .

553 3921 584 3981 h.
611 3914 748 3981 Itineris
771 3914 860 3981 ratio
884 3920 942 3982 Ex.
973 3920 1143 3996 mni-19.

226 4120 411 4205 Sequentes
429 4125 497 4184 tres
511 4140 627 4185 versus
640 4119 711 4185 iere
725 4122 806 4187 sunt
818 4117 1033 4207 parenthesis
1047 4117 1168 4200 instar,
1184 4139 1311 4184 nomen
1328 4113 1429 4189 erata
1453 4116 1512 4181 ha-

180 4220 282 4306 bent,
301 4224 443 4291 fortasse
462 4224 570 4292 serius
589 4222 712 4291 adiecti
732 4225 827 4292 fuere
846 4223 893 4292 ad
911 4223 1140 4313 supplendam
1158 4224 1252 4313 piam
1275 4222 1442 4290 rationem
1463 4244 1515 4289 se-

180 4327 261 4396 lecti
274 4327 406 4396 itineris
419 4329 603 4417 longioris,
625 4328 718 4397 etad
735 4328 984 4397 ostendendam
1001 4329 1240 4420 impletionem
1261 4329 1411 4397 vaticinii
1430 4334 1511 4397 Gen.

181 4439 282 4513 5033
298 4458 350 4525 sq.
367 4474 412 4485 --
433 4458 464 4502 ν.
491 4443 532 4502 17
556 4465 572 4496 u
597 4436 713 4525 lqitur
733 4458 811 4503 cum
826 4436 991 4503 etriirismt
1010 4436 1146 4505 Pharao
1164 4436 1352 4527 populum,
1370 4458 1438 4501 non
1460 4457 1514 4500 eor

181 4539 284 4607 (trinit
298 4545 386 4608 Deru
397 4564 464 4631 per
486 4542 575 4608 cium
595 4555 705 4609 terroe
724 4542 952 4629 Philistltiim,
970 4567 1058 4633 pune
1075 4543 1187 4611 uicina
1201 4554 1248 4610 cst
1270 4565 1304 4626 »;
1328 4583 1373 4593 -
1391 4541 1515 4609 audac-

178 4650 232 4713 ter
256 4654 348 4714 verte
370 4648 456 4737 quio
479 4648 594 4716 vicina
611 4662 685 4715 erat
709 4671 721 4715 .·
746 4656 823 4739 post
847 4649 1080 4739 quadraginta
1106 4650 1180 4717 fere
1207 4650 1280 4717 dies
1306 4648 1511 4716 dimicavere

180 4752 325 4821 liebraei
340 4760 458 4822 contra
470 4755 608 4823 Amalec
623 4779 630 4825 :
646 4756 707 4823 sed
719 4779 797 4824 cum
812 4755 1047 4838 PhilisthaciS,
1065 4756 1221 4823 hostibus
1236 4752 1510 4834 bellicosissimis

177 4861 408 4949 pugnandum
437 4861 555 4929 fuisset
583 4863 697 4930 statim
721 4869 755 4930 ct
780 4861 918 4929 assidue
943 4862 1076 4951 (diem).
1104 4864 1270 4929 Parecbat
1291 4866 1407 4929 autem
1425 4864 1513 4925 Deus
