3534 5384
744 346 795 390 ax.
819 330 908 401 28,ss
933 346 1000 400 sou.
1481 335 1537 393 181

206 480 265 570 qui
288 479 316 545 si
341 478 482 546 seorsim
507 478 756 560 scribebantur,
780 479 961 561 tredecim,
984 502 1053 546 non
1067 480 1251 549 duodecim
1266 488 1364 549 erant
1383 484 1534 550 nomina.

206 610 237 653 v.
266 592 303 651 11
336 614 351 646 «
377 587 485 674 Opere
503 584 684 675 sculpam-is
711 586 756 674 [et
786 584 974 674 caelatura]
992 586 1175 676 pemmarii
1200 589 1330 678 sculpes
1354 612 1407 656 eos
1428 593 1536 656 norni-

189 680 306 759 'nibus
323 690 479 781 filiorum
505 690 628 776 lsrael,
662 691 920 759 inclarescere
947 704 1051 782 atque
1079 692 1309 761 circumdatos
1339 724 1370 763 11,
1400 700 1500 762 item.
1525 720 1536 762 .·

207 821 305 889 opere
335 798 530 888 conditurae
550 797 679 887 siqilli,
714 812 774 888 inu
790 812 989 871 eruamini
1013 805 1053 889 et
1080 800 1126 866 ef.·
1151 801 1279 867 similes
1308 805 1537 891 expressiones

206 923 278 973 sun
293 921 393 973 nutu
418 911 495 987 aut
523 909 556 971 et
581 919 756 997 opinetur
785 911 899 985 antu.
924 905 1044 992 Sigilla
1072 906 1205 996 sculpta
1233 908 1326 999 apud
1350 912 1535 999 Aegyptios

204 1017 237 1079 et
268 1010 472 1099 Babylonios
504 1010 693 1101 antiquitus
723 1012 999 1101 frequentissima
1030 1031 1037 1085 :
1069 1013 1111 1080 ci.
1149 1018 1230 1081 Gen.
1268 1020 1386 1098 38,18;
1421 1021 1533 1096 tiss.

205 1118 323 1186 Hebr:
344 1116 591 1199 circumdatae,
609 1117 873 1185 inclarescere.
897 1122 1046 1186 Fortasse
1059 1135 1155 1185 naeu
1172 1126 1220 1187 est
1241 1121 1349 1188 serius
1360 1121 1537 1213 adscripta

205 1224 398 1316 explanatio
417 1223 509 1291 vocis
524 1238 672 1295 nissen,
690 1246 778 1314 quae
792 1247 889 1292 secus
906 1247 978 1293 non
992 1228 1153 1293 occurrit.
1170 1250 1203 1293 v.
1225 1233 1265 1295 12
1282 1254 1299 1289 u
1318 1230 1363 1293 Et
1376 1250 1485 1317 porres
1502 1231 1537 1296 in

205 1346 347 1421 utroque
359 1332 465 1399 latere
487 1359 502 1390 »
516 1370 560 1381 -
575 1330 678 1399 Hebr.
696 1330 846 1414 tremere,
865 1353 954 1420 quae
967 1355 1046 1422 pars
1059 1337 1243 1423 utrumque
1251 1334 1433 1401 humerum
1450 1360 1536 1424 pon-

204 1439 302 1505 tificis
325 1436 467 1524 tegbbat
486 1477 531 1487 —·
550 1464 567 1499 u
589 1436 880 1527 superhumeralis
886 1492 896 1526 ,
921 1439 1120 1506 memoriale
1135 1438 1222 1529 filiis
1238 1438 1346 1508 Israel
1365 1463 1403 1521 »3
1429 1473 1442 1501 e
1465 1467 1536 1510 non

203 1567 271 1634 quo
290 1544 425 1634 aliquid
442 1550 621 1611 revocetur
644 1544 688 1612 ad
707 1544 909 1611 memoriam
928 1544 1008 1612 filiis
1033 1546 1153 1629 israel,
1171 1546 1229 1613 sed
1249 1547 1388 1636 deipsis
1405 1549 1441 1615 in
1459 1574 1531 1615 me-

203 1651 351 1719 moriam
373 1657 551 1718 revocetur
570 1676 586 1711 11
611 1651 781 1741 (Boetia),
800 1657 832 1718 et
852 1650 995 1740 quidem
1013 1675 1084 1719 non
1100 1655 1227 1720 aaroni
1245 1652 1371 1743 (aaa),
1389 1657 1447 1744 qui
1463 1679 1532 1722 non

202 1756 301 1825 facile
317 1757 565 1847 conspiciebat,
581 1779 670 1846 quae
685 1757 838 1825 humeris
862 1764 961 1825 erant
981 1758 1104 1841 infixa,
1128 1760 1189 1826 sed
1210 1764 1276 1827 lieo
1300 1762 1428 1848 (1011).
1448 1765 1533 1828 Satis

202 1864 444 1932 convenienter
466 1864 571 1930 etiam
600 1866 675 1931 Vct.
707 1864 761 1950 (ad
783 1887 816 1932 v.
841 1865 902 1953 29)
924 1865 1175 1955 expressionem
1197 1866 1244 1933 ita
1266 1867 1409 1956 explieat
1431 1892 1438 1936 :
1459 1896 1474 1929 e
1497 1876 1533 1934 ut

201 1977 287 2060 Deus
300 1970 347 2059 sit
364 1991 496 2036 memor
515 1955 697 2037 duodecim
711 1970 989 2059 patriarcharum
1007 2000 1042 2055 1,
1065 1971 1110 2038 ad
1132 1972 1194 2038 hos
1218 1972 1347 2063 quippe
1362 1973 1531 2063 imprimis

203 2076 343 2145 nomina
357 2076 657 2166 illapertinebant.
671 2077 763 2144 Sicut
772 2076 880 2163 igitur
893 2077 976 2145 alias
990 2082 1077 2145 Deus
1092 2077 1246 2146 creditur
1258 2078 1529 2147 misericordiam

203 2206 273 2251 esse
292 2182 482 2270 largiturus
497 2183 542 2249 ob
557 2182 761 2249 memoriam
785 2182 980 2267 Abraham,
1002 2189 1094 2253 isaac
1115 2192 1148 2251 et
1168 2186 1288 2267 laceb,
1315 2184 1364 2253 ita
1384 2188 1419 2253 h.
1440 2188 1461 2253 l.
1486 2189 1530 2253 ob

204 2291 404 2358 memoriam
426 2288 609 2367 duodecim
628 2289 921 2379 patriarcharum,
943 2289 1067 2380 quibus
1087 2314 1149 2382 per
1171 2312 1208 2358 os
1231 2292 1409 2360 morientis
1434 2295 1532 2360 iacob
1595 2364 1598 2373 ,

201 2418 278 2463 suas
292 2395 493 2487 promiserat
509 2395 774 2463 benedictiones.
795 2426 810 2456 e
825 2396 1048 2487 Portabitque
1059 2400 1176 2464 Aaron
1189 2398 1332 2465 aomina
1352 2421 1532 2467 1011111111-

202 2525 277 2570 ram
301 2502 444 2569 Domino
465 2525 565 2592 super
587 2514 770 2591 aeternaque
793 2501 972 2570 tremorum
1002 2506 1041 2569 ab
1069 2503 1340 2573 recordationem
1366 2535 1397 2573 ».
1430 2532 1460 2571 v.
1493 2516 1531 2573 13

202 2638 218 2671 «
236 2609 355 2676 Facies
374 2622 407 2677 et
427 2609 569 2675 rumines
587 2632 630 2675 eu
643 2631 728 2675 aare
752 2638 785 2690 »,
807 2647 852 2659 -
876 2611 937 2677 sed
957 2632 1045 2701 quae
1065 2632 1129 2677 vox
1149 2610 1265 2699 (Mar.)
1290 2613 1325 2680 h.
1347 2614 1373 2681 l.
1390 2616 1532 2679 nitriam

201 2716 356 2800 vertitur,
376 2716 498 2784 eadem
520 2740 552 2782 v.
583 2723 621 2783 11
652 2715 849 2783 vertebatur
874 2716 1040 2801 inclinas,
1070 2723 1103 2784 et
1122 2716 1329 2805 designabat
1358 2722 1532 2804 mamimu-

199 2823 275 2890 illos
292 2845 414 2890 aureos
428 2845 488 2890 seu
508 2844 643 2913 capsas,
662 2822 787 2913 quibus
806 2822 948 2889 oniches
966 2823 1024 2889 fixi
1048 2823 1298 2891 retinebantur.
1314 2827 1447 2916 Repetit
1467 2828 1531 2912 igi-

200 2935 257 2996 tur
274 2951 306 2995 v.
334 2936 388 3011 13,
410 2929 505 3019 quod
530 2928 581 2995 ibi
601 2929 793 3006 dicebatur,
808 2929 862 2995 cui
876 2952 914 3003 v,
932 2934 972 2995 11
991 2929 1124 3019 aliquid
1148 2930 1350 3020 superaddit
1369 2970 1413 2981 —
1435 2956 1466 2998 v.
1492 2939 1530 2997 ii

203 3065 218 3096 a
240 3047 273 3101 et
303 3033 390 3101 daras
416 3034 592 3101 eatemtlas
611 3058 653 3101 ea
675 3044 759 3101 atrro
783 3034 974 3124 pttrissimo
1000 3035 1076 3123 [sibi
1103 3036 1265 3126 irevicem]
1294 3037 1527 3116 cohaerenter,

201 3164 287 3232 quas
305 3139 433 3207 inseres
451 3141 586 3207 runcinis
608 3170 642 3225 »,
657 3163 715 3208 seu
733 3141 846 3208 verius
858 3142 1086 3229 marginibus.

234 3314 339 3389 zabam
358 3336 473 3389 mmm
489 3330 532 3396 (ci.
550 3331 640 3396 eati)
658 3345 727 3381 sane
745 3332 820 3382 idem
840 3335 897 3394 est,
915 3332 989 3398 quod
1004 3313 1094 3391 nibli
1111 3339 1209 3392 nuum
1226 3335 1308 3397 tum
1323 3341 1351 3387 ot
1367 3336 1447 3398 39,1;”1
1463 3351 1469 3385 :
1485 3353 1529 3385 cc-

199 3428 275 3471 teaae
288 3422 334 3471 vel
351 3419 505 3481 catenatae,
521 3433 578 3469 non
592 3420 694 3484 spissae
717 3419 847 3485 (11111111),
862 3435 925 3472 eam
945 3424 1049 3486 quippe
1063 3421 1298 3487 significationem
1315 3425 1395 3477 radix
1410 3428 1530 3475 hebraea

197 3489 250 3567 bu
260 3511 382 3573 ignorat,
394 3508 444 3560 sed
457 3509 574 3569 timitem
588 3520 639 3558 seu
653 3511 820 3573 morcinum.
833 3509 878 3559 Sc.
892 3511 978 3561 vestis
991 3511 1040 3560 illa
1055 3512 1210 3576 scapularis
1224 3513 1319 3563 debuit
1334 3514 1437 3565 habere
1454 3528 1531 3575 aper-

197 3600 302 3658 turam,
317 3610 374 3662 qua
387 3602 471 3660 caput
485 3597 707 3648 introduceretur
713 3612 721 3657 ;
736 3611 770 3647 ea
788 3601 921 3661 apertura
939 3600 1014 3650 circa
1031 3599 1170 3664 pontificis
1187 3601 1294 3652 collum
1314 3602 1434 3653 habebat
1455 3616 1530 3651 mm·-

198 3688 306 3749 ginem;
322 3687 401 3736 illum
420 3686 575 3749 marginem
594 3685 716 3736 corollae
726 3688 815 3736 instar
832 3686 1008 3738 adornabant
1022 3691 1138 3740 catenae
1153 3689 1228 3740 illae.
1250 3690 1329 3751 Quae
1341 3695 1420 3741 erant
1436 3698 1529 3748 affl

198 3780 276 3838 mit,
301 3788 367 3840 opus
386 3774 461 3838 fabri
477 3781 648 3835 catenarum,
661 3776 722 3824 eius
741 3774 869 3835 artificis,
895 3778 943 3839 qui
963 3777 1079 3827 metalla
1098 3785 1204 3841 torquet
1224 3779 1253 3827 in
1272 3784 1386 3831 catenas
1400 3794 1405 3829 :
1421 3791 1529 3829 corros-

197 3863 303 3928 pondet
315 3864 417 3928 quippe
429 3868 493 3922 mit
503 3863 620 3913 vocibus
641 3868 721 3924 31111,
736 3871 809 3947 opi,
826 3870 904 3923 wart.
928 3866 961 3914 Et
978 3880 1059 3929 peaes
1078 3873 1186 3917 catenas
1208 3868 1312 3918 tortiles
1329 3881 1410 3933 super
1428 3871 1530 3928 raami-

197 3966 258 4012 ncs‚
275 3950 437 4015 oiscingas.
451 3979 487 3987 —
501 3953 565 4003 ixx
578 3967 587 4001 .·
604 3951 812 4020 καταμεμιγμένα
825 3948 851 4001 tr
866 3950 960 4003 iubeam
978 3966 984 4003 :
1001 3967 1054 4019 pro
1073 3936 1150 4013 11511
1165 3956 1298 4019 legebant
1318 3957 1436 4007 lormam
1451 3960 1527 4005 uocis

196 4047 274 4101 piu,
291 4040 462 4104 aetianam,
479 4042 508 4092 et
522 4042 698 4105 participium
712 4041 906 4106 explicationis
920 4045 1012 4106 gratia
1027 4044 1247 4109 adscripserunt.

672 4262 696 4310 1.
716 4260 841 4306 Rationale
857 4262 904 4308 Ex.
921 4264 1040 4321 28,l5-30.

239 4434 309 4496 Vox
319 4429 544 4520 iunincertae
552 4431 604 4493 est
611 4427 843 4494 derivationis.
857 4432 949 4495 Lxx
957 4438 1059 4519 λέγων
1074 4432 1128 4498 vel
1139 4440 1272 4521 λογεῖον,
1286 4456 1390 4524 quam
1405 4460 1521 4501 rocem

195 4538 260 4603 les.
278 4539 355 4601 Ant.
367 4538 470 4624 llis.
486 4540 505 4599 9
521 4534 768 4623 interpretetur
780 4534 969 4623 oraculum,
988 4537 1080 4605 Hier.
1093 4545 1208 4605 eutem
1222 4542 1324 4625 vertit
1339 4542 1520 4607 ratimmte.

195 4648 357 4711 licentra
380 4643 459 4730 Syr.
484 4654 592 4713 ustis,
608 4639 741 4709 thorae.
767 4664 798 4708 v.
823 4648 862 4709 15
887 4668 903 4702 c<
924 4644 1105 4711 Rationale
1126 4646 1261 4736 quoquc
1279 4645 1406 4714 iudicii
1424 4678 1437 4707 >r
1464 4649 1521 4732 ici.

193 4773 224 4817 v.
243 4746 296 4834 30)
325 4777 340 4812 a
355 4746 466 4837 facies
486 4768 585 4836 opere
601 4747 790 4837 polymite,
817 4748 917 4815 irrata
937 4760 1108 4819 tecturam
1132 4752 1420 4841 superhumeralis·
1443 4784 1456 4813 »
1481 4792 1515 4802 -
