3534 5384
205 345 265 404 268
541 372 544 374 v
605 358 751 404 uovonou
771 357 928 404 monceau
949 358 1136 406 rusrrruno.

209 498 279 563 imo
299 496 404 586 paulo
428 493 581 576 maioris,
603 493 809 561 crediderim
830 495 957 584 quippe
975 494 1043 562 duo
1057 501 1173 584 tapeta
1192 518 1255 586 per
1270 494 1405 562 ansulas
1424 499 1456 560 et
1471 494 1538 559 cir-

211 604 305 671 culos
322 624 391 669 non
410 599 512 667 fuisse
531 600 581 668 ita
604 607 698 668 arcte
720 602 918 682 coniuncta,
937 601 996 668 sed
1015 601 1130 690 aliquo
1148 601 1326 670 interiecto
1339 600 1534 668 intervallo.

212 709 386 790 Quomodo
407 729 487 774 vero
508 707 635 797 quinae
655 706 818 789 invicem,
835 730 923 796 quae
942 709 979 773 in
997 713 1113 798 tapeta
1135 708 1389 788 coalescebant,
1415 709 1539 793 iunge-

213 820 332 883 rentur
351 813 519 894 cortinae,
542 835 614 880 non
633 812 833 892 edocemur,
852 813 890 880 id
909 836 977 880 non
996 814 1132 882 videtur
1146 815 1303 882 ellectum
1321 835 1392 881 esse
1411 813 1539 880 ansulis

212 930 246 990 et
257 921 564 1003 circulis;f0rtasse
577 919 846 1009 permanentiori
865 920 1014 1000 ratione,
1029 943 1061 988 v.
1079 943 1114 1008 g.
1131 921 1245 988 nendo
1262 920 1393 1009 (Post).

256 1050 288 1094 v.
307 1033 326 1094 b
345 1058 360 1089 «
388 1026 536 1093 Ansalas
560 1024 803 1116 hyacinthinam
827 1026 865 1092 in
890 1027 1054 1094 lateribus
1077 1028 1128 1114 [ae
1148 1026 1416 1112 summitatibus]
1430 1024 1540 1114 socies

216 1133 444 1217 cortinarum,
466 1136 517 1220 [ut
536 1132 671 1221 possint
690 1132 836 1199 invicem
856 1132 1024 1223 copulari]
1042 1163 1070 1200 ».
1088 1139 1226 1201 Textum
1246 1133 1407 1201 nonnihil
1421 1131 1541 1199 obscu-

217 1263 295 1309 rum
313 1241 410 1307 Hier.
432 1238 574 1306 liberius
592 1246 728 1306 vertens
751 1239 983 1307 difficiliorem
1004 1239 1163 1308 reddidit.
1183 1239 1270 1318 Quid
1290 1239 1363 1329 ipsc
1380 1237 1537 1318 senserit,

216 1371 256 1416 ex
271 1349 343 1414 eius
359 1346 513 1413 versione
526 1346 606 1412 satis
620 1350 776 1436 apparet.
794 1345 937 1414 insulas
953 1368 1010 1414 seu
1031 1345 1208 1436 luqueolos
1221 1367 1291 1412 non
1307 1345 1342 1412 in
1359 1345 1438 1412 solis
1456 1346 1540 1411 late-

216 1451 327 1535 ribus,
347 1453 528 1520 sedetiam
547 1451 584 1518 in
601 1451 853 1520 summitatibus
872 1452 1049 1521 adstruxit.
1070 1452 1209 1520 Videtur
1223 1451 1454 1542 supposuisse,
1473 1451 1541 1518 duo

214 1561 377 1650 tapetam
399 1587 415 1620 κ
437 1558 669 1627 summitatem
686 1587 701 1619 o
720 1559 904 1627 sanctuarii
919 1560 1130 1648 conspirasse
1150 1563 1252 1648 atque
1272 1559 1322 1624 ibi
1345 1557 1447 1625 fuisse
1462 1559 1541 1624 iun-

214 1665 344 1754 genda;
362 1664 498 1732 videtur
518 1670 698 1755 praeterea
718 1665 872 1746 sensisse,
892 1665 1046 1752 singulas
1064 1664 1212 1732 cortinas
1235 1693 1250 1726 u
1280 1665 1316 1730 in
1341 1663 1507 1731 lateribus
1524 1691 1539 1724 n

216 1774 318 1840 fuisse
333 1772 525 1859 iungendos
540 1773 630 1839 inter
642 1793 677 1838 se
690 1769 820 1838 ansulis
834 1776 868 1838 et
878 1770 1025 1838 circulis.
1046 1771 1111 1838 Sed
1132 1770 1221 1838 illud
1234 1771 1271 1838 in
1288 1770 1542 1838 summitatibus·

216 1900 287 1946 non
302 1878 403 1945 estin
418 1883 523 1947 textu.
540 1879 641 1945 Hedr.
664 1877 713 1944 ita
727 1877 831 1945 habet
847 1901 855 1946 :
877 1879 1064 1968 Faciesque
1078 1876 1218 1945 ansulas
1228 1875 1470 1967 hyacinthinas
1486 1899 1543 1943 su-

210 2007 277 2077 per
302 1984 429 2052 labium
456 1985 609 2051 cortinae
638 1983 756 2071 urrisu,
782 1985 819 2051 in
845 1985 1075 2069 eatremitate,
1102 1985 1139 2050 in
1168 1985 1240 2051 loeo
1271 1983 1521 2052 coniunctionis
1530 2005 1544 2070 ,⁰

221 2093 369 2181 itemque
389 2091 501 2180 facies
525 2089 672 2156 inlatio
694 2091 846 2158 cortinae
868 2105 1054 2175 extremae,
1073 2091 1111 2158 in
1131 2091 1204 2157 loeo
1219 2089 1472 2157 coniunctionis
1491 2113 1543 2156 se-

220 2195 344 2264 eundo.
365 2196 482 2275 Quiris
499 2197 591 2264 inter
604 2219 640 2264 se
654 2197 777 2264 iunctis
794 2197 951 2282 cortinis,
966 2197 1036 2265 iam
1051 2220 1119 2264 nou
1137 2197 1308 2264 habentur
1324 2196 1392 2264 nisi
1407 2196 1475 2263 duo
1495 2201 1544 2264 ta-

218 2309 389 2394 petuam,
412 2309 450 2369 ut
467 2303 580 2370 verbis
597 2304 864 2370 textushebraei
884 2304 1080 2392 loquamur,
1101 2304 1187 2372 duae
1206 2303 1357 2368 cortinae
1373 2301 1539 2371 maiores:

217 2409 351 2476 eortina
363 2432 449 2493 rina,
468 2414 501 2476 et
511 2408 645 2476 eortina
656 2421 807 2476 eati-ema
822 2433 881 2476 seu
894 2411 1070 2477 remotior.
1084 2409 1231 2478 Ansulae
1245 2409 1353 2496 igitur
1367 2407 1544 2476 faciendae

215 2519 293 2582 sunt
307 2514 344 2582 in
358 2516 489 2581 eortina
504 2538 590 2598 rena,
608 2515 793 2604 etquidem
810 2517 846 2581 in
862 2515 951 2581 ladio
967 2538 1025 2582 seu
1042 2515 1267 2602 longitudinis
1281 2517 1403 2597 latere,
1417 2519 1450 2582 et
1468 2514 1543 2605 qui-

217 2622 295 2689 dem
314 2621 351 2688 in
366 2621 580 2689 eetremitate
593 2643 653 2688 seu
667 2621 702 2688 in
719 2626 869 2688 extremo
884 2644 924 2688 eo
938 2621 1044 2689 latere
1059 2644 1068 2690 :
1083 2623 1111 2689 is
1125 2623 1216 2689 enim
1231 2621 1390 2712 proprius
1400 2621 1544 2688 esteius·

217 2727 311 2795 modi
326 2728 524 2797 ansularum
538 2728 643 2796 locus.
670 2727 795 2795 Eadem
813 2750 895 2795 vcro
911 2729 1106 2795 extremitas
1129 2729 1174 2795 ab
1191 2750 1266 2810 usu,
1288 2730 1342 2794 cui
1357 2727 1427 2794 iarn
1443 2726 1543 2793 adhi-

215 2833 330 2917 betur,
360 2841 502 2902 vocatur
531 2836 625 2902 loeus
651 2835 920 2916 coniunctionis,
952 2836 1050 2924 eique
1081 2837 1117 2901 in
1144 2834 1253 2902 aliero
1279 2839 1393 2923 tapeto
1420 2857 1480 2900 seu
1508 2835 1543 2900 in

216 2942 349 3007 cortine
363 2941 544 3008 remotiore
559 2941 802 3030 correspondet
821 2941 914 3008 locus
934 2941 1183 3009 coniunctionis
1197 2939 1376 3008 sectandae.

253 3158 307 3206 Pro
323 3164 411 3240 :rapti
425 3159 498 3208 Sani.
514 3165 608 3240 napa.
621 3185 657 3194 -
670 3165 753 3213 nun
772 3163 800 3206 ct
817 3165 927 3215 riwin
942 3171 998 3208 non
1013 3164 1079 3209 sunt
1096 3159 1211 3208 nomina
1227 3153 1337 3224 (ostie.)
1358 3159 1444 3221 tapeti
1463 3159 1546 3206 unius

218 3249 246 3296 ct
260 3246 383 3306 alterius,
395 3246 514 3310 equinis
525 3249 731 3310 compactorum
743 3248 866 3298 cortinis.
880 3247 904 3295 V
906 3260 972 3296 ocos
982 3251 1048 3297 sunt
1060 3249 1182 3297 incertae
1193 3245 1331 3296 lectionis.
1344 3247 1416 3296 Satn.
1430 3247 1458 3296 h.
1471 3246 1489 3296 l.
1503 3247 1545 3296 bis

217 3334 302 3384 habet
314 3342 436 3395 mlt'tm
452 3335 581 3398 idemque
591 3335 694 3385 habent
704 3337 776 3385 Sam.
788 3336 867 3384 Hebr.
881 3335 940 3395 36,i
950 3336 972 3394 i,
986 3337 1033 3399 qui
1045 3337 1137 3385 textus
1146 3335 1313 3386 verbotenus
1327 3337 1470 3398 ceteroqui
1479 3349 1546 3386 nos-

219 3427 262 3473 tro
277 3424 364 3472 textui
377 3425 525 3482 consonat;
542 3423 622 3482 36,st
641 3425 714 3473 Sem.
735 3425 816 3473 ltebr.
836 3425 929 3487 priore
945 3425 1008 3474 loco
1022 3423 1125 3475 liabent
1140 3431 1263 3488 mazniz,
1281 3425 1437 3486 posteriorc
1451 3430 1542 3481 niati.

221 3510 335 3560 Nullum
349 3512 436 3574 igitur
449 3523 545 3562 earum
558 3525 660 3562 vocum
675 3511 785 3564 (tetendi
801 3517 893 3577 potest
905 3513 1067 3572 discrimem
1083 3513 1211 3576 primitus
1225 3511 1344 3562 tortasse
1359 3525 1416 3561 una
1432 3511 1545 3563 eadem·

218 3613 274 3664 quo
287 3599 390 3664 ubique
404 3600 550 3664 tegebatur
562 3615 626 3651 vox.

263 3813 296 3858 v.
318 3799 337 3860 5
356 3821 370 3852 o
395 3792 818 3882 Quinquaqenasansulas
842 3793 974 3858 cortina
993 3791 1127 3860 leabebit
1150 3793 1186 3859 in
1209 3804 1462 3882 utraqueporte
1487 3792 1546 3881 [itu

224 3898 395 3981 insertasl,
422 3911 460 3964 nt
481 3922 567 3984 arasa
589 3911 707 3965 eontra
730 3922 852 3965 ansam
876 3900 988 3965 evniat
993 3953 1004 3986 ,
1033 3897 1208 3984 [etaltera
1229 3898 1456 3988 alteripossit
1486 3921 1547 3988 ap-

220 4005 299 4091 tari]
323 4033 351 4072 n.
369 4007 471 4073 Hebr.
496 4028 509 4070 .·
529 4005 791 4095 Quinquaqinta
805 4005 948 4072 attrectas
959 4006 1072 4095 facies
1092 4005 1129 4072 in
1143 4005 1277 4073 cortina
1292 4027 1378 4088 una,
1397 4018 1430 4072 et
1444 4005 1547 4094 quin-

222 4112 393 4200 quaqinta
411 4112 554 4179 aresrrlas
571 4112 682 4200 facies
692 4112 729 4178 in
741 4111 956 4178 extremitate
969 4112 1137 4194 cortinae,
1157 4133 1245 4201 quae
1267 4123 1314 4178 est
1329 4111 1366 4177 in
1387 4111 1548 4176 conterne-

224 4217 316 4284 tr‘one
332 4218 483 4286 sectanda
500 4240 513 4283 .·
534 4218 705 4309 oppositas
724 4220 863 4285 anstilas
892 4241 997 4284 nnana
1026 4217 1074 4285 ad
1094 4217 1250 4285 alteram.
1277 4217 1388 4284 Cuivis
1406 4217 1547 4285 crisulae

222 4322 260 4390 in
273 4324 511 4392 coniunctione
526 4325 641 4414 prima
654 4323 933 4415 correspondebit
945 4325 1067 4391 ansula
1078 4323 1115 4390 in
1131 4323 1368 4390 coniunctione
1382 4323 1542 4390 secunda.

266 4454 297 4495 v.
321 4436 340 4495 6
357 4459 374 4492 «
398 4431 517 4497 Facies
536 4445 569 4498 et
588 4430 846 4521 quinquaqinta
861 4430 1005 4496 circulos·
1025 4453 1146 4496 aureos
1163 4459 1198 4510 n,
1214 4453 1273 4498 seu
1286 4429 1436 4496 exactius
1452 4429 1547 4497 unci-

222 4536 339 4620 nuloS,
357 4537 416 4626 qui
434 4537 562 4624 singuli
578 4538 638 4604 uni
651 4538 791 4605 ansulae
807 4539 909 4605 unius
924 4537 1172 4604 coniunctionis
1185 4543 1217 4604 et
1230 4541 1290 4603 uni
1305 4535 1445 4603 ansulae
1460 4535 1544 4602 alte-

223 4643 293 4710 rius
306 4643 555 4711 coniunctionis
569 4644 834 4726 insinuarentur,
852 4673 868 4705 «
890 4643 1012 4734 quibus
1028 4643 1240 4709 cortinarum
1257 4643 1354 4731 [cela]
1370 4640 1546 4732 iunpenda

219 4763 317 4832 stent,
336 4762 373 4818 nt
388 4773 495 4817 anton
516 4753 773 4818 tabernaculum
792 4753 857 4840 fiat
875 4777 905 4816 ».
924 4749 1026 4816 Hebr.
1050 4771 1061 4817 :
1084 4750 1271 4840 Faciesque
1285 4749 1545 4839 quinquaqinta
