3534 5384
235 370 294 428 ⁶202
715 383 754 426 ax
774 381 912 426 anorrro
936 384 965 426 m
989 381 1082 426 strar.

233 517 398 584 naturalis
420 516 598 584 inclinatio
620 515 665 582 ad
685 517 766 598 boc,
788 516 883 606 quod
907 515 1049 582 cuilibet
1076 517 1126 582 rei
1147 516 1356 584 necessariae
1385 515 1567 605 deputetur

234 623 374 713 aliquod
389 631 539 712 tempuS,
556 623 643 690 sieut
662 621 835 712 corporali
851 621 1048 705 refectioni,
1066 643 1186 689 somno
1206 628 1240 689 et
1261 622 1335 689 aliis
1356 621 1564 689 huiusmodi.

235 730 328 797 Unde
347 729 451 797 etiam
465 728 637 819 spirituali
656 727 850 812 refectioni,
875 751 946 818 qua
963 749 1059 795 mens
1082 728 1232 796 hominis
1253 729 1290 796 in
1310 732 1379 796 Deo
1397 727 1564 806 relicitur,

233 836 423 903 secundum
437 835 609 903 dictamen
627 836 794 902 naturalis
807 835 951 902 rationis
970 834 1111 925 aliquod
1130 841 1265 924 tempus
1284 834 1428 925 deputat
1448 835 1575 903 homos

234 948 273 1010 ut
285 943 334 1008 sic
352 943 480 1009 habere
499 941 639 1032 aliquod
657 949 792 1031 tempus
813 941 1016 1031 deputatum
1039 941 1083 1008 ad
1099 940 1293 1008 vacandum
1313 941 1453 1022 divinis,
1477 941 1568 1009 cadit

233 1049 297 1116 sub
312 1053 494 1138 praecepto
508 1048 644 1115 morali.
663 1047 728 1114 Sed
746 1049 782 1114 iu
798 1047 1018 1138 quantumin
1038 1047 1105 1115 hoc
1116 1053 1301 1137 praecepto
1317 1047 1567 1115 determinatur

231 1155 379 1244 speciale
402 1160 536 1243 tempus
560 1156 595 1220 in
618 1155 755 1241 signum
770 1155 951 1222 creationis
970 1153 1110 1235 muudi,
1130 1153 1179 1220 sio
1197 1162 1247 1221 est
1268 1158 1489 1243 praeceptum
1508 1176 1565 1220 ce-

235 1261 424 1328 remoniale
449 1289 480 1328 ».
510 1263 610 1327 Hebr.
642 1282 655 1325 .·
681 1263 849 1327 Memento
876 1260 947 1326 diei
969 1259 1122 1344 sabbati,
1157 1271 1195 1326 ut
1229 1260 1421 1349 sanctifices
1453 1259 1566 1328 illum.

234 1371 328 1434 [taut.
344 1373 435 1448 5,12.
453 1396 468 1428 0
485 1366 623 1433 Custodi
638 1373 702 1435 etc.
722 1395 751 1433 a.
766 1367 914 1434 Verbum
924 1379 1092 1434 0110101110
1103 1419 1110 1448 ,
1122 1367 1172 1433 uti
1184 1367 1306 1446 etiam,
1321 1365 1566 1456 quodminime

235 1474 320 1562 quid
338 1472 475 1540 nomine
493 1473 629 1541 sabbati
645 1473 861 1560 intelligatur
877 1472 1108 1554 describatur,
1135 1472 1284 1540 ostendit
1305 1474 1363 1562 agi
1382 1473 1425 1540 dc
1447 1494 1483 1538 re
1498 1495 1566 1540 non

234 1580 336 1669 plano
355 1581 500 1666 ignota:
523 1580 566 1645 cl.
591 1603 680 1670 quae
699 1579 848 1647 diximus
869 1580 913 1646 ad
933 1584 1016 1648 Gen.
1038 1586 1107 1663 23.
1131 1578 1380 1668 Sanctificetur
1398 1577 1452 1660 id,
1475 1578 1568 1668 quod

235 1686 279 1752 ab
296 1687 390 1751 omni
406 1708 469 1752 usu
484 1686 628 1776 profano
642 1691 839 1776 exemptum
851 1686 917 1753 soli
931 1687 1050 1754 divino
1067 1685 1144 1752 usui
1164 1691 1197 1752 et
1210 1685 1317 1753 cultui
1337 1691 1566 1753 consecratur.

236 1792 321 1859 Hinc
342 1814 421 1859 cum
442 1792 551 1860 Calm.
572 1793 755 1875 sentimus,
782 1794 883 1861 huius
902 1793 989 1880 legis
1007 1815 1178 1860 summam
1202 1793 1305 1860 tuisse
1332 1793 1367 1859 in
1388 1793 1483 1858 cultu
1502 1797 1569 1859 Deo

237 1899 430 1983 reddendo,
456 1899 545 1966 unde
569 1900 769 1990 appendicis
793 1901 902 1967 instar
925 1901 1159 1989 consequatur
1177 1899 1316 1989 requies
1339 1898 1481 1966 sabbato
1501 1921 1570 1964 ser-

237 2005 363 2072 vanda.
383 2005 449 2072 Sed
468 2003 512 2070 do
529 2006 625 2073 cultu
638 2008 675 2073 h.
699 2007 723 2072 l.
749 2006 838 2073 nihil
857 2006 1008 2074 habetur
1029 2007 1256 2088 enucleatius,
1279 2005 1371 2094 quod
1395 2008 1481 2072 Deus
1500 2004 1571 2071 eius

238 2112 409 2179 rationem
423 2113 635 2179 enucleatius
648 2135 842 2203 proponere
861 2120 937 2181 tum
956 2112 1208 2208 nonOhabuerit
1220 2112 1256 2178 in
1270 2112 1396 2179 animo.
1414 2117 1501 2178 Sanc
1518 2134 1571 2178 sa-

238 2219 334 2308 piens
351 2219 465 2284 nullus
483 2218 550 2284 sibi
576 2225 690 2287 mente
711 2218 864 2301 finxerit,
888 2220 957 2287 diei
976 2221 1190 2287 sanctitatem
1209 2219 1280 2286 solo
1298 2239 1418 2285 somno
1442 2223 1476 2284 ct
1500 2218 1569 2283 otio

239 2331 470 2392 constaturam
490 2346 571 2391 esse.
596 2324 662 2392 Sed
685 2326 821 2415 requies
840 2326 900 2393 illa
922 2325 991 2392 iam
1013 2327 1204 2393 accuratius
1225 2324 1443 2392 describitur.
1465 2346 1498 2390 v.
1520 2331 1539 2390 9
1559 2344 1566 2390 :

241 2459 256 2492 «
282 2436 352 2500 Sca
371 2429 489 2497 diebus
504 2431 697 2521 operaberis
711 2445 742 2497 et
755 2432 867 2520 socies
886 2433 1003 2498 omnio
1019 2454 1120 2522 opero
1140 2445 1200 2498 tuo
1217 2455 1251 2516 »3
1270 2453 1303 2498 v.
1327 2438 1366 2498 11)
1388 2458 1405 2494 «
1428 2431 1569 2521 reptilem

239 2551 355 2604 aretem
369 2535 426 2603 die
444 2539 622 2604 sabbatum
636 2537 779 2604 Domini
789 2539 853 2605 Dei
865 2541 921 2605 tui
939 2552 988 2605 est
1001 2561 1013 2604 .·
1032 2561 1103 2605 ooo
1116 2539 1227 2626 socies
1243 2560 1341 2605 omne
1356 2560 1441 2628 opus
1463 2537 1499 2604 in
1518 2559 1567 2615 eo,

241 2657 278 2710 10
304 2658 337 2710 ct
356 2643 453 2732 filius
472 2657 551 2709 mm
572 2658 605 2710 e!
627 2645 707 2730 filio
732 2659 811 2728 100,
832 2668 948 2712 semus
969 2659 1047 2712 tures
1070 2658 1103 2712 01
1128 2644 1260 2712 ancilla
1280 2658 1357 2726 110,
1379 2644 1569 2710 iumentum

241 2764 337 2817 tuum
351 2761 383 2816 ct
395 2749 544 2834 advena,
563 2751 626 2842 qm'
637 2763 686 2818 est
702 2752 1007 2842 introportostuos
1021 2780 1052 2818 ».
1069 2757 1174 2830 Quam
1186 2751 1437 2842 expressionem
1446 2749 1565 2816 Dillm.

239 2857 440 2947 pronuntiat
455 2880 526 2924 esse
548 2886 564 2918 «
586 2858 691 2947 plane
707 2858 1027 2926 deuteronomicam
1046 2882 1081 2941 »;
1104 2858 1180 2940 sed,
1201 2881 1280 2926 cum
1304 2873 1371 2926 1111
1394 2863 1496 2938 3226
1513 2878 1566 2945 sq.

239 2963 376 3031 dicatur
388 2966 491 3030 etiam
508 2964 551 3030 de
565 2966 700 3048 cestria,
717 2972 751 3032 et
764 2966 981 3056 probabilius
996 2964 1176 3033 dicebatur
1190 2967 1270 3032 item
1288 2964 1331 3032 de
1343 2962 1512 3044 tentoriiS,
1533 2970 1567 3028 et

238 3070 275 3136 in
291 3073 446 3160 Aegypto
461 3071 580 3160 utique
593 3071 772 3139 dicebatur
785 3072 827 3140 de
841 3073 1017 3155 domibus,
1039 3093 1125 3162 equas
1139 3071 1240 3139 multi
1256 3071 1328 3139 sine
1344 3070 1450 3137 dubio
1465 3074 1571 3136 lsrae-

240 3175 320 3242 litae
334 3175 548 3258 incolebant,
563 3200 683 3267 reapse
696 3202 739 3246 ea
753 3203 818 3246 vox
832 3180 868 3245 h.
887 3180 911 3245 l.
935 3178 1197 3247 admirationem
1219 3199 1288 3245 non
1307 3177 1399 3245 lacit.
1421 3182 1493 3242 Non
1508 3180 1568 3254 est,

241 3303 304 3349 eur
317 3304 397 3349 cum
411 3285 503 3349 LXX
519 3283 688 3351 advenam
701 3285 969 3377 interpretemur
986 3285 1098 3352 solum
1112 3285 1329 3374 proselytum
1345 3307 1357 3350 :
1376 3284 1468 3349 intra
1482 3283 1569 3348 fines

241 3388 396 3478 proprios
420 3390 564 3457 Hebraei
584 3412 666 3459 sane
687 3394 937 3482 procurabant,
959 3398 997 3459 ut
1024 3392 1205 3460 sabbatum
1234 3391 1278 3458 ab
1304 3389 1444 3457 advenis
1468 3390 1571 3456 etiam

242 3495 385 3562 ethnicis
397 3495 647 3580 observaretur,
666 3525 682 3559 «
694 3499 858 3588 quoniam
873 3499 1017 3566 dedecet
1027 3499 1206 3588 publicum
1217 3498 1341 3565 testum
1357 3503 1457 3585 turpe
1472 3493 1572 3561 reddi

241 3625 262 3668 1
285 3602 510 3690 peregrinis»
533 3602 651 3694 (Coit
676 3605 858 3695 Sequentia
875 3625 980 3695 opera
1001 3605 1227 3695 inscriptura
1248 3604 1391 3672 sabbato
1414 3599 1571 3691 explicite

242 3708 499 3797 prohibentur:
531 3731 628 3777 arare
653 3716 686 3777 et
711 3717 861 3798 segetem
883 3712 1046 3798 colligere
1075 3711 1222 3800 (Ml),
1253 3731 1380 3775 manna
1408 3706 1571 3794 colligere

243 3817 359 3899 (teme
382 3816 492 3905 sqq),
519 3839 669 3907 coquere
693 3826 725 3884 et
751 3817 887 3906 pinsere
913 3819 1061 3907 (lune),
1086 3819 1202 3904 ignem
1229 3815 1417 3882 accendere
1444 3815 1570 3904 (353),

243 3922 338 4008 ligna
352 3922 514 4008 colligere
528 3923 641 4013 (Num.
663 3929 765 4007 15,32
778 3924 887 4014 sqq),
906 3946 1010 3991 onera
1025 3930 1163 4014 portare
1184 3925 1262 4011 (ler.
1287 3924 1424 4008 1721),
1442 3921 1573 3988 calcare

243 4029 444 4111 torcularia,
467 4051 572 4096 onera
591 4030 769 4118 imponere
795 4036 829 4097 et
851 4027 1085 4117 circumagere
1107 4030 1141 4119 (2
1161 4030 1258 4097 Esdr.
1285 4029 1418 4114 13‚15)‚
1443 4048 1574 4093 merra-

243 4139 356 4201 turam
376 4158 477 4222 agere
503 4136 591 4223 (alm.
610 4143 684 4217 8‚5;
713 4137 847 4203 2Esdr.
874 4142 974 4219 13,15
994 4137 1099 4226 sqq).
1124 4137 1225 4202 Plura
1247 4135 1366 4225 ulique
1387 4133 1456 4201 alia
1475 4137 1574 4199 erant

244 4239 434 4328 prohibita;
453 4243 543 4309 circa
561 4242 686 4309 Christi
709 4250 824 4311 tamen
841 4249 998 4333 tempora
1015 4243 1151 4326 ludaei,
1174 4249 1277 4332 atque
1296 4239 1466 4331 imprimis
1488 4239 1574 4305 Pha-

245 4345 362 4428 risaei,
381 4348 447 4415 hao
463 4349 499 4414 in
515 4371 552 4415 re
570 4357 749 4417 evaserant
761 4349 864 4417 nimis
876 4351 997 4416 severi.
1019 4374 1053 4417 v.
1072 4357 1111 4417 11
1135 4379 1150 4411 «
1169 4353 1238 4417 Ser
1251 4349 1342 4415 enim
1356 4347 1474 4414 diebus
1486 4345 1574 4434 sec-it

245 4453 412 4518 Dominus·
428 4455 558 4521 eoelum
577 4470 609 4523 01
626 4469 751 4523 terrum
771 4469 805 4523 rt
823 4480 917 4524 01010
936 4472 967 4522 cl
984 4457 1120 4537 orricio,
1142 4479 1229 4544 qetoc
1246 4456 1283 4521 in
1298 4456 1347 4522 eis
1362 4465 1458 4534 srmt,
1477 4465 1509 4519 et
1525 4475 1576 4518 re-

245 4559 375 4649 quievit
391 4561 427 4627 in
439 4562 499 4629 die
513 4564 656 4652 septimo
663 4585 677 4647 ,·
688 4564 815 4630 ideireo
832 4563 1006 4630 benedicit
1021 4564 1186 4630 Dominus
1200 4563 1271 4630 elici
1284 4560 1418 4629 sabbati
1432 4571 1464 4626 et
1478 4581 1576 4626 ruor-

246 4667 390 4755 ristrooit
405 4692 482 4734 0100
504 4697 534 4736 0.
561 4671 610 4737 cf.
634 4677 751 4753 16,23;
774 4678 893 4753 31,1.‘›;
915 4674 1142 4754 31111110.
1165 4677 1233 4752 22.
1257 4668 1355 4736 Ratio
1371 4665 1575 4735 observandi

245 4773 379 4841 sabbati
396 4780 491 4842 Dent.
511 4783 590 4860 5,15
612 4776 806 4866 assignatur
821 4779 956 4867 requies
971 4800 990 4844 a
1005 4781 1072 4844 lleo
1087 4777 1215 4868 populo
1236 4797 1398 4843 concessa
1413 4774 1452 4842 in
1467 4773 1575 4841 exodo
