3534 5384
754 391 791 435 EX
813 389 950 434 AEGYPTO
974 391 1005 435 IN
1027 389 1115 434 slunl.

267 528 497 596 confirmatur
515 524 669 612 generali
688 523 830 590 omnino
852 522 955 589 modo
982 522 1036 589 lex
1061 527 1152 601 tau.
1170 527 1211 588 12
1231 524 1372 603 statuta,
1395 542 1483 609 quae
1498 521 1533 586 in
1548 543 1602 587 rc-

109 710 111 713 ,
172 618 176 624 ⁵
264 633 440 701 censendis
450 633 506 708 iis,
520 653 608 720 quae
624 635 691 696 Deo
706 629 935 697 consecranda
949 635 1042 710 sunt,
1054 636 1132 718 apte
1144 629 1179 694 iu
1189 626 1389 694 memoriam
1404 632 1597 694 revocatur.

112 740 123 825 ἶΙ
165 740 167 743 ’
235 729 239 734 ’
266 765 297 807 v.
325 747 367 807 30
387 762 449 830 pro
472 738 628 806 simz'liter
646 743 740 803 verte
759 736 829 816 sie,
853 756 1073 825 nequaquam
1090 735 1181 801 enim
1199 732 1407 820 suggeritur,
1426 733 1598 822 primoge-

102 831 131 938 {5‘
169 926 171 929 ¹
263 847 374 913 nitum
387 848 489 912 etiam
503 844 742 910 filiumoctavo
758 844 814 910 die
829 842 957 909 debere
972 841 1100 908 offerri.
1116 863 1148 907 v.
1167 847 1208 906 30
1224 868 1239 900 u
1255 843 1303 906 De
1318 838 1421 905 bobus
1436 839 1594 929 [quoque]

115 961 151 1030 ·‚’
169 1021 172 1024 ,
264 965 297 1020 et
316 952 435 1019 ouibus
449 950 611 1018 similiter
618 949 731 1039 facies
744 970 757 1013 .·
769 961 898 1039 septem
908 945 1027 1014 diebus
1041 947 1086 1014 sit
1101 959 1299 1014 commatre
1314 969 1387 1028 seca,
1404 945 1459 1012 elie
1475 957 1595 1012 octova

169 1116 171 1125 .
265 1058 385 1125 reddes
401 1058 501 1124 illum
522 1056 609 1123 milri
624 1084 655 1122 ».
670 1055 764 1123 Sicut
783 1079 815 1122 v.
838 1062 895 1122 29¹²
916 1077 988 1121 non
1012 1054 1181 1140 agebatur
1196 1053 1238 1120 de
1257 1053 1337 1120 solis
1351 1051 1529 1142 primitiis,
1549 1053 1598 1119 ita

266 1188 378 1255 neque
398 1188 429 1230 v.
449 1171 490 1231 30
504 1164 547 1230 de
561 1163 643 1230 solis
657 1162 899 1252 primogenitis
917 1183 925 1227 :
943 1161 1128 1228 antediem
1144 1165 1297 1227 octavam
1317 1159 1453 1225 nullum
1469 1158 1600 1226 animal

267 1278 334 1339 [teo
359 1298 375 1333 κ
398 1271 500 1338 detur
521 1299 555 1352 r,
572 1271 597 1335 i.
622 1291 653 1335 e.
678 1295 694 1329 «
720 1274 938 1335 consecretur
962 1296 977 1327 »
1007 1267 1115 1357 (Deut.
1146 1267 1313 1354 15,19)et
1336 1265 1418 1332 hinc
1441 1264 1601 1345 chatiis,

267 1379 372 1445 etiam
397 1401 418 1445 a
447 1376 556 1444 matre
589 1381 782 1466 separetur3
816 1375 873 1441 die
903 1397 985 1440 vero
1017 1378 1136 1440 octava
1168 1380 1363 1466 separetur3
1396 1371 1516 1438 eadem
1546 1370 1602 1438 die

267 1485 321 1551 vet
342 1510 358 1546 r
388 1483 606 1573 deinceps»,
635 1481 686 1548 uti
709 1480 881 1571 supienter
910 1480 1056 1570 explieat
1084 1485 1160 1546 Lev.
1188 1485 1302 1562 2237,
1332 1484 1398 1545 Deo
1426 1476 1596 1545 tradatur.

268 1590 441 1658 Eiusmodi
468 1588 633 1656 animatia
663 1593 756 1654 Dent.
794 1594 895 1670 15,19
928 1586 1031 1653 etiam
1062 1589 1135 1651 tum
1169 1585 1375 1675 quandoque
1406 1605 1510 1673 penes
1540 1583 1602 1650 he-

12 1659 20 1682 i

9 1665 78 1793 at
169 1785 173 1796 Ι
268 1718 345 1764 rum
371 1696 514 1786 reperiri
535 1693 714 1786 supponit,
732 1694 870 1784 quando
886 1693 956 1760 iam
971 1693 1101 1760 arando
1117 1692 1184 1759 sint
1203 1691 1312 1781 pario.
1335 1692 1384 1757 Cf.
1402 1687 1603 1757 Hoonaclrer

268 1827 301 1893 r·
320 1809 425 1893 Ssuu·

609 1997 698 2040 Sortes
711 1997 797 2040 altera
811 1998 896 2041 mlum
910 1995 1002 2050 legum
1015 1993 1062 2037 Ex.
1077 1994 1261 2046 22,31·23,12.

534 2139 561 2176 a.
578 2124 694 2176 Novella
708 2125 744 2176 de
761 2126 899 2188 sanguino
914 2137 972 2175 non
986 2122 1157 2174 comedendo
1172 2125 1223 2172 Ex.
1240 2121 1332 2182 Ἠλῖ.

311 2327 394 2414 Ανφ.
412 2361 454 2373 -
473 2330 550 2391 Post
565 2325 750 2392 formulam
772 2324 862 2391 hano
878 2324 1001 2391 seriem
1024 2346 1044 2388 a
1066 2321 1293 2413 praecedente
1308 2320 1598 2407 distinguentem,

266 2431 419 2519 sequitur
442 2430 498 2497 lex
517 2431 682 2498 noachica
700 2430 743 2496 de
763 2431 929 2516 sauguine
945 2451 1015 2495 non
1030 2428 1255 2511 comedendo,
1274 2450 1315 2495 eo
1332 2427 1444 2494 forma
1459 2449 1547 2516 quae
1563 2428 1599 2492 in

267 2536 398 2603 deserto
421 2541 507 2604 esset
527 2539 638 2623 magis
659 2540 867 2626 opportuna.
887 2539 962 2600 Non
980 2538 1054 2602 erat
1071 2534 1120 2600 ibi
1142 2534 1352 2624 periculum,
1368 2540 1405 2600 ut
1424 2535 1461 2599 in
1481 2533 1600 2600 eastris

266 2648 300 2709 et
311 2643 374 2709 sub
390 2643 495 2731 ipsius
506 2644 626 2731 Moysis
646 2643 753 2710 oculis
767 2664 839 2709 non
856 2641 922 2708 rite
940 2645 1147 2723 mactarent,
1166 2647 1239 2706 erat
1254 2645 1368 2706 autem
1383 2646 1421 2704 ut
1436 2637 1599 2705 cornibus

264 2749 300 2816 in
319 2772 404 2837 agro
418 2751 563 2838 repertis
578 2749 779 2816 animalium
794 2771 815 2815 a
828 2749 909 2814 feris
923 2747 1171 2838 discerptorum
1190 2769 1252 2836 pro
1267 2746 1343 2814 cibo
1360 2751 1552 2812 uterentur.

309 2879 341 2922 v.
360 2861 398 2923 31
425 2883 442 2916 o
469 2855 542 2923 Viri
557 2856 670 2922 sancti
683 2854 780 2923 eritis
794 2854 886 2919 criti
905 2882 934 2922 ».
954 2858 1140 2921 Consuetae
1156 2852 1325 2921 formulae
1340 2852 1447 2918 verba
1463 2852 1598 2918 confor-

265 2968 403 3028 mantur
421 2961 558 3029 divinae
576 2969 653 3047 19,6
670 2961 908 3052 promissioni:
925 2989 942 3023 ε(
960 2961 1053 3030 eritis
1068 2961 1153 3026 mitri
1170 2981 1254 3046 gens
1267 2964 1385 3026 sancta
1403 2986 1437 3034 u,
1453 2978 1598 3046 eamque

263 3069 301 3134 in
320 3068 522 3135 memoriam
537 3073 711 3136 revocant.
730 3070 819 3143 Quae
834 3089 938 3156 porro
955 3067 999 3133 ab
1017 3066 1178 3132 Hebraeis
1200 3066 1349 3152 exigitur
1371 3066 1408 3132 h.
1431 3064 1454 3130 l.
1476 3063 1601 3129 sancti-

264 3178 331 3254 taS,
349 3179 482 3241 constat
500 3174 738 3241 observatione
766 3171 1046 3262 praecedentium
1066 3181 1099 3239 et
1115 3172 1333 3260 sequentium
1358 3169 1600 3237 mandatorum

265 3279 463 3361 moralium,
481 3281 650 3370 imprimis
669 3281 846 3346 exteriore.
867 3307 882 3337 u
904 3280 1063 3362 Carnem,
1091 3300 1181 3368 quae
1198 3301 1220 3343 o
1235 3277 1351 3344 bestiis
1367 3275 1479 3364 fuerit
1496 3297 1599 3364 proe-

266 3396 420 3472 pustotu,
435 3409 506 3452 non
520 3385 718 3468 comedetis,
736 3384 797 3450 sed
804 3384 993 3475 proiicr'etis
1006 3383 1148 3450 canibus
1166 3411 1181 3445 »
1203 3385 1291 3470 (teu.
1315 3383 1423 3472 22,8).

522 3611 548 3660 b.
565 3611 682 3661 Novella
694 3611 728 3660 do
743 3611 849 3660 iustitia
863 3580 892 3660 in
908 3609 1018 3659 iudiciis
1030 3608 1168 3659 servanda
1181 3613 1232 3658 Ex.
1251 3607 1352 3668 rat-9.

310 3837 342 3879 v.
361 3818 415 3878 1-9
431 3833 521 3878 novo
535 3816 584 3878 est
599 3813 703 3878 series
725 3809 968 3877 mandatorum
988 3808 1125 3899 (Post),
1144 3831 1232 3899 quae
1247 3807 1436 3898 respiciunt
1455 3807 1599 3876 mandu-

264 3926 338 3987 tum
365 3919 407 3985 de
425 3940 495 3984 nou
518 3916 660 3986 ferendo
679 3915 766 3983 falso
781 3915 987 3984 testimonio.
1013 3919 1105 3982 Bene
1121 3917 1248 3983 Moser.
1265 3915 1359 3981 Sum.
1384 3919 1513 3982 testum
1529 3913 1598 3980 dis-

262 4027 428 4112 tinguunt
445 4030 520 4114 post
537 4047 569 4090 v.
591 4029 666 4106 3.9,
694 4023 782 4089 benc
802 4025 884 4089 item
909 4025 1036 4089 Moror.
1057 4026 1133 4111 post
1148 4045 1180 4087 v.
1204 4027 1236 4104 5,
1254 4022 1368 4088 minus
1384 4021 1472 4088 bene
1489 4020 1595 4087 iidem

264 4137 339 4220 post
350 4155 381 4198 v.
404 4138 436 4212 Is,
454 4153 532 4198 cum
551 4154 583 4197 v.
606 4139 691 4218 tsq.
710 4128 893 4220 separandi
909 4149 975 4194 non
997 4129 1075 4194 sint.
1094 4133 1179 4194 Dum
1194 4150 1227 4194 v.
1246 4134 1299 4194 1-3
1316 4132 1348 4218 et
1365 4133 1424 4194 u-8
1444 4131 1598 4194 constant

263 4238 438 4304 concinnis
450 4239 628 4304 sententiis
640 4235 822 4321 negativis,
841 4257 872 4301 r.
892 4241 911 4302 t
929 4256 979 4323 sq.
997 4239 1077 4300 sunt
1091 4232 1278 4300 sententiae
1294 4233 1461 4323 positivae
1480 4233 1598 4300 eondi-

265 4343 438 4410 tionatae:
459 4359 488 4408 τ)
503 4344 631 4433 quippe
648 4365 680 4410 v.
699 4347 718 4406 t
732 4363 784 4430 sq.
802 4363 1021 4430 nequaquam
1036 4360 1164 4407 novam
1181 4362 1199 4406 e
1218 4339 1504 4428 praecedentibus
1518 4360 1598 4405 con·

267 4449 455 4516 elusionem
470 4450 615 4515 orditur.
635 4471 668 4514 v.
689 4453 743 4515 1-8
759 4468 830 4513 non
853 4451 934 4513 sunt
954 4447 1049 4533 leges
1065 4445 1230 4512 adinstar
1247 4445 1595 4532 legum21,1-22,17,

266 4555 327 4622 sed
350 4560 430 4622 sunt
450 4555 556 4622 veluti
581 4553 766 4644 proverbia
791 4551 963 4643 quaedam
988 4574 1009 4618 a
1034 4552 1153 4641 priscis
1177 4551 1390 4639 sapientibus
1411 4549 1447 4617 in
1473 4573 1509 4618 re
1528 4571 1597 4618 non

268 4661 401 4729 ferendi
410 4661 486 4728 falsi
500 4660 686 4728 testimonii
696 4661 801 4728 edita.
818 4656 1028 4747 Quandoque
1038 4656 1158 4747 poesin
1170 4656 1308 4746 sapiunt
1318 4662 1351 4723 et
1365 4656 1597 4747 parellelismo

265 4767 448 4856 indulgent
470 4791 477 4836 ε
498 4791 530 4834 v.
549 4772 606 4835 it
622 4790 674 4856 sq.
692 4774 724 4834 8.
748 4770 831 4833 Cum
848 4788 879 4831 v.
901 4769 955 4831 1-3
974 4765 1090 4853 aliqua
1111 4763 1304 4830 habeantur
1319 4781 1407 4852 quae
1426 4763 1515 4830 solos
1532 4771 1597 4828 tes
