3534 5384
725 460 791 505 mv.
816 447 908 516 25,33
931 463 994 516 seo.
1468 446 1526 505 533

81 682 84 687 ¹
197 594 396 674 leoitomrm,
414 595 548 684 potoria
559 594 699 661 urbibus
717 607 813 679 utut,
834 617 965 684 semper
977 607 1125 684 possunt
1140 593 1264 660 redimi
1284 614 1320 668 »2
1339 617 1371 662 v.
1389 600 1431 660 33
1460 623 1476 656 «
1496 595 1527 661 si

194 701 388 790 redemptae
400 695 615 791 consuerint
628 728 643 760 »
656 753 663 782 ‚
678 739 724 750 -
736 701 894 789 negotio,
913 723 1016 791 quam
1031 723 1103 768 unu
1121 699 1228 767 hahet
1248 701 1364 790 Vulp„
1385 701 1526 769 omnino

195 806 393 891 retinenda;
414 828 510 874 secus
527 804 642 874 nullus
666 829 842 876 sensus-
865 835 881 868 o
898 807 936 874 iu
957 806 1106 875 iubilueo
1122 818 1334 874 revertentur
1348 807 1396 874 ud
1414 807 1527 876 domi-

195 936 258 981 nos
279 943 295 976 »
312 951 357 964 -
379 934 443 1003 pro
456 927 525 992 ,um
540 927 598 977 m:
622 913 715 1000 lege,
736 913 788 981 uti
806 936 840 981 v.
866 919 922 996 32,
943 927 992 982 tu
1008 927 1076 977 tun.
1097 912 1244 981 Additur
1262 913 1336 980 eius
1351 913 1527 1003 privilegii

201 1021 315 1088 ratio:
335 1048 351 1082 «
372 1019 457 1110 quia
480 1017 601 1086 domus
622 1020 757 1085 urbium
777 1019 959 1088 levitarum
974 1042 1040 1110 pro
1056 1019 1327 1110 possessionibus
1343 1032 1425 1086 suat
1437 1019 1528 1088 inter

194 1125 289 1216 filios
307 1125 415 1193 israel
437 1155 468 1192 ».
497 1153 513 1186 «
538 1129 621 1193 Cum
641 1125 752 1193 levitis
770 1126 859 1193 nulli
877 1131 986 1193 essent
1006 1126 1121 1210 fundi,
1140 1147 1194 1193 res
1210 1125 1329 1216 utique
1345 1127 1523 1216 poscebat,

196 1239 235 1302 ut
250 1233 396 1300 urbibus
409 1254 526 1301 eorum
541 1236 575 1300 et
588 1232 749 1299 domibus
768 1254 809 1300 ea
832 1233 999 1300 darentur
1011 1231 1211 1322 privilegia,
1228 1254 1317 1323 quae
1335 1232 1389 1299 lex
1404 1255 1526 1300 conee-

197 1339 249 1406 dit
263 1340 354 1427 agris
367 1339 580 1428 reliquorum
592 1338 848 1406 israelitarum»
871 1338 1025 1429 (detaut
1043 1362 1076 1406 v.
1088 1344 1131 1406 33
1150 1366 1166 1402 «
1186 1339 1393 1408 Subertano
1410 1352 1526 1407 autem

194 1469 313 1514 eorum
333 1473 368 1529 »,
389 1445 414 1512 i.
437 1469 466 1513 e.
493 1467 576 1532 ager
599 1467 718 1513 eorum
738 1444 883 1512 urbibus
903 1444 1099 1512 immediate
1119 1444 1320 1528 attributus,
1341 1473 1357 1507 «
1384 1469 1454 1513 aon
1475 1471 1527 1514 oe-

195 1565 301 1621 munt
316 1579 350 1636 s,
367 1574 439 1619 nou
453 1550 558 1642 plena
571 1551 771 1619 venditione
794 1552 986 1619 alienentur
999 1551 1050 1618 uti
1069 1550 1220 1618 aliorum
1237 1553 1274 1619 in
1288 1552 1435 1621 urbibus
1451 1575 1526 1622 mu-

199 1659 281 1727 ratis
296 1659 434 1742 domus,
454 1687 469 1719 o
485 1658 570 1747 quia
577 1657 744 1747 possessio
756 1656 966 1749 sempiterno
981 1671 1029 1725 est
1046 1686 1076 1725 u.

582 1865 616 1912 (2)
632 1864 704 1912 Quoad
714 1875 818 1915 pauperes
830 1864 941 1915 derepuu
954 1863 1005 1905 Iov.
1020 1863 1123 1913 253331.

238 2016 324 2103 Arq.
341 2051 386 2063 -
400 2013 573 2081 Hebraeus
585 2035 720 2103 pauper
737 2021 771 2082 et
789 2013 998 2104 decrepitus,
1015 2013 1155 2104 propria
1175 2012 1278 2080 domo
1291 2035 1411 2082 oureus
1429 2013 1525 2081 domi

196 2120 304 2189 amice
315 2119 536 2210 suscipiatur;
556 2119 747 2188 necessaria
761 2121 793 2188 ei
807 2120 938 2211 absque
950 2141 1055 2188 usuro
1067 2119 1311 2210 praebeantur.

193 2240 195 2243 ’
239 2250 272 2294 ν.
294 2233 339 2296 35
358 2253 375 2288 s
394 2227 436 2294 Si
456 2237 654 2294 attenuatos
674 2226 789 2316 fuerit
803 2229 917 2316 freter
940 2239 1020 2293 tuus
1038 2253 1053 2286 o
1076 2227 1130 2314 (of.
1147 2249 1180 2292 v,
1204 2225 1262 2314 25)
1279 2253 1294 2286 «
1317 2226 1524 2316 etinfirmas

198 2356 325 2418 muno,
351 2344 385 2400 et
410 2332 598 2423 susceperis
614 2356 693 2399 eum
717 2332 819 2423 qerosi
838 2333 1006 2402 aduenam
1030 2345 1062 2398 et
1082 2332 1325 2423 pereprinum,
1350 2346 1384 2400 et
1399 2332 1526 2401 vicerit

195 2452 304 2507 terum
323 2468 340 2502 >›
361 2477 406 2491 -
420 2461 542 2507 manus
556 2439 688 2522 tremit,
705 2439 786 2506 hine
800 2445 850 2508 est
862 2439 908 2507 ad
921 2438 1063 2526 gravius
1084 2460 1170 2529 opus
1181 2439 1333 2522 inutilis,
1355 2443 1522 2530 ἀδυνατήσῃ

196 2547 329 2636 (LXX);
345 2547 422 2614 voci
438 2545 531 2614 illico
546 2544 679 2636 (Hebr.)
699 2545 904 2613 adscribitur
927 2559 1053 2630 tecum,
1071 2568 1140 2635 quo
1160 2544 1270 2613 diseat
1287 2547 1431 2636 quisque
1443 2547 1524 2616 suh·

196 2651 404 2720 veniendum
415 2653 481 2720 sihi
499 2674 569 2720 esse
583 2653 731 2719 infirmis
746 2652 830 2737 iliis,
848 2653 909 2742 qui
925 2674 1033 2741 prope
1047 2651 1160 2740 ipsum
1174 2653 1395 2742 reperiantur
1409 2653 1521 2743 (Kn.).

192 2758 402 2828 constructio
418 2774 516 2824 :uum
532 2774 566 2825 u
580 2763 631 2825 est
641 2757 790 2847 abrupte
806 2779 814 2826 ε
832 2756 956 2823 merito
968 2758 1061 2824 LXX
1072 2755 1171 2844 Vulp.
1189 2757 1400 2846 supplevisse
1409 2760 1521 2848 quusi,

191 2866 258 2933 nisi
273 2867 361 2933 torte
381 2887 421 2932 ea
437 2886 502 2930 vox
515 2863 675 2954 primitus
694 2864 818 2930 eratin
834 2867 944 2946 textu,
965 2862 1067 2929 docet
1081 2862 1226 2930 collatus
1237 2885 1269 2931 v.
1285 2867 1339 2948 30,
1356 2865 1416 2954 qui
1430 2864 1524 2934 idem

196 2971 299 3037 etiam
307 2968 694 3058 evincitimmeritoSyr.
702 2968 919 3059 adscripsisse
928 2968 1149 3056 negotionem
1157 2967 1412 3060 (nonsusoipies
1423 2971 1520 3061 eto.);

195 3076 245 3144 ih.
263 3075 427 3143 doeemur
439 3081 587 3164 utroque
606 3075 682 3142 loco
704 3074 816 3166 premi
835 3073 1020 3143 discrimen
1040 3075 1132 3142 inter
1156 3097 1291 3142 servum
1313 3081 1346 3143 et
1364 3076 1455 3144 inter
1468 3077 1522 3144 iu-

196 3182 366 3273 quiliaum
383 3203 441 3249 seu
459 3180 639 3249 aduenam.
659 3182 725 3249 Sed
744 3181 826 3248 hinc
844 3181 929 3249 item
952 3186 1046 3271 patet
1068 3181 1182 3272 aptius
1201 3184 1294 3250 LXX
1307 3182 1418 3250 ordiri
1439 3205 1522 3274 opo-

196 3289 297 3357 dosin
315 3288 359 3356 ab
383 3289 491 3357 altero
518 3310 636 3356 versus
651 3295 751 3379 parte
771 3307 779 3355 :
804 3288 846 3355 Si
864 3299 1065 3356 attenuatus
1084 3299 1161 3370 ete,
1180 3287 1341 3378 suscipies
1361 3313 1437 3356 eum
1451 3312 1522 3358 non

194 3401 230 3463 ut
244 3416 396 3479 servum,
422 3395 481 3462 sed
505 3407 544 3461 ut
564 3393 733 3462 advenum
754 3405 786 3461 et
802 3393 1032 3485 inquilieum,
1054 3407 1088 3461 et
1101 3394 1191 3462 uiuet
1214 3405 1325 3462 tecum
1344 3400 1520 3486 tamquam

192 3500 361 3592 aequetis,
386 3523 457 3568 non
472 3508 649 3593 tamquam
676 3500 830 3570 inferior.
853 3523 886 3568 v.
914 3507 957 3568 36
982 3530 998 3563 «
1024 3501 1075 3569 Ne
1093 3495 1250 3591 occipias
1264 3525 1386 3570 usums
1403 3505 1445 3570 ab
1462 3525 1519 3584 eo,

191 3607 525 3699 ncoumpliusquom
536 3606 663 3675 dedisti
678 3635 708 3674 u.
723 3607 772 3675 uf.
787 3611 844 3676 Ex.
858 3613 961 3690 2225
978 3606 1173 3698 (imment.
1191 3614 1294 3692 2:3‚19
1304 3631 1354 3698 sq.
1370 3609 1518 3699 (hosq.);

191 3719 242 3782 Ps.
263 3719 303 3782 13
319 3716 406 3804 (15),
427 3722 462 3795 5;
484 3719 582 3783 Prov.
604 3719 699 3798 28,8;
717 3719 771 3780 En.
791 3720 881 3796 18,8·.
901 3719 942 3780 13
962 3735 1063 3803 sqq.;
1086 3719 1200 3796 uum.
1224 3717 1325 3782 Docet
1339 3738 1372 3782 v.
1395 3723 1437 3783 37
1453 3728 1519 3805 ‘tur

190 3842 260 3888 esse
274 3842 413 3888 usurum
433 3827 605 3911 sumptam
624 3843 687 3911 pro
706 3825 872 3908 argento,
893 3834 994 3885 mum
1009 3819 1065 3886 vel
1079 3834 1183 3886 uuus
1199 3819 1258 3910 (ef.
1278 3819 1398 3888 could.
1423 3816 1519 3910 Syr.)

190 3947 260 3994 esse
274 3948 414 3994 usuram
437 3928 631 4017 impositam
647 3926 739 4007 cibo,
756 3949 789 3992 ν.
811 3948 847 4014 g.
864 3927 892 3992 si
912 3927 989 4016 quis
1002 3927 1197 4017 paciscatur
1215 3947 1279 4018 pro
1301 3927 1384 4017 ephi
1397 3927 1520 3994 hordei

191 4031 258 4099 sihi
272 4033 345 4100 iore
362 4032 578 4102 reddendum
594 4033 676 4124 ephi
695 4054 773 4100 oum
798 4031 959 4099 dimidio.
994 4061 1010 4093 (ι
1034 4032 1128 4099 Time
1152 4035 1261 4099 Deum
1284 4045 1398 4120 tuum,
1415 4046 1454 4100 ut
1468 4034 1519 4101 oi-

192 4161 267 4206 vere
290 4138 421 4231 [possit]
444 4140 554 4230 frater
576 4151 654 4206 treus
676 4138 773 4230 opud
795 4152 827 4205 te
850 4167 881 4204 ».
905 4139 1007 4206 Hebe.
1029 4139 1080 4206 uti
1097 4160 1131 4207 v.
1149 4145 1191 4206 35
1208 4159 1216 4206 :
1234 4150 1267 4206 et
1283 4137 1376 4208 vivut
1393 4153 1517 4208 tecum.

189 4268 220 4311 v.
240 4253 282 4313 37
300 4275 316 4308 r
345 4245 531 4315 Pecuniam
558 4247 654 4314 tuom
672 4268 742 4312 noa
770 4244 865 4312 dubis
893 4245 926 4312 ei
948 4244 997 4312 ud
1015 4267 1170 4329 murum,
1189 4258 1221 4312 et
1233 4246 1380 4336 [ruptim
1400 4269 1519 4338 super-

191 4349 439 4420 abundantium
466 4375 536 4420 noo
556 4353 673 4443 epipes
699 4380 729 4419 u.
754 4351 857 4418 Hebe.
882 4374 896 4418 .·
923 4364 956 4418 et
977 4351 1091 4418 cibum
1112 4352 1184 4418 eius
1207 4373 1277 4419 uon
1300 4351 1398 4421 dubis
1419 4355 1452 4420 ei
1472 4354 1521 4422 od

188 4458 300 4545 senus.

702 4594 736 4642 (o)
753 4593 851 4632 mamm
866 4593 917 4632 mv.
929 4595 997 4642 rese.

232 4764 265 4809 v.
284 4749 327 4810 38
344 4770 360 4804 n
385 4745 462 4833 Epo
486 4742 653 4809 Dominus
676 4745 764 4809 Deus
780 4754 896 4828 uester,
917 4741 980 4830 qui
994 4741 1098 4808 edocui
1112 4764 1169 4808 oos
1184 4741 1225 4810 de
1241 4754 1331 4809 terro
1346 4743 1514 4833 Aepppti,

190 4859 229 4914 ut
252 4847 370 4916 dorem
384 4848 477 4917 robis
491 4862 617 4916 terram
638 4847 804 4918 Chouoau
828 4861 860 4914 et
879 4870 983 4916 essem
997 4860 1105 4915 vester
1117 4851 1218 4916 Deus.
1238 4875 1268 4916 ».
